[
  {
    "id": "91236895",
    "title": "PEDIGREE Hondensnacks 20 stuks",
    "category": "Speciaal assortiment",
    "price": 3,
    "promoPrice": 3,
    "price_per_unit": null,
    "unit": null,
    "image": "https://s7g10.scene7.com/is/image/aldinord/91236895_wk42",
    "beschikbaar": true,
    "promoEnd": "2025-10-12",
    "link": "https://www.aldi.nl/hondensnacks-91236895.html"
  },
  {
    "id": "91236774",
    "title": "LILLY & DAN 2-pack rompers of broekjes 2-pack",
    "category": "Speciaal assortiment",
    "price": 3.99,
    "promoPrice": 3.99,
    "price_per_unit": null,
    "unit": null,
    "image": "https://s7g10.scene7.com/is/image/aldinord/91236774_wk42",
    "beschikbaar": true,
    "promoEnd": "2025-10-19",
    "link": "https://www.aldi.nl/2-pack-rompers-of-broekjes-91236774.html"
  },
  {
    "id": "91236716",
    "title": "MOKATA Proteïneshake of -cappuccino 40-54 g",
    "category": "Speciaal assortiment",
    "price": 0.79,
    "promoPrice": 0.79,
    "price_per_unit": null,
    "unit": null,
    "image": "https://s7g10.scene7.com/is/image/aldinord/91236716_wk41",
    "beschikbaar": true,
    "promoEnd": "2025-10-12",
    "link": "https://www.aldi.nl/proteneshake-of-cappuccino-91236716.html"
  },
  {
    "id": "91236697",
    "title": "DE CHOCOLADEFABRIEK Pindarotsjes of fudgeblokjes 140 g",
    "category": "Speciaal assortiment",
    "price": 2.49,
    "promoPrice": 2.49,
    "price_per_unit": null,
    "unit": null,
    "image": "https://s7g10.scene7.com/is/image/aldinord/91236697_wk41",
    "beschikbaar": true,
    "promoEnd": "2025-10-12",
    "link": "https://www.aldi.nl/pindarotsjes-of-fudgeblokjes-91236697.html"
  },
  {
    "id": "91236500",
    "title": "UNOX Rookworst pittig of kip 275 g",
    "category": "Vlees, vis, vega",
    "price": 2.99,
    "promoPrice": 2.99,
    "price_per_unit": null,
    "unit": null,
    "image": "https://s7g10.scene7.com/is/image/aldinord/91236500_wk41",
    "beschikbaar": true,
    "promoEnd": "2025-10-12",
    "link": "https://www.aldi.nl/rookworst-pittig-of-kip-91236500.html"
  },
  {
    "id": "91236476",
    "title": "UNOX Soep 800 ml",
    "category": "Speciaal assortiment",
    "price": 2.49,
    "promoPrice": 2.49,
    "price_per_unit": null,
    "unit": null,
    "image": "https://s7g10.scene7.com/is/image/aldinord/91236476_wk41",
    "beschikbaar": true,
    "promoEnd": "2025-10-12",
    "link": "https://www.aldi.nl/soep-91236476.html"
  },
  {
    "id": "91235994",
    "title": "Halloweendonuts of -muffins 150-240 g",
    "category": "Huis, tuin en seizoen",
    "price": 1.99,
    "promoPrice": 1.99,
    "price_per_unit": null,
    "unit": null,
    "image": "https://s7g10.scene7.com/is/image/aldinord/91235994_wk42",
    "beschikbaar": true,
    "promoEnd": "2025-10-12",
    "link": "https://www.aldi.nl/halloweendonuts-of-muffins-91235994.html"
  },
  {
    "id": "91235964",
    "title": "BALCONI Wafel cubi 125 g",
    "category": "Speciaal assortiment",
    "price": 0.99,
    "promoPrice": 0.99,
    "price_per_unit": null,
    "unit": null,
    "image": "https://s7g10.scene7.com/is/image/aldinord/91235964_wk42",
    "beschikbaar": true,
    "promoEnd": "2025-10-12",
    "link": "https://www.aldi.nl/wafel-cubi-91235964.html"
  },
  {
    "id": "91235923",
    "title": "CARBONELL Olijfolie 1 l",
    "category": "Speciaal assortiment",
    "price": 9.99,
    "promoPrice": 9.99,
    "price_per_unit": null,
    "unit": null,
    "image": "https://s7g10.scene7.com/is/image/aldinord/91235923_wk42",
    "beschikbaar": true,
    "promoEnd": "2025-10-12",
    "link": "https://www.aldi.nl/olijfolie-91235923.html"
  },
  {
    "id": "91235895",
    "title": "AJAX Allesreiniger 1 l",
    "category": "Speciaal assortiment",
    "price": 1.59,
    "promoPrice": 1.59,
    "price_per_unit": null,
    "unit": null,
    "image": "https://s7g10.scene7.com/is/image/aldinord/91235895_wk42",
    "beschikbaar": true,
    "promoEnd": "2025-10-12",
    "link": "https://www.aldi.nl/allesreiniger-91235895.html"
  },
  {
    "id": "91235683",
    "title": "GO-TAN Gehakte knoflook, gember of citroengras 100 g",
    "category": "Vlees, vis, vega",
    "price": 1.19,
    "promoPrice": 1.19,
    "price_per_unit": null,
    "unit": null,
    "image": "https://s7g10.scene7.com/is/image/aldinord/91235683_wk42",
    "beschikbaar": true,
    "promoEnd": "2025-10-19",
    "link": "https://www.aldi.nl/gehakte-knoflook-gember-of-citroengras-91235683.html"
  },
  {
    "id": "91235620",
    "title": "OMG Bubble thee 0.27 l",
    "category": "Koffie, thee",
    "price": 2.49,
    "promoPrice": 2.49,
    "price_per_unit": null,
    "unit": null,
    "image": "https://s7g10.scene7.com/is/image/aldinord/91235620_wk42",
    "beschikbaar": true,
    "promoEnd": "2025-10-12",
    "link": "https://www.aldi.nl/bubble-thee-91235620.html"
  },
  {
    "id": "91235382",
    "title": "Prime hydration drink 0.5 l",
    "category": "Speciaal assortiment",
    "price": 1.99,
    "promoPrice": 1.99,
    "price_per_unit": null,
    "unit": null,
    "image": "https://s7g10.scene7.com/is/image/aldinord/91235382_wk41",
    "beschikbaar": true,
    "promoEnd": "2025-10-12",
    "link": "https://www.aldi.nl/prime-hydration-drink-91235382.html"
  },
  {
    "id": "91235368",
    "title": "RIVER Ice tea 1.5 l",
    "category": "Speciaal assortiment",
    "price": 1.39,
    "promoPrice": 1.39,
    "price_per_unit": null,
    "unit": null,
    "image": "https://s7g10.scene7.com/is/image/aldinord/91235368_wk42",
    "beschikbaar": true,
    "promoEnd": "2025-10-12",
    "link": "https://www.aldi.nl/ice-tea-91235368.html"
  },
  {
    "id": "91235342",
    "title": "NOVITESSE Hoeslaken renforcé Per stuk",
    "category": "Speciaal assortiment",
    "price": 6.99,
    "promoPrice": 6.99,
    "price_per_unit": null,
    "unit": null,
    "image": "https://s7g10.scene7.com/is/image/aldinord/91235342_wk41",
    "beschikbaar": true,
    "promoEnd": "2025-10-12",
    "link": "https://www.aldi.nl/hoeslaken-renforc-91235342.html"
  },
  {
    "id": "91235318",
    "title": "MAGIC TIME Macaroni & cheese 205 g",
    "category": "Speciaal assortiment",
    "price": 1.99,
    "promoPrice": 1.99,
    "price_per_unit": null,
    "unit": null,
    "image": "https://s7g10.scene7.com/is/image/aldinord/91235318_wk41",
    "beschikbaar": true,
    "promoEnd": "2025-10-12",
    "link": "https://www.aldi.nl/macaroni-cheese-91235318.html"
  },
  {
    "id": "91235263",
    "title": "FA Douchegel en deodorant 150-250 ml",
    "category": "Baby, verzorging",
    "price": 4,
    "promoPrice": 4,
    "price_per_unit": null,
    "unit": null,
    "image": "https://s7g10.scene7.com/is/image/aldinord/91235263_wk42",
    "beschikbaar": true,
    "promoEnd": "2025-10-12",
    "link": "https://www.aldi.nl/douchegel-en-deodorant-91235263.html"
  },
  {
    "id": "91235237",
    "title": "EHRMANN High protein yoghurt 200 g",
    "category": "Zuivel, eieren",
    "price": 0.99,
    "promoPrice": 0.99,
    "price_per_unit": null,
    "unit": null,
    "image": "https://s7g10.scene7.com/is/image/aldinord/91235237_wk41",
    "beschikbaar": true,
    "promoEnd": "2025-10-12",
    "link": "https://www.aldi.nl/high-protein-yoghurt-91235237.html"
  },
  {
    "id": "91235230",
    "title": "RIO D'ORO Verse smoothie 250 ml",
    "category": "Frisdrank, sappen",
    "price": 1.19,
    "promoPrice": 1.19,
    "price_per_unit": null,
    "unit": null,
    "image": "https://s7g10.scene7.com/is/image/aldinord/91235230_wk42",
    "beschikbaar": true,
    "promoEnd": "2025-10-12",
    "link": "https://www.aldi.nl/verse-smoothie-91235230.html"
  },
  {
    "id": "91235171",
    "title": "Gehaktschnitzels Inhoud: 2 stuks, 200 g",
    "category": "Vlees, vis, vega",
    "price": 1.49,
    "promoPrice": 1.49,
    "price_per_unit": null,
    "unit": null,
    "image": "https://s7g10.scene7.com/is/image/aldinord/91235171_wk41",
    "beschikbaar": true,
    "promoEnd": "2025-10-12",
    "link": "https://www.aldi.nl/gehaktschnitzels-91235171.html"
  },
  {
    "id": "91234706",
    "title": "RIVER Vitamindrink 1 l",
    "category": "Speciaal assortiment",
    "price": null,
    "promoPrice": null,
    "price_per_unit": null,
    "unit": null,
    "image": "https://s7g10.scene7.com/is/image/aldinord/91234706_wk39",
    "beschikbaar": true,
    "promoEnd": null,
    "link": "https://www.aldi.nl/vitamindrink-91234706.html"
  },
  {
    "id": "91233504",
    "title": "EAT NATURAL Fruit & nut bars Inhoud: 3 stuks, 120 g",
    "category": "Speciaal assortiment",
    "price": 2.49,
    "promoPrice": 2.49,
    "price_per_unit": null,
    "unit": null,
    "image": "https://s7g10.scene7.com/is/image/aldinord/91233504_wk42",
    "beschikbaar": true,
    "promoEnd": "2025-10-12",
    "link": "https://www.aldi.nl/fruit-nut-bars-91233504.html"
  },
  {
    "id": "91233494",
    "title": "FLEURIL Wasmiddel 54 wasbeurten",
    "category": "Huishouden",
    "price": 8.49,
    "promoPrice": 8.49,
    "price_per_unit": null,
    "unit": null,
    "image": "https://s7g10.scene7.com/is/image/aldinord/91233494_wk41",
    "beschikbaar": true,
    "promoEnd": "2025-10-12",
    "link": "https://www.aldi.nl/wasmiddel-91233494.html"
  },
  {
    "id": "91233014",
    "title": "CHIO Chips 100-115 g",
    "category": "Snoep, koek, chips",
    "price": 3,
    "promoPrice": 3,
    "price_per_unit": null,
    "unit": null,
    "image": "https://s7g10.scene7.com/is/image/aldinord/91233014_wk42",
    "beschikbaar": true,
    "promoEnd": "2025-10-12",
    "link": "https://www.aldi.nl/chips-91233014.html"
  },
  {
    "id": "91233007",
    "title": "TOPKING Vlampanini of -tosti's Per stuk/2-pack",
    "category": "Speciaal assortiment",
    "price": 2.49,
    "promoPrice": 2.49,
    "price_per_unit": null,
    "unit": null,
    "image": "https://s7g10.scene7.com/is/image/aldinord/91233007_wk41",
    "beschikbaar": true,
    "promoEnd": "2025-10-12",
    "link": "https://www.aldi.nl/vlampanini-of-tostis-91233007.html"
  },
  {
    "id": "91232764",
    "title": "L'OR Koffiecups 20 cups",
    "category": "Koffie, thee",
    "price": 6.19,
    "promoPrice": 6.19,
    "price_per_unit": null,
    "unit": null,
    "image": "https://s7g10.scene7.com/is/image/aldinord/variant_1233013_1_main_cms_1_nl_nl_paprikachips_cw01_2024",
    "beschikbaar": true,
    "promoEnd": "2025-10-12",
    "link": "https://www.aldi.nl/koffiecups-91232764.html"
  },
  {
    "id": "91232653",
    "title": "NOVITESSE Dekbedovertrek Per set",
    "category": "Speciaal assortiment",
    "price": 14.99,
    "promoPrice": 14.99,
    "price_per_unit": null,
    "unit": null,
    "image": "https://s7g10.scene7.com/is/image/aldinord/91232653_wk41",
    "beschikbaar": true,
    "promoEnd": "2025-10-12",
    "link": "https://www.aldi.nl/dekbedovertrek-91232653.html"
  },
  {
    "id": "91231788",
    "title": "OLDTIMERS Drop 235 g",
    "category": "Speciaal assortiment",
    "price": 1.99,
    "promoPrice": 1.99,
    "price_per_unit": null,
    "unit": null,
    "image": "https://s7g10.scene7.com/is/image/aldinord/91231788_wk42",
    "beschikbaar": true,
    "promoEnd": "2025-10-12",
    "link": "https://www.aldi.nl/drop-91231788.html"
  },
  {
    "id": "91231303",
    "title": "KüHNE Mosterd 250 ml",
    "category": "Speciaal assortiment",
    "price": 1.49,
    "promoPrice": 1.49,
    "price_per_unit": null,
    "unit": null,
    "image": "https://s7g10.scene7.com/is/image/aldinord/91231303_wk41",
    "beschikbaar": true,
    "promoEnd": "2025-10-12",
    "link": "https://www.aldi.nl/mosterd-91231303.html"
  },
  {
    "id": "91230905",
    "title": "FAST FRUIT Diepvriesfruit 300 g",
    "category": "Speciaal assortiment",
    "price": 1.99,
    "promoPrice": 1.99,
    "price_per_unit": null,
    "unit": null,
    "image": "https://s7g10.scene7.com/is/image/aldinord/91230905_wk41",
    "beschikbaar": true,
    "promoEnd": "2025-10-12",
    "link": "https://www.aldi.nl/diepvriesfruit-91230905.html"
  },
  {
    "id": "91230441",
    "title": "KLEENEX Tissues en zakdoekjes 64-72 stuks/8-pack",
    "category": "Huishouden",
    "price": 2,
    "promoPrice": 2,
    "price_per_unit": null,
    "unit": null,
    "image": "https://s7g10.scene7.com/is/image/aldinord/91230441_wk41",
    "beschikbaar": true,
    "promoEnd": "2025-10-12",
    "link": "https://www.aldi.nl/tissues-en-zakdoekjes-91230441.html"
  },
  {
    "id": "91230032",
    "title": "VITALIS Keelspray of -pastilles Per stuk",
    "category": "Speciaal assortiment",
    "price": 2.49,
    "promoPrice": 2.49,
    "price_per_unit": null,
    "unit": null,
    "image": "https://s7g10.scene7.com/is/image/aldinord/91230032_wk42",
    "beschikbaar": true,
    "promoEnd": "2025-10-12",
    "link": "https://www.aldi.nl/keelspray-of-pastilles-91230032.html"
  },
  {
    "id": "91229288",
    "title": "12-pack Coca-Cola 12x15 cl",
    "category": "Frisdrank, sappen",
    "price": 5.99,
    "promoPrice": 5.99,
    "price_per_unit": null,
    "unit": null,
    "image": "https://s7g10.scene7.com/is/image/aldinord/91229288_wk41",
    "beschikbaar": true,
    "promoEnd": "2025-10-12",
    "link": "https://www.aldi.nl/12-pack-coca-cola-91229288.html"
  },
  {
    "id": "91228325",
    "title": "Calluna Vulgaris of 6-pack Calluna Per stuk/6-pack",
    "category": "Speciaal assortiment",
    "price": 1.29,
    "promoPrice": 1.29,
    "price_per_unit": null,
    "unit": null,
    "image": "https://s7g10.scene7.com/is/image/aldinord/91228325_wk41",
    "beschikbaar": true,
    "promoEnd": "2025-10-12",
    "link": "https://www.aldi.nl/calluna-vulgaris-of-6-pack-calluna-91228325.html"
  },
  {
    "id": "91227587",
    "title": "SANEX Douchegel 600 ml",
    "category": "Speciaal assortiment",
    "price": 3.49,
    "promoPrice": 3.49,
    "price_per_unit": null,
    "unit": null,
    "image": "https://s7g10.scene7.com/is/image/aldinord/91227587_wk41",
    "beschikbaar": true,
    "promoEnd": "2025-10-12",
    "link": "https://www.aldi.nl/douchegel-91227587.html"
  },
  {
    "id": "91225737",
    "title": "MILSANI Optifit drinkyoghurt 1 l",
    "category": "Zuivel, eieren",
    "price": 0.99,
    "promoPrice": 0.99,
    "price_per_unit": null,
    "unit": null,
    "image": "https://s7g10.scene7.com/is/image/aldinord/91225737_wk41",
    "beschikbaar": true,
    "promoEnd": "2025-10-12",
    "link": "https://www.aldi.nl/optifit-drinkyoghurt-91225737.html"
  },
  {
    "id": "91225717",
    "title": "HONIG Mix 45-87 g",
    "category": "Maaltijden, salades",
    "price": 0.99,
    "promoPrice": 0.99,
    "price_per_unit": null,
    "unit": null,
    "image": "https://s7g10.scene7.com/is/image/aldinord/91225717_wk42",
    "beschikbaar": true,
    "promoEnd": "2025-10-12",
    "link": "https://www.aldi.nl/mix-91225717.html"
  },
  {
    "id": "91225542",
    "title": "Mochi 6x35 g",
    "category": "Snoep, koek, chips",
    "price": 3.99,
    "promoPrice": 3.99,
    "price_per_unit": null,
    "unit": null,
    "image": "https://s7g10.scene7.com/is/image/aldinord/91225542_wk42",
    "beschikbaar": true,
    "promoEnd": "2025-10-12",
    "link": "https://www.aldi.nl/mochi-91225542.html"
  },
  {
    "id": "91225426",
    "title": "UNICURA Handzeep 250 ml",
    "category": "Speciaal assortiment",
    "price": 3,
    "promoPrice": 3,
    "price_per_unit": null,
    "unit": null,
    "image": "https://s7g10.scene7.com/is/image/aldinord/91225426_wk41",
    "beschikbaar": true,
    "promoEnd": "2025-10-12",
    "link": "https://www.aldi.nl/handzeep-91225426.html"
  },
  {
    "id": "91225392",
    "title": "CHOCEUR Chocolade 200 g",
    "category": "Frisdrank, sappen",
    "price": 2.79,
    "promoPrice": 2.49,
    "price_per_unit": null,
    "unit": null,
    "image": "https://s7g10.scene7.com/is/image/aldinord/91225392_wk42",
    "beschikbaar": true,
    "promoEnd": "2025-10-19",
    "link": "https://www.aldi.nl/chocolade-91225392.html"
  },
  {
    "id": "91225381",
    "title": "CHOCEUR Chocolade 200 g",
    "category": "Frisdrank, sappen",
    "price": 2.49,
    "promoPrice": 2.29,
    "price_per_unit": null,
    "unit": null,
    "image": "https://s7g10.scene7.com/is/image/aldinord/91225381_wk42",
    "beschikbaar": true,
    "promoEnd": "2025-10-19",
    "link": "https://www.aldi.nl/chocolade-91225381.html"
  },
  {
    "id": "91225372",
    "title": "CHOCEUR Chocolade 200 g",
    "category": "Frisdrank, sappen",
    "price": 2.49,
    "promoPrice": 2.29,
    "price_per_unit": null,
    "unit": null,
    "image": "https://s7g10.scene7.com/is/image/aldinord/91225372_wk42",
    "beschikbaar": true,
    "promoEnd": "2025-10-19",
    "link": "https://www.aldi.nl/chocolade-91225372.html"
  },
  {
    "id": "91225319",
    "title": "CHOCEUR Chocolade 200 g",
    "category": "Frisdrank, sappen",
    "price": 2.59,
    "promoPrice": 2.39,
    "price_per_unit": null,
    "unit": null,
    "image": "https://s7g10.scene7.com/is/image/aldinord/91225319_wk42",
    "beschikbaar": true,
    "promoEnd": "2025-10-19",
    "link": "https://www.aldi.nl/chocolade-91225319.html"
  },
  {
    "id": "91225306",
    "title": "MILSANI Volle of halfvolle melk 1 l",
    "category": "Zuivel, eieren",
    "price": 1.19,
    "promoPrice": 0.79,
    "price_per_unit": null,
    "unit": null,
    "image": "https://s7g10.scene7.com/is/image/aldinord/91225306_wk42",
    "beschikbaar": true,
    "promoEnd": "2025-10-19",
    "link": "https://www.aldi.nl/volle-of-halfvolle-melk-91225306.html"
  },
  {
    "id": "91225162",
    "title": "VENCO Drop 215-225 g",
    "category": "Speciaal assortiment",
    "price": 1.99,
    "promoPrice": 1.99,
    "price_per_unit": null,
    "unit": null,
    "image": "https://s7g10.scene7.com/is/image/aldinord/91225162_wk42",
    "beschikbaar": true,
    "promoEnd": "2025-10-12",
    "link": "https://www.aldi.nl/drop-91225162.html"
  },
  {
    "id": "91224664",
    "title": "HOME CREATION Teddy bankhoes Per stuk",
    "category": "Speciaal assortiment",
    "price": 12.99,
    "promoPrice": 12.99,
    "price_per_unit": null,
    "unit": null,
    "image": "https://s7g10.scene7.com/is/image/aldinord/91224664_wk42",
    "beschikbaar": true,
    "promoEnd": "2025-10-19",
    "link": "https://www.aldi.nl/teddy-bankhoes-91224664.html"
  },
  {
    "id": "91224478",
    "title": "BARISSIMO Koffiepads classic of dark roast 56 pads",
    "category": "Koffie, thee",
    "price": 4.69,
    "promoPrice": 4.69,
    "price_per_unit": null,
    "unit": null,
    "image": "https://s7g10.scene7.com/is/image/aldinord/91224478_wk41",
    "beschikbaar": true,
    "promoEnd": "2025-10-12",
    "link": "https://www.aldi.nl/koffiepads-classic-of-dark-roast-91224478.html"
  },
  {
    "id": "91224421",
    "title": "BALCONI MixMax chocolade 10x32-35 g",
    "category": "Frisdrank, sappen",
    "price": 2.39,
    "promoPrice": 2.39,
    "price_per_unit": 68.29,
    "unit": "KG",
    "image": "https://s7g10.scene7.com/is/image/aldinord/91224421_wk41",
    "beschikbaar": true,
    "promoEnd": "2025-10-12",
    "link": "https://www.aldi.nl/mixmax-chocolade-91224421.html"
  },
  {
    "id": "91223823",
    "title": "Kipsaté- of pikante kipkerriesalade 250 g",
    "category": "Vlees, vis, vega",
    "price": null,
    "promoPrice": null,
    "price_per_unit": null,
    "unit": null,
    "image": "https://s7g10.scene7.com/is/image/aldinord/91223823_wk40",
    "beschikbaar": true,
    "promoEnd": null,
    "link": "https://www.aldi.nl/kipsat-of-pikante-kipkerriesalade-91223823.html"
  },
  {
    "id": "91223754",
    "title": "LU 3-pack Tuc 3x100 g",
    "category": "Speciaal assortiment",
    "price": 2.09,
    "promoPrice": 2.09,
    "price_per_unit": null,
    "unit": null,
    "image": "https://s7g10.scene7.com/is/image/aldinord/91223754_wk41",
    "beschikbaar": true,
    "promoEnd": "2025-10-12",
    "link": "https://www.aldi.nl/3-pack-tuc-91223754.html"
  },
  {
    "id": "91223724",
    "title": "Breezer 275 ml",
    "category": "Speciaal assortiment",
    "price": 1.79,
    "promoPrice": 1.79,
    "price_per_unit": null,
    "unit": null,
    "image": "https://s7g10.scene7.com/is/image/aldinord/91223724_wk42",
    "beschikbaar": true,
    "promoEnd": "2025-10-12",
    "link": "https://www.aldi.nl/breezer-91223724.html"
  },
  {
    "id": "91221546",
    "title": "BACARDI Mixdrink 0.25 l",
    "category": "Speciaal assortiment",
    "price": 1.69,
    "promoPrice": 1.69,
    "price_per_unit": null,
    "unit": null,
    "image": "https://s7g10.scene7.com/is/image/aldinord/91221546_wk41",
    "beschikbaar": true,
    "promoEnd": "2025-10-12",
    "link": "https://www.aldi.nl/mixdrink-91221546.html"
  },
  {
    "id": "91220054",
    "title": "HOFSTEE DE DRIE EIKEN Kip in saus 800-820 g",
    "category": "Vlees, vis, vega",
    "price": 3.99,
    "promoPrice": 3.99,
    "price_per_unit": null,
    "unit": null,
    "image": "https://s7g10.scene7.com/is/image/aldinord/91220054_wk42",
    "beschikbaar": true,
    "promoEnd": "2025-10-19",
    "link": "https://www.aldi.nl/kip-in-saus-91220054.html"
  },
  {
    "id": "91219576",
    "title": "Gebraden gehakt 150 g",
    "category": "Vlees, vis, vega",
    "price": 1.89,
    "promoPrice": 1.89,
    "price_per_unit": null,
    "unit": null,
    "image": "https://s7g10.scene7.com/is/image/aldinord/91219576_wk42",
    "beschikbaar": true,
    "promoEnd": "2025-10-12",
    "link": "https://www.aldi.nl/gebraden-gehakt-91219576.html"
  },
  {
    "id": "91218402",
    "title": "MAGGI Jus 18-29 g",
    "category": "Speciaal assortiment",
    "price": 1,
    "promoPrice": 1,
    "price_per_unit": null,
    "unit": null,
    "image": "https://s7g10.scene7.com/is/image/aldinord/91218402_wk41",
    "beschikbaar": true,
    "promoEnd": "2025-10-12",
    "link": "https://www.aldi.nl/jus-91218402.html"
  },
  {
    "id": "91217496",
    "title": "GOURMET Truffel-, hazelnoot- of Ardenner paté 150 g",
    "category": "Speciaal assortiment",
    "price": 1.49,
    "promoPrice": 1.49,
    "price_per_unit": null,
    "unit": null,
    "image": "https://s7g10.scene7.com/is/image/aldinord/91217496_wk41",
    "beschikbaar": true,
    "promoEnd": "2025-10-12",
    "link": "https://www.aldi.nl/truffel-hazelnoot-of-ardenner-pat-91217496.html"
  },
  {
    "id": "91217028",
    "title": "HERO B'tween repen 6 stuks",
    "category": "Speciaal assortiment",
    "price": 1.59,
    "promoPrice": 1.59,
    "price_per_unit": null,
    "unit": null,
    "image": "https://s7g10.scene7.com/is/image/aldinord/91217028_wk42",
    "beschikbaar": true,
    "promoEnd": "2025-10-12",
    "link": "https://www.aldi.nl/btween-repen-91217028.html"
  },
  {
    "id": "91216856",
    "title": "ROBIJN Wasverzachter 33 wasbeurten",
    "category": "Speciaal assortiment",
    "price": 5,
    "promoPrice": 5,
    "price_per_unit": null,
    "unit": null,
    "image": "https://s7g10.scene7.com/is/image/aldinord/91216856_wk41",
    "beschikbaar": true,
    "promoEnd": "2025-10-12",
    "link": "https://www.aldi.nl/wasverzachter-91216856.html"
  },
  {
    "id": "91216806",
    "title": "HARIBO OF MAOAM Snoep 350-375 g",
    "category": "Snoep, koek, chips",
    "price": 3.25,
    "promoPrice": 3.25,
    "price_per_unit": null,
    "unit": null,
    "image": "https://s7g10.scene7.com/is/image/aldinord/91216806_wk42",
    "beschikbaar": true,
    "promoEnd": "2025-10-12",
    "link": "https://www.aldi.nl/snoep-91216806.html"
  },
  {
    "id": "91212838",
    "title": "Cantolino Pinot Grigio Blush of Bianco, Moldavië 0.75 l",
    "category": "Speciaal assortiment",
    "price": 3,
    "promoPrice": 3,
    "price_per_unit": null,
    "unit": null,
    "image": "https://s7g10.scene7.com/is/image/aldinord/91212838_wk41",
    "beschikbaar": true,
    "promoEnd": "2025-10-12",
    "link": "https://www.aldi.nl/cantolino-pinot-grigio-blush-of-bianco-moldavi-91212838.html"
  },
  {
    "id": "91209514",
    "title": "ROBIJN Vloeibaar wasmiddel 60 wasbeurten",
    "category": "Huishouden",
    "price": 9.99,
    "promoPrice": 9.99,
    "price_per_unit": 3.33,
    "unit": "L",
    "image": "https://s7g10.scene7.com/is/image/aldinord/91209514_wk42",
    "beschikbaar": true,
    "promoEnd": "2025-10-19",
    "link": "https://www.aldi.nl/vloeibaar-wasmiddel-91209514.html"
  },
  {
    "id": "91208945",
    "title": "CALVé Mayonaise 430 ml",
    "category": "Speciaal assortiment",
    "price": 1.89,
    "promoPrice": 1.89,
    "price_per_unit": null,
    "unit": null,
    "image": "https://s7g10.scene7.com/is/image/aldinord/91208945_wk42",
    "beschikbaar": true,
    "promoEnd": "2025-10-19",
    "link": "https://www.aldi.nl/mayonaise-91208945.html"
  },
  {
    "id": "91208454",
    "title": "UNA 12- of 3-pack wc blokken 3-/12-pack",
    "category": "Speciaal assortiment",
    "price": 2.49,
    "promoPrice": 2.49,
    "price_per_unit": null,
    "unit": null,
    "image": "https://s7g10.scene7.com/is/image/aldinord/91208454_wk42",
    "beschikbaar": true,
    "promoEnd": "2025-10-12",
    "link": "https://www.aldi.nl/12-of-3-pack-wc-blokken-91208454.html"
  },
  {
    "id": "91207175",
    "title": "LAY'S Chips 200 g",
    "category": "Snoep, koek, chips",
    "price": 3,
    "promoPrice": 3,
    "price_per_unit": null,
    "unit": null,
    "image": "https://s7g10.scene7.com/is/image/aldinord/91207175_wk42",
    "beschikbaar": true,
    "promoEnd": "2025-10-12",
    "link": "https://www.aldi.nl/chips-91207175.html"
  },
  {
    "id": "91207089",
    "title": "Kaapse Pracht, Zuid-Afrika 0.75 l",
    "category": "Bier, wijn, sterke drank",
    "price": 5.98,
    "promoPrice": 4.5,
    "price_per_unit": null,
    "unit": null,
    "image": "https://s7g10.scene7.com/is/image/aldinord/91207089_wk42",
    "beschikbaar": true,
    "promoEnd": "2025-10-19",
    "link": "https://www.aldi.nl/kaapse-pracht-zuid-afrika-91207089.html"
  },
  {
    "id": "91206773",
    "title": "LIPTON Ice tea 1.5 l",
    "category": "Speciaal assortiment",
    "price": 1.79,
    "promoPrice": 1.79,
    "price_per_unit": null,
    "unit": null,
    "image": "https://s7g10.scene7.com/is/image/aldinord/91206773_wk41",
    "beschikbaar": true,
    "promoEnd": "2025-10-12",
    "link": "https://www.aldi.nl/ice-tea-91206773.html"
  },
  {
    "id": "91201774",
    "title": "Hummus 200 g",
    "category": "Speciaal assortiment",
    "price": 0.89,
    "promoPrice": 0.89,
    "price_per_unit": null,
    "unit": null,
    "image": "https://s7g10.scene7.com/is/image/aldinord/91201774_wk41",
    "beschikbaar": true,
    "promoEnd": "2025-10-12",
    "link": "https://www.aldi.nl/hummus-91201774.html"
  },
  {
    "id": "91200671",
    "title": "BECEL Margarine 250 g",
    "category": "Zuivel, eieren",
    "price": 0.99,
    "promoPrice": 0.99,
    "price_per_unit": null,
    "unit": null,
    "image": "https://s7g10.scene7.com/is/image/aldinord/91200671_wk42",
    "beschikbaar": true,
    "promoEnd": "2025-10-12",
    "link": "https://www.aldi.nl/margarine-91200671.html"
  },
  {
    "id": "91200239",
    "title": "ORIENTAL DELIGHT Aziatische maaltijd 500 g",
    "category": "Maaltijden, salades",
    "price": 2.99,
    "promoPrice": 2.99,
    "price_per_unit": null,
    "unit": null,
    "image": "https://s7g10.scene7.com/is/image/aldinord/91200239_wk42",
    "beschikbaar": true,
    "promoEnd": "2025-10-12",
    "link": "https://www.aldi.nl/aziatische-maaltijd-91200239.html"
  },
  {
    "id": "91200236",
    "title": "Gelderse of grillworstplakjes 175 g",
    "category": "Vlees, vis, vega",
    "price": 1.49,
    "promoPrice": 1.49,
    "price_per_unit": null,
    "unit": null,
    "image": "https://s7g10.scene7.com/is/image/aldinord/91200236_wk41",
    "beschikbaar": true,
    "promoEnd": "2025-10-12",
    "link": "https://www.aldi.nl/gelderse-of-grillworstplakjes-91200236.html"
  },
  {
    "id": "91200219",
    "title": "DAYLICIOUS Knoflook- of kruidenboter-baguette 175 g",
    "category": "Brood, ontbijtgranen",
    "price": null,
    "promoPrice": null,
    "price_per_unit": null,
    "unit": null,
    "image": "https://s7g10.scene7.com/is/image/aldinord/91200219_wk40",
    "beschikbaar": true,
    "promoEnd": null,
    "link": "https://www.aldi.nl/knoflook-of-kruidenboter-baguette-91200219.html"
  },
  {
    "id": "91200188",
    "title": "Gemarineerde tomaten of sweet peppers 120 g",
    "category": "Speciaal assortiment",
    "price": 1.79,
    "promoPrice": 1.29,
    "price_per_unit": null,
    "unit": null,
    "image": "https://s7g10.scene7.com/is/image/aldinord/91200188_wk42",
    "beschikbaar": true,
    "promoEnd": "2025-10-19",
    "link": "https://www.aldi.nl/gemarineerde-tomaten-of-sweet-peppers-91200188.html"
  },
  {
    "id": "91200028",
    "title": "ZONNATURA Thee 40 zakjes",
    "category": "Koffie, thee",
    "price": 2.49,
    "promoPrice": 2.49,
    "price_per_unit": null,
    "unit": null,
    "image": "https://s7g10.scene7.com/is/image/aldinord/91200028_wk41",
    "beschikbaar": true,
    "promoEnd": "2025-10-12",
    "link": "https://www.aldi.nl/thee-91200028.html"
  },
  {
    "id": "1237475",
    "title": "Korean spareribs 600 g",
    "category": "Speciaal assortiment",
    "price": 9.99,
    "promoPrice": 5.99,
    "price_per_unit": null,
    "unit": null,
    "image": "https://s7g10.scene7.com/is/image/aldinord/product_1237475_main_cms_1_nl_nl_korean_spareribs_cw01_2024",
    "beschikbaar": true,
    "promoEnd": "2025-10-19",
    "link": "https://www.aldi.nl/korean-spareribs-1237475.html"
  },
  {
    "id": "1237341",
    "title": "BBQ Aanmaakhoutwol 32 blokjes",
    "category": "Speciaal assortiment",
    "price": 2.49,
    "promoPrice": 2.49,
    "price_per_unit": null,
    "unit": null,
    "image": "https://s7g10.scene7.com/is/image/aldinord/product_1237341_main_cms_6_nl_nl_aanmaakhoutwol_cw01_2024",
    "beschikbaar": true,
    "promoEnd": "2025-10-24",
    "link": "https://www.aldi.nl/aanmaakhoutwol-1237341.html"
  },
  {
    "id": "1237329",
    "title": "Halloweenassortiment Per stuk/set",
    "category": "Speciaal assortiment",
    "price": 1,
    "promoPrice": 1,
    "price_per_unit": null,
    "unit": null,
    "image": "https://s7g10.scene7.com/is/image/aldinord/product_1237329_main_cms_74_nl_nl_halloweenassortiment_cw01_2024",
    "beschikbaar": true,
    "promoEnd": "2025-10-24",
    "link": "https://www.aldi.nl/halloweenassortiment-1237329.html"
  },
  {
    "id": "1237308",
    "title": "LUCOVITAAL Visolie- of probioticasupplementen 30-60 capsules",
    "category": "Vlees, vis, vega",
    "price": 6.99,
    "promoPrice": 6.99,
    "price_per_unit": null,
    "unit": null,
    "image": "https://s7g10.scene7.com/is/image/aldinord/product_1237308_main_cms_5_nl_nl_visolie_of_probioticasupplementen_cw01_2024",
    "beschikbaar": true,
    "promoEnd": "2025-10-19",
    "link": "https://www.aldi.nl/visolie-of-probioticasupplementen-1237308.html"
  },
  {
    "id": "1237298",
    "title": "BBQ Aanmaakhout 5 kg Per stuk",
    "category": "Speciaal assortiment",
    "price": 5.99,
    "promoPrice": 5.99,
    "price_per_unit": null,
    "unit": null,
    "image": "https://s7g10.scene7.com/is/image/aldinord/product_1237298_main_cms_1_nl_nl_aanmaakhout_5_kg_cw01_2024",
    "beschikbaar": true,
    "promoEnd": "2025-10-24",
    "link": "https://www.aldi.nl/aanmaakhout-5-kg-1237298.html"
  },
  {
    "id": "1237297",
    "title": "CRAZE Bruisbal met verrassing Per stuk.",
    "category": "Speciaal assortiment",
    "price": 2.99,
    "promoPrice": 2.99,
    "price_per_unit": null,
    "unit": null,
    "image": "https://s7g10.scene7.com/is/image/aldinord/product_1237297_main_cms_26_nl_nl_bruisbal_met_verrassing_cw01_2024",
    "beschikbaar": true,
    "promoEnd": "2025-10-24",
    "link": "https://www.aldi.nl/bruisbal-met-verrassing-1237297.html"
  },
  {
    "id": "1237295",
    "title": "LILY & DAN Babyslaapzak Per stuk",
    "category": "Baby, verzorging",
    "price": 7.99,
    "promoPrice": 7.99,
    "price_per_unit": null,
    "unit": null,
    "image": "https://s7g10.scene7.com/is/image/aldinord/product_1237295_main_cms_8_nl_nl_babyslaapzak_cw01_2024",
    "beschikbaar": true,
    "promoEnd": "2025-10-24",
    "link": "https://www.aldi.nl/babyslaapzak-1237295.html"
  },
  {
    "id": "1237285",
    "title": "DISNEY, NICKELODEON Kinderpuzzels Per stuk",
    "category": "Speciaal assortiment",
    "price": 3.99,
    "promoPrice": 3.99,
    "price_per_unit": null,
    "unit": null,
    "image": "https://s7g10.scene7.com/is/image/aldinord/product_1237285_main_cms_7_nl_nl_kinderpuzzels_cw01_2024",
    "beschikbaar": true,
    "promoEnd": "2025-10-24",
    "link": "https://www.aldi.nl/kinderpuzzels-1237285.html"
  },
  {
    "id": "1237233",
    "title": "UP2FASHION 7-pack sokken 7-pack",
    "category": "Speciaal assortiment",
    "price": 4.99,
    "promoPrice": 4.99,
    "price_per_unit": null,
    "unit": null,
    "image": "https://s7g10.scene7.com/is/image/aldinord/product_1237233_main_cms_15_nl_nl_7_pack_sokken_cw01_2024",
    "beschikbaar": true,
    "promoEnd": "2025-10-24",
    "link": "https://www.aldi.nl/7-pack-sokken-1237233.html"
  },
  {
    "id": "1237215",
    "title": "DISNEY Stitch mini-figuur Per stuk",
    "category": "Speciaal assortiment",
    "price": 4.99,
    "promoPrice": 4.99,
    "price_per_unit": null,
    "unit": null,
    "image": "https://s7g10.scene7.com/is/image/aldinord/product_1237215_main_cms_11_nl_nl_stitch_mini_figuur_cw01_2024",
    "beschikbaar": true,
    "promoEnd": "2025-10-24",
    "link": "https://www.aldi.nl/stitch-mini-figuur-1237215.html"
  },
  {
    "id": "1237214",
    "title": "CRANE Dumbbells Per stuk/set",
    "category": "Speciaal assortiment",
    "price": 9.99,
    "promoPrice": 9.99,
    "price_per_unit": null,
    "unit": null,
    "image": "https://s7g10.scene7.com/is/image/aldinord/product_1237214_main_cms_4_nl_nl_dumbbells_cw01_2024",
    "beschikbaar": true,
    "promoEnd": "2025-10-21",
    "link": "https://www.aldi.nl/dumbbells-1237214.html"
  },
  {
    "id": "1237186",
    "title": "HOME CREATION 2-pack gootsteen­matten Per set",
    "category": "Speciaal assortiment",
    "price": 2.99,
    "promoPrice": 2.99,
    "price_per_unit": null,
    "unit": null,
    "image": "https://s7g10.scene7.com/is/image/aldinord/product_1237186_main_cms_4_nl_nl_2_pack_gootsteenmatten_cw01_2024",
    "beschikbaar": true,
    "promoEnd": "2025-10-24",
    "link": "https://www.aldi.nl/2-pack-gootsteenmatten-1237186.html"
  },
  {
    "id": "1237183",
    "title": "Keukenmengkraan Per stuk",
    "category": "Speciaal assortiment",
    "price": 39.99,
    "promoPrice": 39.99,
    "price_per_unit": null,
    "unit": null,
    "image": "https://s7g10.scene7.com/is/image/aldinord/product_1237183_main_cms_3_nl_nl_keukenmengkraan_cw01_2024",
    "beschikbaar": true,
    "promoEnd": "2025-10-24",
    "link": "https://www.aldi.nl/keukenmengkraan-1237183.html"
  },
  {
    "id": "1237174",
    "title": "ROLLEI Camera smarthome wifi Per stuk",
    "category": "Speciaal assortiment",
    "price": 19.99,
    "promoPrice": 19.99,
    "price_per_unit": null,
    "unit": null,
    "image": "https://s7g10.scene7.com/is/image/aldinord/product_1237174_main_cms_3_nl_nl_camera_smarthome_wifi_cw01_2024",
    "beschikbaar": true,
    "promoEnd": "2025-10-24",
    "link": "https://www.aldi.nl/camera-smarthome-wifi-1237174.html"
  },
  {
    "id": "1237172",
    "title": "AMBIANO Natuurgeluidbox Per stuk",
    "category": "Speciaal assortiment",
    "price": 7.99,
    "promoPrice": 7.99,
    "price_per_unit": null,
    "unit": null,
    "image": "https://s7g10.scene7.com/is/image/aldinord/product_1237172_main_cms_16_nl_nl_natuurgeluidbox_cw01_2024",
    "beschikbaar": true,
    "promoEnd": "2025-10-24",
    "link": "https://www.aldi.nl/natuurgeluidbox-1237172.html"
  },
  {
    "id": "1237168",
    "title": "HOME CREATION Halloweenglowsticks Per set",
    "category": "Speciaal assortiment",
    "price": 2.99,
    "promoPrice": 2.99,
    "price_per_unit": null,
    "unit": null,
    "image": "https://s7g10.scene7.com/is/image/aldinord/product_1237168_main_cms_22_nl_nl_halloweenglowsticks_cw01_2024",
    "beschikbaar": true,
    "promoEnd": "2025-10-24",
    "link": "https://www.aldi.nl/halloweenglowsticks-1237168.html"
  },
  {
    "id": "1237162",
    "title": "CROFTON Bamboe snackbox Per stuk",
    "category": "Speciaal assortiment",
    "price": 17.99,
    "promoPrice": 17.99,
    "price_per_unit": null,
    "unit": null,
    "image": "https://s7g10.scene7.com/is/image/aldinord/product_1237162_main_cms_3_nl_nl_bamboe_snackbox_cw01_2024",
    "beschikbaar": true,
    "promoEnd": "2025-10-24",
    "link": "https://www.aldi.nl/bamboe-snackbox-1237162.html"
  },
  {
    "id": "1237157",
    "title": "HOME CREATION Strijkplankovertrek Per stuk",
    "category": "Speciaal assortiment",
    "price": 4.99,
    "promoPrice": 4.99,
    "price_per_unit": null,
    "unit": null,
    "image": "https://s7g10.scene7.com/is/image/aldinord/product_1237157_main_cms_9_nl_nl_strijkplankovertrek_cw01_2024",
    "beschikbaar": true,
    "promoEnd": "2025-10-21",
    "link": "https://www.aldi.nl/strijkplankovertrek-1237157.html"
  },
  {
    "id": "1237156",
    "title": "HOME CREATION Halloweenkaars Per stuk",
    "category": "Speciaal assortiment",
    "price": 3.99,
    "promoPrice": 3.99,
    "price_per_unit": null,
    "unit": null,
    "image": "https://s7g10.scene7.com/is/image/aldinord/product_1237156_main_cms_8_nl_nl_halloweenkaars_cw01_2024",
    "beschikbaar": true,
    "promoEnd": "2025-10-24",
    "link": "https://www.aldi.nl/halloweenkaars-1237156.html"
  },
  {
    "id": "1237144",
    "title": "TESA Deurstrip Per stuk",
    "category": "Speciaal assortiment",
    "price": 7.99,
    "promoPrice": 7.99,
    "price_per_unit": null,
    "unit": null,
    "image": "https://s7g10.scene7.com/is/image/aldinord/product_1237144_main_cms_13_nl_nl_deurstrip_cw01_2024",
    "beschikbaar": true,
    "promoEnd": "2025-10-24",
    "link": "https://www.aldi.nl/deurstrip-1237144.html"
  },
  {
    "id": "1237134",
    "title": "Huishoudelijk assortiment Per stuk/set",
    "category": "Speciaal assortiment",
    "price": 1,
    "promoPrice": 1,
    "price_per_unit": null,
    "unit": null,
    "image": "https://s7g10.scene7.com/is/image/aldinord/product_1237134_main_cms_115_nl_nl_huishoudelijk_assortiment_cw01_2024",
    "beschikbaar": true,
    "promoEnd": "2025-10-21",
    "link": "https://www.aldi.nl/huishoudelijk-assortiment-1237134.html"
  },
  {
    "id": "1237126",
    "title": "HOME CREATION Toiletborstel Per set",
    "category": "Huishouden",
    "price": 2.99,
    "promoPrice": 2.99,
    "price_per_unit": null,
    "unit": null,
    "image": "https://s7g10.scene7.com/is/image/aldinord/product_1237126_main_cms_25_nl_nl_toiletborstel_cw01_2024",
    "beschikbaar": true,
    "promoEnd": "2025-10-24",
    "link": "https://www.aldi.nl/toiletborstel-1237126.html"
  },
  {
    "id": "1237121",
    "title": "AMBIANO Hakmolen of handmixer Per stuk",
    "category": "Speciaal assortiment",
    "price": 14.99,
    "promoPrice": 14.99,
    "price_per_unit": null,
    "unit": null,
    "image": "https://s7g10.scene7.com/is/image/aldinord/product_1237121_main_cms_3_nl_nl_hakmolen_of_handmixer_cw01_2024",
    "beschikbaar": true,
    "promoEnd": "2025-10-24",
    "link": "https://www.aldi.nl/hakmolen-of-handmixer-1237121.html"
  },
  {
    "id": "1237091",
    "title": "HOME CREATION Douchewisser Per stuk",
    "category": "Speciaal assortiment",
    "price": 3.49,
    "promoPrice": 3.49,
    "price_per_unit": null,
    "unit": null,
    "image": "https://s7g10.scene7.com/is/image/aldinord/product_1237091_main_cms_4_nl_nl_douchewisser_cw01_2024",
    "beschikbaar": true,
    "promoEnd": "2025-10-24",
    "link": "https://www.aldi.nl/douchewisser-1237091.html"
  },
  {
    "id": "1237070",
    "title": "Black Angus gehakt 400 g",
    "category": "Vlees, vis, vega",
    "price": 6.79,
    "promoPrice": 5.39,
    "price_per_unit": null,
    "unit": null,
    "image": "https://s7g10.scene7.com/is/image/aldinord/product_1237070_main_cms_1_nl_nl_black_angus_gehakt_cw01_2024",
    "beschikbaar": true,
    "promoEnd": "2025-10-19",
    "link": "https://www.aldi.nl/black-angus-gehakt-1237070.html"
  },
  {
    "id": "1237069",
    "title": "Black Angus burgers Inhoud: 2 stuks, 260 g",
    "category": "Vlees, vis, vega",
    "price": 4.49,
    "promoPrice": 3.59,
    "price_per_unit": null,
    "unit": null,
    "image": "https://s7g10.scene7.com/is/image/aldinord/product_1237069_main_cms_2_nl_nl_black_angus_burgers_cw01_2024",
    "beschikbaar": true,
    "promoEnd": "2025-10-19",
    "link": "https://www.aldi.nl/black-angus-burgers-1237069.html"
  },
  {
    "id": "1237037",
    "title": "HOME CREATION Ledfiguur Per stuk",
    "category": "Speciaal assortiment",
    "price": 2.99,
    "promoPrice": 2.99,
    "price_per_unit": null,
    "unit": null,
    "image": "https://s7g10.scene7.com/is/image/aldinord/product_1237037_main_cms_8_nl_nl_ledfiguur_cw01_2024",
    "beschikbaar": true,
    "promoEnd": "2025-10-24",
    "link": "https://www.aldi.nl/ledfiguur-1237037.html"
  },
  {
    "id": "1237036",
    "title": "Peutermuts en -sjaal Per set",
    "category": "Baby, verzorging",
    "price": 6.99,
    "promoPrice": 6.99,
    "price_per_unit": null,
    "unit": null,
    "image": "https://s7g10.scene7.com/is/image/aldinord/product_1237036_main_cms_7_nl_nl_peutermuts_en_sjaal_cw01_2024",
    "beschikbaar": true,
    "promoEnd": "2025-10-24",
    "link": "https://www.aldi.nl/peutermuts-en-sjaal-1237036.html"
  },
  {
    "id": "1237029",
    "title": "HOME CREATION Kunstbloemen Per stuk",
    "category": "Speciaal assortiment",
    "price": 3.99,
    "promoPrice": 3.99,
    "price_per_unit": null,
    "unit": null,
    "image": "https://s7g10.scene7.com/is/image/aldinord/product_1237029_main_cms_9_nl_nl_kunstbloemen_cw01_2024",
    "beschikbaar": true,
    "promoEnd": "2025-10-24",
    "link": "https://www.aldi.nl/kunstbloemen-1237029.html"
  },
  {
    "id": "1237021",
    "title": "PANASONIC 20-pack AAA- of AA-batterijen 20-pack",
    "category": "Speciaal assortiment",
    "price": 4.49,
    "promoPrice": 4.49,
    "price_per_unit": null,
    "unit": null,
    "image": "https://s7g10.scene7.com/is/image/aldinord/product_1237021_main_cms_3_nl_nl_20_pack_aaa_of_aa_batterijen_cw01_2024",
    "beschikbaar": true,
    "promoEnd": "2025-10-24",
    "link": "https://www.aldi.nl/20-pack-aaa-of-aa-batterijen-1237021.html"
  },
  {
    "id": "1237008",
    "title": "CASALUX 3-pack ledlampen 3-pack",
    "category": "Speciaal assortiment",
    "price": 2.49,
    "promoPrice": 2.49,
    "price_per_unit": null,
    "unit": null,
    "image": "https://s7g10.scene7.com/is/image/aldinord/product_1237008_main_cms_12_nl_nl_3_pack_ledlampen_cw01_2024",
    "beschikbaar": true,
    "promoEnd": "2025-10-24",
    "link": "https://www.aldi.nl/3-pack-ledlampen-1237008.html"
  },
  {
    "id": "1236965",
    "title": "CASALUX Led-reflector Per stuk",
    "category": "Speciaal assortiment",
    "price": 1.99,
    "promoPrice": 1.99,
    "price_per_unit": null,
    "unit": null,
    "image": "https://s7g10.scene7.com/is/image/aldinord/product_1236965_main_cms_10_nl_nl_led_reflector_cw01_2024",
    "beschikbaar": true,
    "promoEnd": "2025-10-24",
    "link": "https://www.aldi.nl/led-reflector-1236965.html"
  },
  {
    "id": "1236953",
    "title": "DAYLICIOUS Rund- of kipburger 320 gram",
    "category": "Vlees, vis, vega",
    "price": 1.99,
    "promoPrice": 1.99,
    "price_per_unit": null,
    "unit": null,
    "image": "https://s7g10.scene7.com/is/image/aldinord/product_1236953_main_cms_3_nl_nl_rund_of_kipburger_cw01_2024",
    "beschikbaar": true,
    "promoEnd": "2025-10-12",
    "link": "https://www.aldi.nl/rund-of-kipburger-1236953.html"
  },
  {
    "id": "1236924",
    "title": "UP2FASHION Veterboots Per paar",
    "category": "Speciaal assortiment",
    "price": 19.99,
    "promoPrice": 19.99,
    "price_per_unit": null,
    "unit": null,
    "image": "https://s7g10.scene7.com/is/image/aldinord/product_1236924_main_cms_18_nl_nl_veterboots_cw01_2024",
    "beschikbaar": true,
    "promoEnd": "2025-10-24",
    "link": "https://www.aldi.nl/veterboots-1236924.html"
  },
  {
    "id": "1236923",
    "title": "UP2FASHION Bamboe pyjama Per set",
    "category": "Speciaal assortiment",
    "price": 14.99,
    "promoPrice": 14.99,
    "price_per_unit": null,
    "unit": null,
    "image": "https://s7g10.scene7.com/is/image/aldinord/product_1236923_main_cms_11_nl_nl_bamboe_pyjama_cw01_2024",
    "beschikbaar": true,
    "promoEnd": "2025-10-21",
    "link": "https://www.aldi.nl/bamboe-pyjama-1236923.html"
  },
  {
    "id": "1236922",
    "title": "CRANE Sportsokken Per paar",
    "category": "Speciaal assortiment",
    "price": 3.99,
    "promoPrice": 3.99,
    "price_per_unit": null,
    "unit": null,
    "image": "https://s7g10.scene7.com/is/image/aldinord/product_1236922_main_cms_13_nl_nl_sportsokken_cw01_2024",
    "beschikbaar": true,
    "promoEnd": "2025-10-21",
    "link": "https://www.aldi.nl/sportsokken-1236922.html"
  },
  {
    "id": "1236889",
    "title": "HOME CREATION Structuur deurmat Per stuk/set.",
    "category": "Speciaal assortiment",
    "price": 9.99,
    "promoPrice": 9.99,
    "price_per_unit": null,
    "unit": null,
    "image": "https://s7g10.scene7.com/is/image/aldinord/product_1236889_main_cms_24_nl_nl_structuur_deurmat_cw01_2024",
    "beschikbaar": true,
    "promoEnd": "2025-10-24",
    "link": "https://www.aldi.nl/structuur-deurmat-1236889.html"
  },
  {
    "id": "1236886",
    "title": "TOPCRAFT Winterwerk-handschoenen Per paar",
    "category": "Speciaal assortiment",
    "price": 2.49,
    "promoPrice": 2.49,
    "price_per_unit": null,
    "unit": null,
    "image": "https://s7g10.scene7.com/is/image/aldinord/product_1236886_main_cms_9_nl_nl_winterwerk_handschoenen_cw01_2024",
    "beschikbaar": true,
    "promoEnd": "2025-10-24",
    "link": "https://www.aldi.nl/winterwerk-handschoenen-1236886.html"
  },
  {
    "id": "1236871",
    "title": "TOPCRAFT Werkvest teddy Per stuk",
    "category": "Speciaal assortiment",
    "price": 19.99,
    "promoPrice": 19.99,
    "price_per_unit": null,
    "unit": null,
    "image": "https://s7g10.scene7.com/is/image/aldinord/product_1236871_main_cms_12_nl_nl_werkvest_teddy_cw01_2024",
    "beschikbaar": true,
    "promoEnd": "2025-10-24",
    "link": "https://www.aldi.nl/werkvest-teddy-1236871.html"
  },
  {
    "id": "1236855",
    "title": "TOPCRAFT Denim werkbroek Per stuk",
    "category": "Speciaal assortiment",
    "price": 19.99,
    "promoPrice": 19.99,
    "price_per_unit": null,
    "unit": null,
    "image": "https://s7g10.scene7.com/is/image/aldinord/product_1236855_main_cms_2_nl_nl_denim_werkbroek_cw01_2024",
    "beschikbaar": true,
    "promoEnd": "2025-10-24",
    "link": "https://www.aldi.nl/denim-werkbroek-1236855.html"
  },
  {
    "id": "1236854",
    "title": "HOME CREATION 24-pack led-theelichten 24-pack",
    "category": "Koffie, thee",
    "price": 5.99,
    "promoPrice": 6.99,
    "price_per_unit": null,
    "unit": null,
    "image": "https://s7g10.scene7.com/is/image/aldinord/product_1236854_main_cms_1_nl_nl_24_pack_led_theelichten_cw01_2024",
    "beschikbaar": true,
    "promoEnd": "2025-10-23",
    "link": "https://www.aldi.nl/24-pack-led-theelichten-1236854.html"
  },
  {
    "id": "1236850",
    "title": "CLEMENTONI Blokpuzzel Per set",
    "category": "Speciaal assortiment",
    "price": 5.99,
    "promoPrice": 5.99,
    "price_per_unit": null,
    "unit": null,
    "image": "https://s7g10.scene7.com/is/image/aldinord/product_1236850_main_cms_7_nl_nl_blokpuzzel_cw01_2024",
    "beschikbaar": true,
    "promoEnd": "2025-10-24",
    "link": "https://www.aldi.nl/blokpuzzel-1236850.html"
  },
  {
    "id": "1236836",
    "title": "TOPCRAFT 3-pack werksokken 3-pack",
    "category": "Speciaal assortiment",
    "price": 3.99,
    "promoPrice": 3.99,
    "price_per_unit": null,
    "unit": null,
    "image": "https://s7g10.scene7.com/is/image/aldinord/product_1236836_main_cms_9_nl_nl_3_pack_werksokken_cw01_2024",
    "beschikbaar": true,
    "promoEnd": "2025-10-24",
    "link": "https://www.aldi.nl/3-pack-werksokken-1236836.html"
  },
  {
    "id": "1236833",
    "title": "CRANE Houdingcorrector Per stuk.",
    "category": "Speciaal assortiment",
    "price": 4.99,
    "promoPrice": 4.99,
    "price_per_unit": null,
    "unit": null,
    "image": "https://s7g10.scene7.com/is/image/aldinord/product_1236833_main_cms_50_nl_nl_houdingcorrector_cw01_2024",
    "beschikbaar": true,
    "promoEnd": "2025-10-21",
    "link": "https://www.aldi.nl/houdingcorrector-1236833.html"
  },
  {
    "id": "1236831",
    "title": "TOPCRAFT Werkbroek Per stuk",
    "category": "Speciaal assortiment",
    "price": 19.99,
    "promoPrice": 19.99,
    "price_per_unit": null,
    "unit": null,
    "image": "https://s7g10.scene7.com/is/image/aldinord/product_1236831_main_cms_3_nl_nl_werkbroek_cw01_2024",
    "beschikbaar": true,
    "promoEnd": "2025-10-24",
    "link": "https://www.aldi.nl/werkbroek-1236831.html"
  },
  {
    "id": "1236826",
    "title": "TOPCRAFT Thermo werkoverhemd Per stuk",
    "category": "Speciaal assortiment",
    "price": 14.99,
    "promoPrice": 14.99,
    "price_per_unit": null,
    "unit": null,
    "image": "https://s7g10.scene7.com/is/image/aldinord/product_1236826_main_cms_16_nl_nl_thermo_werkoverhemd_cw01_2024",
    "beschikbaar": true,
    "promoEnd": "2025-10-24",
    "link": "https://www.aldi.nl/thermo-werkoverhemd-1236826.html"
  },
  {
    "id": "1236825",
    "title": "UP2FASHION Lichtgewatteerde jas Per stuk",
    "category": "Speciaal assortiment",
    "price": 14.99,
    "promoPrice": 14.99,
    "price_per_unit": null,
    "unit": null,
    "image": "https://s7g10.scene7.com/is/image/aldinord/product_1236825_main_cms_1_nl_nl_lichtgewatteerde_jas_cw01_2024",
    "beschikbaar": true,
    "promoEnd": "2025-10-24",
    "link": "https://www.aldi.nl/lichtgewatteerde-jas-1236825.html"
  },
  {
    "id": "1236824",
    "title": "LILY & DAN 2-pack sokken 2-pack",
    "category": "Speciaal assortiment",
    "price": 1.99,
    "promoPrice": 1.99,
    "price_per_unit": null,
    "unit": null,
    "image": "https://s7g10.scene7.com/is/image/aldinord/product_1236824_main_cms_15_nl_nl_2_pack_sokken_cw01_2024",
    "beschikbaar": true,
    "promoEnd": "2025-10-24",
    "link": "https://www.aldi.nl/2-pack-sokken-1236824.html"
  },
  {
    "id": "1236823",
    "title": "HOME CREATION Balkon droogrek Per stuk",
    "category": "Speciaal assortiment",
    "price": 3.99,
    "promoPrice": 3.99,
    "price_per_unit": null,
    "unit": null,
    "image": "https://s7g10.scene7.com/is/image/aldinord/product_1236823_main_cms_11_nl_nl_balkon_droogrek_cw01_2024",
    "beschikbaar": true,
    "promoEnd": "2025-10-21",
    "link": "https://www.aldi.nl/balkon-droogrek-1236823.html"
  },
  {
    "id": "1236821",
    "title": "CASALUX Tafellamp Per stuk",
    "category": "Speciaal assortiment",
    "price": 5.99,
    "promoPrice": 5.99,
    "price_per_unit": null,
    "unit": null,
    "image": "https://s7g10.scene7.com/is/image/aldinord/product_1236821_main_cms_5_nl_nl_tafellamp_cw01_2024",
    "beschikbaar": true,
    "promoEnd": "2025-10-24",
    "link": "https://www.aldi.nl/tafellamp-1236821.html"
  },
  {
    "id": "1236803",
    "title": "UP2FASHION Leren riem Per stuk",
    "category": "Speciaal assortiment",
    "price": 7.99,
    "promoPrice": 7.99,
    "price_per_unit": null,
    "unit": null,
    "image": "https://s7g10.scene7.com/is/image/aldinord/product_1236803_main_cms_5_nl_nl_leren_riem_cw01_2024",
    "beschikbaar": true,
    "promoEnd": "2025-10-24",
    "link": "https://www.aldi.nl/leren-riem-1236803.html"
  },
  {
    "id": "1236802",
    "title": "UP2FASHION Stretchjeans Per stuk",
    "category": "Speciaal assortiment",
    "price": 9.99,
    "promoPrice": 9.99,
    "price_per_unit": null,
    "unit": null,
    "image": "https://s7g10.scene7.com/is/image/aldinord/product_1236802_main_cms_3_nl_nl_stretchjeans_cw01_2024",
    "beschikbaar": true,
    "promoEnd": "2025-10-24",
    "link": "https://www.aldi.nl/stretchjeans-1236802.html"
  },
  {
    "id": "1236801",
    "title": "UP2FASHION Outdoor sweatjack Per stuk",
    "category": "Speciaal assortiment",
    "price": 17.99,
    "promoPrice": 17.99,
    "price_per_unit": null,
    "unit": null,
    "image": "https://s7g10.scene7.com/is/image/aldinord/product_1236801_main_cms_7_nl_nl_outdoor_sweatjack_cw01_2024",
    "beschikbaar": true,
    "promoEnd": "2025-10-24",
    "link": "https://www.aldi.nl/outdoor-sweatjack-1236801.html"
  },
  {
    "id": "1236791",
    "title": "NESTLé Nesquik 800 g",
    "category": "Speciaal assortiment",
    "price": 5.79,
    "promoPrice": 5.79,
    "price_per_unit": null,
    "unit": null,
    "image": "https://s7g10.scene7.com/is/image/aldinord/product_1236791_main_cms_1_nl_nl_nesquik_cw01_2024",
    "beschikbaar": true,
    "promoEnd": "2025-10-12",
    "link": "https://www.aldi.nl/nesquik-1236791.html"
  },
  {
    "id": "1236779",
    "title": "UP2FASHION 2-pack sokken 2-pack",
    "category": "Speciaal assortiment",
    "price": 3.99,
    "promoPrice": 3.99,
    "price_per_unit": null,
    "unit": null,
    "image": "https://s7g10.scene7.com/is/image/aldinord/product_1236779_main_cms_9_nl_nl_2_pack_sokken_cw01_2024",
    "beschikbaar": true,
    "promoEnd": "2025-10-24",
    "link": "https://www.aldi.nl/2-pack-sokken-1236779.html"
  },
  {
    "id": "1236778",
    "title": "NOVITESSE Gastendoekjes of washandjes chenille 4-/6-pack",
    "category": "Huishouden",
    "price": 4.99,
    "promoPrice": 4.99,
    "price_per_unit": null,
    "unit": null,
    "image": "https://s7g10.scene7.com/is/image/aldinord/product_1236778_main_cms_17_nl_nl_gastendoekjes_of_washandjes_chenille_cw01_2024",
    "beschikbaar": true,
    "promoEnd": "2025-10-24",
    "link": "https://www.aldi.nl/gastendoekjes-of-washandjes-chenille-1236778.html"
  },
  {
    "id": "1236777",
    "title": "NOVITESSE Chenille handdoek 2-pack",
    "category": "Speciaal assortiment",
    "price": 6.99,
    "promoPrice": 6.99,
    "price_per_unit": null,
    "unit": null,
    "image": "https://s7g10.scene7.com/is/image/aldinord/product_1236777_main_cms_1_nl_nl_chenille_handdoek_cw01_2024",
    "beschikbaar": true,
    "promoEnd": "2025-10-24",
    "link": "https://www.aldi.nl/chenille-handdoek-1236777.html"
  },
  {
    "id": "1236772",
    "title": "UP2FASHION 3-pack boxershorts 3-pack",
    "category": "Speciaal assortiment",
    "price": 6.99,
    "promoPrice": 6.99,
    "price_per_unit": null,
    "unit": null,
    "image": "https://s7g10.scene7.com/is/image/aldinord/product_1236772_main_cms_23_nl_nl_3_pack_boxershorts_cw01_2024",
    "beschikbaar": true,
    "promoEnd": "2025-10-24",
    "link": "https://www.aldi.nl/3-pack-boxershorts-1236772.html"
  },
  {
    "id": "1236764",
    "title": "HOME CREATION Pluchen kruik Per stuk",
    "category": "Speciaal assortiment",
    "price": 4.99,
    "promoPrice": 4.99,
    "price_per_unit": null,
    "unit": null,
    "image": "https://s7g10.scene7.com/is/image/aldinord/product_1236764_main_cms_15_nl_nl_pluchen_kruik_cw01_2024",
    "beschikbaar": true,
    "promoEnd": "2025-10-21",
    "link": "https://www.aldi.nl/pluchen-kruik-1236764.html"
  },
  {
    "id": "1236763",
    "title": "HOME CREATION Wasmand Per stuk",
    "category": "Speciaal assortiment",
    "price": 3.99,
    "promoPrice": 3.99,
    "price_per_unit": null,
    "unit": null,
    "image": "https://s7g10.scene7.com/is/image/aldinord/product_1236763_main_cms_13_nl_nl_wasmand_cw01_2024",
    "beschikbaar": true,
    "promoEnd": "2025-10-21",
    "link": "https://www.aldi.nl/wasmand-1236763.html"
  },
  {
    "id": "1236759",
    "title": "HOME CREATION Viltglijders of wiggen 8-98 stuks",
    "category": "Speciaal assortiment",
    "price": 1.49,
    "promoPrice": 1.49,
    "price_per_unit": null,
    "unit": null,
    "image": "https://s7g10.scene7.com/is/image/aldinord/product_1236759_main_cms_13_nl_nl_viltglijders_of_wiggen_cw01_2024",
    "beschikbaar": true,
    "promoEnd": "2025-10-24",
    "link": "https://www.aldi.nl/viltglijders-of-wiggen-1236759.html"
  },
  {
    "id": "1236757",
    "title": "HOME CREATION Vacuüm opbergzakken Per set",
    "category": "Speciaal assortiment",
    "price": 2.49,
    "promoPrice": 2.49,
    "price_per_unit": null,
    "unit": null,
    "image": "https://s7g10.scene7.com/is/image/aldinord/product_1236757_main_cms_11_nl_nl_vacuum_opbergzakken_cw01_2024",
    "beschikbaar": true,
    "promoEnd": "2025-10-21",
    "link": "https://www.aldi.nl/vacum-opbergzakken-1236757.html"
  },
  {
    "id": "1236749",
    "title": "LILY & DAN Halloween-onesie Per stuk",
    "category": "Speciaal assortiment",
    "price": 9.99,
    "promoPrice": 9.99,
    "price_per_unit": null,
    "unit": null,
    "image": "https://s7g10.scene7.com/is/image/aldinord/product_1236749_main_cms_4_nl_nl_halloween_onesie_cw01_2024",
    "beschikbaar": true,
    "promoEnd": "2025-10-24",
    "link": "https://www.aldi.nl/halloween-onesie-1236749.html"
  },
  {
    "id": "1236748",
    "title": "UP2FASHION 3-pack T-shirts 3-pack",
    "category": "Speciaal assortiment",
    "price": 11.99,
    "promoPrice": 11.99,
    "price_per_unit": null,
    "unit": null,
    "image": "https://s7g10.scene7.com/is/image/aldinord/product_1236748_main_cms_17_nl_nl_3_pack_t_shirts_cw01_2024",
    "beschikbaar": true,
    "promoEnd": "2025-10-24",
    "link": "https://www.aldi.nl/3-pack-t-shirts-1236748.html"
  },
  {
    "id": "1236746",
    "title": "UP2FASHION Gewatteerde lange jas Per stuk",
    "category": "Speciaal assortiment",
    "price": 21.99,
    "promoPrice": 21.99,
    "price_per_unit": null,
    "unit": null,
    "image": "https://s7g10.scene7.com/is/image/aldinord/product_1236746_main_cms_18_nl_nl_gewatteerde_lange_jas_cw01_2024",
    "beschikbaar": true,
    "promoEnd": "2025-10-24",
    "link": "https://www.aldi.nl/gewatteerde-lange-jas-1236746.html"
  },
  {
    "id": "1236741",
    "title": "HOME CREATION Halloweenlichtslinger Per stuk",
    "category": "Speciaal assortiment",
    "price": 2.99,
    "promoPrice": 2.99,
    "price_per_unit": null,
    "unit": null,
    "image": "https://s7g10.scene7.com/is/image/aldinord/product_1236741_main_cms_13_nl_nl_halloweenlichtslinger_cw01_2024",
    "beschikbaar": true,
    "promoEnd": "2025-10-24",
    "link": "https://www.aldi.nl/halloweenlichtslinger-1236741.html"
  },
  {
    "id": "1236739",
    "title": "UP2FASHION 3-pack singlets 3-pack",
    "category": "Speciaal assortiment",
    "price": 8.99,
    "promoPrice": 8.99,
    "price_per_unit": null,
    "unit": null,
    "image": "https://s7g10.scene7.com/is/image/aldinord/product_1236739_main_cms_32_nl_nl_3_pack_singlets_cw01_2024",
    "beschikbaar": true,
    "promoEnd": "2025-10-24",
    "link": "https://www.aldi.nl/3-pack-singlets-1236739.html"
  },
  {
    "id": "1236738",
    "title": "UP2FASHION Gevoerde sneakers Per paar",
    "category": "Speciaal assortiment",
    "price": 14.99,
    "promoPrice": 14.99,
    "price_per_unit": null,
    "unit": null,
    "image": "https://s7g10.scene7.com/is/image/aldinord/product_1236738_main_cms_9_nl_nl_gevoerde_sneakers_cw01_2024",
    "beschikbaar": true,
    "promoEnd": "2025-10-24",
    "link": "https://www.aldi.nl/gevoerde-sneakers-1236738.html"
  },
  {
    "id": "1236737",
    "title": "LILY & DAN Glow-in-the-dark Halloweenpyjama Per set",
    "category": "Speciaal assortiment",
    "price": 6.99,
    "promoPrice": 6.99,
    "price_per_unit": null,
    "unit": null,
    "image": "https://s7g10.scene7.com/is/image/aldinord/product_1236737_main_cms_18_nl_nl_glow_in_the_dark_halloweenpyjama_cw01_2024",
    "beschikbaar": true,
    "promoEnd": "2025-10-24",
    "link": "https://www.aldi.nl/glow-in-the-dark-halloweenpyjama-1236737.html"
  },
  {
    "id": "1236732",
    "title": "LILY & DAN Halloweenkostuum Per stuk",
    "category": "Speciaal assortiment",
    "price": 8.99,
    "promoPrice": 8.99,
    "price_per_unit": null,
    "unit": null,
    "image": "https://s7g10.scene7.com/is/image/aldinord/product_1236732_main_cms_8_nl_nl_halloweenkostuum_cw01_2024",
    "beschikbaar": true,
    "promoEnd": "2025-10-24",
    "link": "https://www.aldi.nl/halloweenkostuum-1236732.html"
  },
  {
    "id": "1236713",
    "title": "WORKZONE Montagetape Per stuk",
    "category": "Speciaal assortiment",
    "price": 2.49,
    "promoPrice": 2.49,
    "price_per_unit": null,
    "unit": null,
    "image": "https://s7g10.scene7.com/is/image/aldinord/product_1236713_main_cms_4_nl_nl_montagetape_cw01_2024",
    "beschikbaar": true,
    "promoEnd": "2025-10-24",
    "link": "https://www.aldi.nl/montagetape-1236713.html"
  },
  {
    "id": "1236702",
    "title": "Kipvleugeltjes 250 g",
    "category": "Vlees, vis, vega",
    "price": 2.49,
    "promoPrice": 2.49,
    "price_per_unit": null,
    "unit": null,
    "image": "https://s7g10.scene7.com/is/image/aldinord/product_1236702_main_cms_2_nl_nl_kipvleugeltjes_cw01_2024",
    "beschikbaar": true,
    "promoEnd": "2025-10-19",
    "link": "https://www.aldi.nl/kipvleugeltjes-1236702.html"
  },
  {
    "id": "1236699",
    "title": "HOME CREATION Pompoenkussen Per stuk",
    "category": "Speciaal assortiment",
    "price": 5.99,
    "promoPrice": 5.99,
    "price_per_unit": null,
    "unit": null,
    "image": "https://s7g10.scene7.com/is/image/aldinord/product_1236699_main_cms_21_nl_nl_pompoenkussen_cw01_2024",
    "beschikbaar": true,
    "promoEnd": "2025-10-24",
    "link": "https://www.aldi.nl/pompoenkussen-1236699.html"
  },
  {
    "id": "1236698",
    "title": "LILY & DAN 3-pack T-shirts 3-pack",
    "category": "Speciaal assortiment",
    "price": 9.99,
    "promoPrice": 9.99,
    "price_per_unit": null,
    "unit": null,
    "image": "https://s7g10.scene7.com/is/image/aldinord/product_1236698_main_cms_16_nl_nl_3_pack_t_shirts_cw01_2024",
    "beschikbaar": true,
    "promoEnd": "2025-10-24",
    "link": "https://www.aldi.nl/3-pack-t-shirts-1236698.html"
  },
  {
    "id": "1236688",
    "title": "HOME CREATION Deken faux fur Per stuk",
    "category": "Speciaal assortiment",
    "price": 17.99,
    "promoPrice": 17.99,
    "price_per_unit": null,
    "unit": null,
    "image": "https://s7g10.scene7.com/is/image/aldinord/product_1236688_main_cms_25_nl_nl_deken_faux_fur_cw01_2024",
    "beschikbaar": true,
    "promoEnd": "2025-10-21",
    "link": "https://www.aldi.nl/deken-faux-fur-1236688.html"
  },
  {
    "id": "1236687",
    "title": "HOME CREATION Sierkussen Per stuk",
    "category": "Speciaal assortiment",
    "price": 7.99,
    "promoPrice": 7.99,
    "price_per_unit": null,
    "unit": null,
    "image": "https://s7g10.scene7.com/is/image/aldinord/product_1236687_main_cms_13_nl_nl_sierkussen_cw01_2024",
    "beschikbaar": true,
    "promoEnd": "2025-10-21",
    "link": "https://www.aldi.nl/sierkussen-1236687.html"
  },
  {
    "id": "1236683",
    "title": "CRANE Winter hardloopschoenen Per paar",
    "category": "Speciaal assortiment",
    "price": 17.99,
    "promoPrice": 17.99,
    "price_per_unit": null,
    "unit": null,
    "image": "https://s7g10.scene7.com/is/image/aldinord/product_1236683_main_cms_7_nl_nl_winter_hardloopschoenen_cw01_2024",
    "beschikbaar": true,
    "promoEnd": "2025-10-21",
    "link": "https://www.aldi.nl/winter-hardloopschoenen-1236683.html"
  },
  {
    "id": "1236682",
    "title": "NOVITESSE Hoofdkussen Per stuk",
    "category": "Speciaal assortiment",
    "price": 9.99,
    "promoPrice": 9.99,
    "price_per_unit": null,
    "unit": null,
    "image": "https://s7g10.scene7.com/is/image/aldinord/product_1236682_main_cms_1_nl_nl_hoofdkussen_cw01_2024",
    "beschikbaar": true,
    "promoEnd": "2025-10-21",
    "link": "https://www.aldi.nl/hoofdkussen-1236682.html"
  },
  {
    "id": "1236632",
    "title": "CRANE Softshell loopjack Per stuk",
    "category": "Speciaal assortiment",
    "price": 16.99,
    "promoPrice": 16.99,
    "price_per_unit": null,
    "unit": null,
    "image": "https://s7g10.scene7.com/is/image/aldinord/product_1236632_main_cms_7_nl_nl_softshell_loopjack_cw01_2024",
    "beschikbaar": true,
    "promoEnd": "2025-10-21",
    "link": "https://www.aldi.nl/softshell-loopjack-1236632.html"
  },
  {
    "id": "1236612",
    "title": "CRANE Winter hardloopbroek Per stuk",
    "category": "Speciaal assortiment",
    "price": 8.99,
    "promoPrice": 8.99,
    "price_per_unit": null,
    "unit": null,
    "image": "https://s7g10.scene7.com/is/image/aldinord/product_1236612_main_cms_15_nl_nl_winter_hardloopbroek_cw01_2024",
    "beschikbaar": true,
    "promoEnd": "2025-10-21",
    "link": "https://www.aldi.nl/winter-hardloopbroek-1236612.html"
  },
  {
    "id": "1236611",
    "title": "BARISSIMO Oploskoffie gold Inhoud: 56 kopjes, 100 g",
    "category": "Koffie, thee",
    "price": 2.99,
    "promoPrice": 2.99,
    "price_per_unit": null,
    "unit": null,
    "image": "https://s7g10.scene7.com/is/image/aldinord/product_1236611_main_cms_2_nl_nl_oploskoffie_gold_cw01_2024",
    "beschikbaar": true,
    "promoEnd": "2025-10-19",
    "link": "https://www.aldi.nl/oploskoffie-gold-1236611.html"
  },
  {
    "id": "1236608",
    "title": "CRANE Winter hardloopshirt Per stuk",
    "category": "Speciaal assortiment",
    "price": 8.99,
    "promoPrice": 8.99,
    "price_per_unit": null,
    "unit": null,
    "image": "https://s7g10.scene7.com/is/image/aldinord/product_1236608_main_cms_10_nl_nl_winter_hardloopshirt_cw01_2024",
    "beschikbaar": true,
    "promoEnd": "2025-10-21",
    "link": "https://www.aldi.nl/winter-hardloopshirt-1236608.html"
  },
  {
    "id": "1236593",
    "title": "GOLDEN SEAFOOD Maatjesharing 2 stuks",
    "category": "Vlees, vis, vega",
    "price": 1.99,
    "promoPrice": null,
    "price_per_unit": null,
    "unit": null,
    "image": "https://s7g10.scene7.com/is/image/aldinord/product_1236593_main_cms_1_nl_nl_maatjesharing_cw01_2024",
    "beschikbaar": true,
    "promoEnd": null,
    "link": "https://www.aldi.nl/maatjesharing-1236593.html"
  },
  {
    "id": "1236541",
    "title": "GOURMET Argentijnse steaks Inhoud: 2 stuks, 250 g",
    "category": "Speciaal assortiment",
    "price": 4.99,
    "promoPrice": 4.99,
    "price_per_unit": null,
    "unit": null,
    "image": "https://s7g10.scene7.com/is/image/aldinord/product_1236541_main_cms_1_nl_nl_argentijnse_steaks_cw01_2024",
    "beschikbaar": true,
    "promoEnd": "2025-10-12",
    "link": "https://www.aldi.nl/argentijnse-steaks-1236541.html"
  },
  {
    "id": "1236263",
    "title": "ASIA GREEN GARDEN Kiploempia Inhoud: 2 stuks, 400 g",
    "category": "Vlees, vis, vega",
    "price": null,
    "promoPrice": null,
    "price_per_unit": null,
    "unit": null,
    "image": "https://s7g10.scene7.com/is/image/aldinord/product_1236263_main_cms_1_nl_nl_kiploempia_cw01_2024",
    "beschikbaar": true,
    "promoEnd": null,
    "link": "https://www.aldi.nl/kiploempia-1236263.html"
  },
  {
    "id": "1236205",
    "title": "ASIA GREEN GARDEN Aziatische kip dippers 500 g",
    "category": "Vlees, vis, vega",
    "price": 3.99,
    "promoPrice": 3.99,
    "price_per_unit": null,
    "unit": null,
    "image": "https://s7g10.scene7.com/is/image/aldinord/product_1236205_main_cms_3_nl_nl_aziatische_kip_dippers_cw01_2024",
    "beschikbaar": true,
    "promoEnd": "2025-10-19",
    "link": "https://www.aldi.nl/aziatische-kip-dippers-1236205.html"
  },
  {
    "id": "1236194",
    "title": "FRIESCHE VLAG Halvamel 455 ml",
    "category": "Zuivel, eieren",
    "price": null,
    "promoPrice": null,
    "price_per_unit": null,
    "unit": null,
    "image": "https://s7g10.scene7.com/is/image/aldinord/product_1236194_main_cms_1_nl_nl_halvamel_cw01_2024",
    "beschikbaar": true,
    "promoEnd": null,
    "link": "https://www.aldi.nl/halvamel-1236194.html"
  },
  {
    "id": "1236016",
    "title": "Börek stick ham-kaas Per stuk",
    "category": "Zuivel, eieren",
    "price": 0.49,
    "promoPrice": 0.49,
    "price_per_unit": null,
    "unit": null,
    "image": "https://s7g10.scene7.com/is/image/aldinord/product_1236016_main_cms_3_nl_nl_borek_stick_ham_kaas_cw01_2024",
    "beschikbaar": true,
    "promoEnd": "2025-10-12",
    "link": "https://www.aldi.nl/brek-stick-ham-kaas-1236016.html"
  },
  {
    "id": "1235974",
    "title": "MILSANI Romige kwark 500 g",
    "category": "Zuivel, eieren",
    "price": 1.79,
    "promoPrice": null,
    "price_per_unit": 3.58,
    "unit": "KG",
    "image": "https://s7g10.scene7.com/is/image/aldinord/product_1235974_main_cms_4_nl_nl_romige_kwark_cw01_2024",
    "beschikbaar": true,
    "promoEnd": null,
    "link": "https://www.aldi.nl/romige-kwark-1235974.html"
  },
  {
    "id": "1235934",
    "title": "La Capelude Grande Reserve, Frankrijk 0.75 l",
    "category": "Speciaal assortiment",
    "price": 4.99,
    "promoPrice": null,
    "price_per_unit": null,
    "unit": null,
    "image": "https://s7g10.scene7.com/is/image/aldinord/product_1235934_main_cms_2_nl_nl_la_capelude_grande_reserve_frankrijk_cw01_2024",
    "beschikbaar": true,
    "promoEnd": null,
    "link": "https://www.aldi.nl/la-capelude-grande-reserve-frankrijk-1235934.html"
  },
  {
    "id": "1235908",
    "title": "Moka Flat White Chardonnay 0.75 l",
    "category": "Speciaal assortiment",
    "price": 5.49,
    "promoPrice": 5.49,
    "price_per_unit": null,
    "unit": null,
    "image": "https://s7g10.scene7.com/is/image/aldinord/product_1235908_main_cms_2_nl_nl_moka_flat_white_chardonnay_cw01_2024",
    "beschikbaar": true,
    "promoEnd": "2025-10-19",
    "link": "https://www.aldi.nl/moka-flat-white-chardonnay-1235908.html"
  },
  {
    "id": "1235907",
    "title": "Moka Dark Roast Pinotage 0.75 l",
    "category": "Speciaal assortiment",
    "price": 5.49,
    "promoPrice": 5.49,
    "price_per_unit": null,
    "unit": null,
    "image": "https://s7g10.scene7.com/is/image/aldinord/product_1235907_main_cms_2_nl_nl_moka_dark_roast_pinotage_cw01_2024",
    "beschikbaar": true,
    "promoEnd": "2025-10-19",
    "link": "https://www.aldi.nl/moka-dark-roast-pinotage-1235907.html"
  },
  {
    "id": "1235688",
    "title": "TANDIL Wasverzachter 33 wasbeurten",
    "category": "Huishouden",
    "price": 1.75,
    "promoPrice": null,
    "price_per_unit": null,
    "unit": null,
    "image": "https://s7g10.scene7.com/is/image/aldinord/product_1235688_main_cms_1_nl_nl_wasverzachter_cw01_2024",
    "beschikbaar": true,
    "promoEnd": null,
    "link": "https://www.aldi.nl/wasverzachter-1235688.html"
  },
  {
    "id": "1235659",
    "title": "Casino wit Heel",
    "category": "Speciaal assortiment",
    "price": 1.49,
    "promoPrice": 1.29,
    "price_per_unit": null,
    "unit": null,
    "image": "https://s7g10.scene7.com/is/image/aldinord/product_1235659_main_cms_1_nl_nl_casino_wit_cw01_2024",
    "beschikbaar": true,
    "promoEnd": "2025-10-19",
    "link": "https://www.aldi.nl/casino-wit-1235659.html"
  },
  {
    "id": "1235654",
    "title": "NOVITESSE Handdoeken Per stuk/set",
    "category": "Speciaal assortiment",
    "price": 6.99,
    "promoPrice": 6.99,
    "price_per_unit": null,
    "unit": null,
    "image": "https://s7g10.scene7.com/is/image/aldinord/product_1235654_main_cms_20_nl_nl_handdoeken_cw01_2024",
    "beschikbaar": true,
    "promoEnd": "2025-10-24",
    "link": "https://www.aldi.nl/handdoeken-1235654.html"
  },
  {
    "id": "1235590",
    "title": "CRANE 3-pack fitnesssokken 3-pack",
    "category": "Speciaal assortiment",
    "price": 3.99,
    "promoPrice": 3.99,
    "price_per_unit": null,
    "unit": null,
    "image": "https://s7g10.scene7.com/is/image/aldinord/product_1235590_main_cms_108_nl_nl_3_pack_fitnesssokken_cw01_2024",
    "beschikbaar": true,
    "promoEnd": "2025-10-21",
    "link": "https://www.aldi.nl/3-pack-fitnesssokken-1235590.html"
  },
  {
    "id": "1235582",
    "title": "SNACK FAN Kaassticks 130 g",
    "category": "Snoep, koek, chips",
    "price": 3.49,
    "promoPrice": null,
    "price_per_unit": null,
    "unit": null,
    "image": "https://s7g10.scene7.com/is/image/aldinord/product_1235582_main_cms_2_nl_nl_kaassticks_cw01_2024",
    "beschikbaar": true,
    "promoEnd": null,
    "link": "https://www.aldi.nl/kaassticks-1235582.html"
  },
  {
    "id": "1235578",
    "title": "SNACK FAN Pittige hapjes 195 g",
    "category": "Snoep, koek, chips",
    "price": 3.19,
    "promoPrice": null,
    "price_per_unit": null,
    "unit": null,
    "image": "https://s7g10.scene7.com/is/image/aldinord/product_1235578_main_cms_2_nl_nl_pittige_hapjes_cw01_2024",
    "beschikbaar": true,
    "promoEnd": null,
    "link": "https://www.aldi.nl/pittige-hapjes-1235578.html"
  },
  {
    "id": "1235555",
    "title": "BARISSIMO Bio Fairtrade koffiebonen caffè crema 1 kg",
    "category": "Koffie, thee",
    "price": 16.99,
    "promoPrice": null,
    "price_per_unit": null,
    "unit": null,
    "image": "https://s7g10.scene7.com/is/image/aldinord/product_1235555_main_cms_1_nl_nl_bio_fairtrade_koffiebonen_caffe_crema_cw01_2024",
    "beschikbaar": true,
    "promoEnd": null,
    "link": "https://www.aldi.nl/bio-fairtrade-koffiebonen-caff-crema-1235555.html"
  },
  {
    "id": "1235479",
    "title": "RIO D 'ORO Smoothie 250 ml",
    "category": "Speciaal assortiment",
    "price": 1.19,
    "promoPrice": null,
    "price_per_unit": null,
    "unit": null,
    "image": "https://s7g10.scene7.com/is/image/aldinord/product_1235479_main_cms_3_nl_nl_smoothie_cw01_2024",
    "beschikbaar": true,
    "promoEnd": null,
    "link": "https://www.aldi.nl/smoothie-1235479.html"
  },
  {
    "id": "1235416",
    "title": "RIO D'ORO Verse smoothie mango-passievrucht 250 ml",
    "category": "Groente, aardappelen",
    "price": 1.49,
    "promoPrice": null,
    "price_per_unit": null,
    "unit": null,
    "image": "https://s7g10.scene7.com/is/image/aldinord/product_1235416_main_cms_1_nl_nl_verse_smoothie_mango_passievrucht_cw01_2024",
    "beschikbaar": true,
    "promoEnd": null,
    "link": "https://www.aldi.nl/verse-smoothie-mango-passievrucht-1235416.html"
  },
  {
    "id": "1235375",
    "title": "Ribkarbonade 560 g",
    "category": "Vlees, vis, vega",
    "price": 4.79,
    "promoPrice": null,
    "price_per_unit": null,
    "unit": null,
    "image": "https://s7g10.scene7.com/is/image/aldinord/product_1235375_main_cms_2_nl_nl_ribkarbonade_cw01_2024",
    "beschikbaar": true,
    "promoEnd": null,
    "link": "https://www.aldi.nl/ribkarbonade-1235375.html"
  },
  {
    "id": "1235372",
    "title": "Rundervinken Inhoud: 4 stuks, 400 g",
    "category": "Vlees, vis, vega",
    "price": 5.99,
    "promoPrice": null,
    "price_per_unit": null,
    "unit": null,
    "image": "https://s7g10.scene7.com/is/image/aldinord/product_1235372_main_cms_1_nl_nl_rundervinken_cw01_2024",
    "beschikbaar": true,
    "promoEnd": null,
    "link": "https://www.aldi.nl/rundervinken-1235372.html"
  },
  {
    "id": "1235371",
    "title": "Verse hamlappen Inhoud: 4 stuks, 500 g",
    "category": "Vlees, vis, vega",
    "price": 5.19,
    "promoPrice": null,
    "price_per_unit": null,
    "unit": null,
    "image": "https://s7g10.scene7.com/is/image/aldinord/product_1235371_main_cms_2_nl_nl_verse_hamlappen_cw01_2024",
    "beschikbaar": true,
    "promoEnd": null,
    "link": "https://www.aldi.nl/verse-hamlappen-1235371.html"
  },
  {
    "id": "1235370",
    "title": "Gehakt cordon bleu Inhoud: 4 stuks, 488 g",
    "category": "Vlees, vis, vega",
    "price": 4.99,
    "promoPrice": null,
    "price_per_unit": null,
    "unit": null,
    "image": "https://s7g10.scene7.com/is/image/aldinord/product_1235370_main_cms_2_nl_nl_gehakt_cordon_bleu_cw01_2024",
    "beschikbaar": true,
    "promoEnd": null,
    "link": "https://www.aldi.nl/gehakt-cordon-bleu-1235370.html"
  },
  {
    "id": "1235329",
    "title": "HOME CREATION Kokos borstelmat Per stuk.",
    "category": "Speciaal assortiment",
    "price": 8.99,
    "promoPrice": 8.99,
    "price_per_unit": null,
    "unit": null,
    "image": "https://s7g10.scene7.com/is/image/aldinord/product_1235329_main_cms_4_nl_nl_kokos_borstelmat_cw01_2024",
    "beschikbaar": true,
    "promoEnd": "2025-10-24",
    "link": "https://www.aldi.nl/kokos-borstelmat-1235329.html"
  },
  {
    "id": "1235278",
    "title": "RIO D'ORO Sinaasappelsap 2 l",
    "category": "Groente, aardappelen",
    "price": 3.65,
    "promoPrice": null,
    "price_per_unit": null,
    "unit": null,
    "image": "https://s7g10.scene7.com/is/image/aldinord/product_1235278_main_cms_1_nl_nl_sinaasappelsap_cw01_2024",
    "beschikbaar": true,
    "promoEnd": null,
    "link": "https://www.aldi.nl/sinaasappelsap-1235278.html"
  },
  {
    "id": "1235231",
    "title": "RIO D'ORO Verse sap bosvruchten-appel 250 ml",
    "category": "Groente, aardappelen",
    "price": 1.49,
    "promoPrice": null,
    "price_per_unit": null,
    "unit": null,
    "image": "https://s7g10.scene7.com/is/image/aldinord/product_1235231_main_cms_1_nl_nl_verse_sap_bosvruchten_appel_cw01_2024",
    "beschikbaar": true,
    "promoEnd": null,
    "link": "https://www.aldi.nl/verse-sap-bosvruchten-appel-1235231.html"
  },
  {
    "id": "1235230",
    "title": "RIO D'ORO Verse smoothie mango avocado kokos 250 ml",
    "category": "Groente, aardappelen",
    "price": 1.49,
    "promoPrice": null,
    "price_per_unit": null,
    "unit": null,
    "image": "https://s7g10.scene7.com/is/image/aldinord/product_1235230_main_cms_1_nl_nl_verse_smoothie_mango_avocado_kokos_cw01_2024",
    "beschikbaar": true,
    "promoEnd": null,
    "link": "https://www.aldi.nl/verse-smoothie-mango-avocado-kokos-1235230.html"
  },
  {
    "id": "1235229",
    "title": "RIO D'ORO Verse sap ananas-meloen-mango 250 ml",
    "category": "Groente, aardappelen",
    "price": 1.49,
    "promoPrice": null,
    "price_per_unit": null,
    "unit": null,
    "image": "https://s7g10.scene7.com/is/image/aldinord/product_1235229_main_cms_1_nl_nl_verse_sap_ananas_meloen_mango_cw01_2024",
    "beschikbaar": true,
    "promoEnd": null,
    "link": "https://www.aldi.nl/verse-sap-ananas-meloen-mango-1235229.html"
  },
  {
    "id": "1235169",
    "title": "Scharrelkipgehakt 400 g",
    "category": "Vlees, vis, vega",
    "price": 4.99,
    "promoPrice": null,
    "price_per_unit": null,
    "unit": null,
    "image": "https://s7g10.scene7.com/is/image/aldinord/product_1235169_main_cms_1_nl_nl_scharrelkipgehakt_cw01_2024",
    "beschikbaar": true,
    "promoEnd": null,
    "link": "https://www.aldi.nl/scharrelkipgehakt-1235169.html"
  },
  {
    "id": "1235165",
    "title": "Kipdijfilet 800 g",
    "category": "Vlees, vis, vega",
    "price": 8.59,
    "promoPrice": 6.99,
    "price_per_unit": null,
    "unit": null,
    "image": "https://s7g10.scene7.com/is/image/aldinord/product_1235165_main_cms_2_nl_nl_kipdijfilet_cw01_2024",
    "beschikbaar": true,
    "promoEnd": "2025-10-19",
    "link": "https://www.aldi.nl/kipdijfilet-1235165.html"
  },
  {
    "id": "1234997",
    "title": "HEERLIJCK BANKET Kano's met karamel Inhoud: 5 stuks, 230 g",
    "category": "Speciaal assortiment",
    "price": 1.29,
    "promoPrice": 1.29,
    "price_per_unit": null,
    "unit": null,
    "image": "https://s7g10.scene7.com/is/image/aldinord/product_1234997_main_cms_1_nl_nl_kano_s_met_karamel_cw01_2024",
    "beschikbaar": true,
    "promoEnd": "2025-10-12",
    "link": "https://www.aldi.nl/kanos-met-karamel-1234997.html"
  },
  {
    "id": "1234971",
    "title": "HOME CREATION Uitschuifbaar droogrek Per stuk",
    "category": "Speciaal assortiment",
    "price": 24.99,
    "promoPrice": 24.99,
    "price_per_unit": null,
    "unit": null,
    "image": "https://s7g10.scene7.com/is/image/aldinord/product_1234971_main_cms_21_nl_nl_uitschuifbaar_droogrek_cw01_2024",
    "beschikbaar": true,
    "promoEnd": "2025-10-21",
    "link": "https://www.aldi.nl/uitschuifbaar-droogrek-1234971.html"
  },
  {
    "id": "1234960",
    "title": "NOVITESSE Opvouwbaar matras Per stuk",
    "category": "Speciaal assortiment",
    "price": 34.99,
    "promoPrice": 34.99,
    "price_per_unit": null,
    "unit": null,
    "image": "https://s7g10.scene7.com/is/image/aldinord/product_1234960_main_cms_2_nl_nl_opvouwbaar_matras_cw01_2024",
    "beschikbaar": true,
    "promoEnd": "2025-10-21",
    "link": "https://www.aldi.nl/opvouwbaar-matras-1234960.html"
  },
  {
    "id": "1234949",
    "title": "Galiameloen Per kilo",
    "category": "Groente, aardappelen",
    "price": 2.25,
    "promoPrice": null,
    "price_per_unit": null,
    "unit": null,
    "image": "https://s7g10.scene7.com/is/image/aldinord/product_1234949_main_cms_3_nl_nl_galiameloen_cw01_2024",
    "beschikbaar": true,
    "promoEnd": null,
    "link": "https://www.aldi.nl/galiameloen-1234949.html"
  },
  {
    "id": "1234948",
    "title": "Watermeloen Per kilo",
    "category": "Groente, aardappelen",
    "price": 1.4,
    "promoPrice": null,
    "price_per_unit": null,
    "unit": null,
    "image": "https://s7g10.scene7.com/is/image/aldinord/product_1234948_main_cms_4_nl_nl_watermeloen_cw01_2024",
    "beschikbaar": true,
    "promoEnd": null,
    "link": "https://www.aldi.nl/watermeloen-1234948.html"
  },
  {
    "id": "1234947",
    "title": "Honingmeloen Per kilo",
    "category": "Groente, aardappelen",
    "price": 1.99,
    "promoPrice": null,
    "price_per_unit": null,
    "unit": null,
    "image": "https://s7g10.scene7.com/is/image/aldinord/product_1234947_main_cms_3_nl_nl_honingmeloen_cw01_2024",
    "beschikbaar": true,
    "promoEnd": null,
    "link": "https://www.aldi.nl/honingmeloen-1234947.html"
  },
  {
    "id": "1234927",
    "title": "Verse meloenmix 175 g",
    "category": "Groente, aardappelen",
    "price": 1.49,
    "promoPrice": null,
    "price_per_unit": null,
    "unit": null,
    "image": "https://s7g10.scene7.com/is/image/aldinord/product_1234927_main_cms_2_nl_nl_verse_meloenmix_cw01_2024",
    "beschikbaar": true,
    "promoEnd": null,
    "link": "https://www.aldi.nl/verse-meloenmix-1234927.html"
  },
  {
    "id": "1234925",
    "title": "Verse watermeloen 175 g",
    "category": "Groente, aardappelen",
    "price": 1.49,
    "promoPrice": null,
    "price_per_unit": null,
    "unit": null,
    "image": "https://s7g10.scene7.com/is/image/aldinord/product_1234925_main_cms_2_nl_nl_verse_watermeloen_cw01_2024",
    "beschikbaar": true,
    "promoEnd": null,
    "link": "https://www.aldi.nl/verse-watermeloen-1234925.html"
  },
  {
    "id": "1234918",
    "title": "Verse ananas 175 g",
    "category": "Groente, aardappelen",
    "price": 1.49,
    "promoPrice": null,
    "price_per_unit": null,
    "unit": null,
    "image": "https://s7g10.scene7.com/is/image/aldinord/product_1234918_main_cms_2_nl_nl_verse_ananas_cw01_2024",
    "beschikbaar": true,
    "promoEnd": null,
    "link": "https://www.aldi.nl/verse-ananas-1234918.html"
  },
  {
    "id": "1234915",
    "title": "Verse fruitsalade 175 g",
    "category": "Groente, aardappelen",
    "price": 1.49,
    "promoPrice": null,
    "price_per_unit": null,
    "unit": null,
    "image": "https://s7g10.scene7.com/is/image/aldinord/product_1234915_main_cms_2_nl_nl_verse_fruitsalade_cw01_2024",
    "beschikbaar": true,
    "promoEnd": null,
    "link": "https://www.aldi.nl/verse-fruitsalade-1234915.html"
  },
  {
    "id": "1234843",
    "title": "RIO D'ORO Rood fruit 2 l",
    "category": "Groente, aardappelen",
    "price": 3.69,
    "promoPrice": null,
    "price_per_unit": null,
    "unit": null,
    "image": "https://s7g10.scene7.com/is/image/aldinord/product_1234843_main_cms_1_nl_nl_rood_fruit_cw01_2024",
    "beschikbaar": true,
    "promoEnd": null,
    "link": "https://www.aldi.nl/rood-fruit-1234843.html"
  },
  {
    "id": "1234842",
    "title": "RIO D'ORO Multifruit 2 l",
    "category": "Groente, aardappelen",
    "price": 3.49,
    "promoPrice": null,
    "price_per_unit": null,
    "unit": null,
    "image": "https://s7g10.scene7.com/is/image/aldinord/product_1234842_main_cms_1_nl_nl_multifruit_cw01_2024",
    "beschikbaar": true,
    "promoEnd": null,
    "link": "https://www.aldi.nl/multifruit-1234842.html"
  },
  {
    "id": "1234813",
    "title": "FRISTI Drinkyoghurt rood fruit 1 l",
    "category": "Zuivel, eieren",
    "price": null,
    "promoPrice": null,
    "price_per_unit": null,
    "unit": null,
    "image": "https://s7g10.scene7.com/is/image/aldinord/product_1234813_main_cms_1_nl_nl_drinkyoghurt_rood_fruit_cw01_2024",
    "beschikbaar": true,
    "promoEnd": null,
    "link": "https://www.aldi.nl/drinkyoghurt-rood-fruit-1234813.html"
  },
  {
    "id": "1234808",
    "title": "Abrikoos-amandeltaartje Per stuk",
    "category": "Speciaal assortiment",
    "price": 3.99,
    "promoPrice": 3.99,
    "price_per_unit": null,
    "unit": null,
    "image": "https://s7g10.scene7.com/is/image/aldinord/product_1234808_main_cms_1_nl_nl_abrikoos_amandeltaartje_cw01_2024",
    "beschikbaar": true,
    "promoEnd": "2025-10-19",
    "link": "https://www.aldi.nl/abrikoos-amandeltaartje-1234808.html"
  },
  {
    "id": "1234745",
    "title": "DAYLICIOUS Gesneden prei 200 g",
    "category": "Groente, aardappelen",
    "price": 0.99,
    "promoPrice": null,
    "price_per_unit": null,
    "unit": null,
    "image": "https://s7g10.scene7.com/is/image/aldinord/product_1234745_main_cms_3_nl_nl_gesneden_prei_cw01_2024",
    "beschikbaar": true,
    "promoEnd": null,
    "link": "https://www.aldi.nl/gesneden-prei-1234745.html"
  },
  {
    "id": "1234744",
    "title": "DAYLICIOUS Wortel julienne 150 g",
    "category": "Groente, aardappelen",
    "price": 0.99,
    "promoPrice": null,
    "price_per_unit": null,
    "unit": null,
    "image": "https://s7g10.scene7.com/is/image/aldinord/product_1234744_main_cms_2_nl_nl_wortel_julienne_cw01_2024",
    "beschikbaar": true,
    "promoEnd": null,
    "link": "https://www.aldi.nl/wortel-julienne-1234744.html"
  },
  {
    "id": "1234743",
    "title": "DAYLICIOUS Gesneden andijvie 250 g",
    "category": "Groente, aardappelen",
    "price": 1.29,
    "promoPrice": 0.99,
    "price_per_unit": null,
    "unit": null,
    "image": "https://s7g10.scene7.com/is/image/aldinord/product_1234743_main_cms_2_nl_nl_gesneden_andijvie_cw01_2024",
    "beschikbaar": true,
    "promoEnd": "2025-10-19",
    "link": "https://www.aldi.nl/gesneden-andijvie-1234743.html"
  },
  {
    "id": "1234739",
    "title": "LOTTO 5-pack sportsokken 5-pack",
    "category": "Speciaal assortiment",
    "price": 4.99,
    "promoPrice": 4.99,
    "price_per_unit": null,
    "unit": null,
    "image": "https://s7g10.scene7.com/is/image/aldinord/product_1234739_main_cms_3_nl_nl_5_pack_sportsokken_cw01_2024",
    "beschikbaar": true,
    "promoEnd": "2025-10-21",
    "link": "https://www.aldi.nl/5-pack-sportsokken-1234739.html"
  },
  {
    "id": "1234727",
    "title": "RIO D'ORO Vers sap 250 ml",
    "category": "Groente, aardappelen",
    "price": 1.49,
    "promoPrice": 1.19,
    "price_per_unit": null,
    "unit": null,
    "image": "https://s7g10.scene7.com/is/image/aldinord/product_1234727_main_cms_1_nl_nl_vers_sap_cw01_2024",
    "beschikbaar": true,
    "promoEnd": "2025-10-19",
    "link": "https://www.aldi.nl/vers-sap-1234727.html"
  },
  {
    "id": "1234716",
    "title": "RIO D'ORO Sinaasappel banaan 1 l",
    "category": "Groente, aardappelen",
    "price": 3.79,
    "promoPrice": null,
    "price_per_unit": null,
    "unit": null,
    "image": "https://s7g10.scene7.com/is/image/aldinord/product_1234716_main_cms_1_nl_nl_sinaasappel_banaan_cw01_2024",
    "beschikbaar": true,
    "promoEnd": null,
    "link": "https://www.aldi.nl/sinaasappel-banaan-1234716.html"
  },
  {
    "id": "1234405",
    "title": "MY VAY Kokosgurt 400 g",
    "category": "Zuivel, eieren",
    "price": 1.79,
    "promoPrice": 1.49,
    "price_per_unit": null,
    "unit": null,
    "image": "https://s7g10.scene7.com/is/image/aldinord/product_1234405_main_cms_1_nl_nl_kokosgurt_cw01_2024",
    "beschikbaar": true,
    "promoEnd": "2025-10-19",
    "link": "https://www.aldi.nl/kokosgurt-1234405.html"
  },
  {
    "id": "1234333",
    "title": "LAY'S Max naturel 275 g",
    "category": "Snoep, koek, chips",
    "price": null,
    "promoPrice": null,
    "price_per_unit": null,
    "unit": null,
    "image": "https://s7g10.scene7.com/is/image/aldinord/product_1234333_main_cms_2_nl_nl_max_naturel_cw01_2024",
    "beschikbaar": true,
    "promoEnd": null,
    "link": "https://www.aldi.nl/max-naturel-1234333.html"
  },
  {
    "id": "1234318",
    "title": "MOSER ROTH Chocolat Délice 150 g",
    "category": "Frisdrank, sappen",
    "price": 2.49,
    "promoPrice": 2.49,
    "price_per_unit": null,
    "unit": null,
    "image": "https://s7g10.scene7.com/is/image/aldinord/product_1234318_main_cms_9_nl_nl_chocolat_delice_cw01_2024",
    "beschikbaar": true,
    "promoEnd": "2025-10-12",
    "link": "https://www.aldi.nl/chocolat-dlice-1234318.html"
  },
  {
    "id": "1234188",
    "title": "BARISSIMO Koffiecapsules latte pumpkin spice 16 capsules",
    "category": "Koffie, thee",
    "price": 3.99,
    "promoPrice": 3.99,
    "price_per_unit": null,
    "unit": null,
    "image": "https://s7g10.scene7.com/is/image/aldinord/product_1234188_main_cms_1_nl_nl_koffiecapsules_pumpkin_spice_latte_cw01_2024",
    "beschikbaar": true,
    "promoEnd": "2025-10-12",
    "link": "https://www.aldi.nl/koffiecapsules-latte-pumpkin-spice-1234188.html"
  },
  {
    "id": "1233721",
    "title": "ASIA GREEN GARDEN Naanbrood 400 g",
    "category": "Speciaal assortiment",
    "price": 1.99,
    "promoPrice": 1.99,
    "price_per_unit": 4.98,
    "unit": "KG",
    "image": "https://s7g10.scene7.com/is/image/aldinord/product_1233721_main_cms_7_nl_nl_naanbrood_cw01_2024",
    "beschikbaar": true,
    "promoEnd": "2025-10-19",
    "link": "https://www.aldi.nl/naanbrood-1233721.html"
  },
  {
    "id": "1233596",
    "title": "RIVER Cola Zero 8x0,33 l",
    "category": "Frisdrank, sappen",
    "price": 2.89,
    "promoPrice": null,
    "price_per_unit": null,
    "unit": null,
    "image": "https://s7g10.scene7.com/is/image/aldinord/product_1233596_main_cms_3_nl_nl_cola_zero_cw01_2024",
    "beschikbaar": true,
    "promoEnd": null,
    "link": "https://www.aldi.nl/cola-zero-1233596.html"
  },
  {
    "id": "1233541",
    "title": "RIO D'ORO Passievruchtennectar 1 l",
    "category": "Speciaal assortiment",
    "price": 1.49,
    "promoPrice": 1.49,
    "price_per_unit": null,
    "unit": null,
    "image": "https://s7g10.scene7.com/is/image/aldinord/product_1233541_main_cms_1_nl_nl_passievruchtennectar_cw01_2024",
    "beschikbaar": true,
    "promoEnd": "2025-10-19",
    "link": "https://www.aldi.nl/passievruchtennectar-1233541.html"
  },
  {
    "id": "1233528",
    "title": "CROFTON 3-delige keukenmessenset Per set",
    "category": "Speciaal assortiment",
    "price": 3.99,
    "promoPrice": 3.99,
    "price_per_unit": null,
    "unit": null,
    "image": "https://s7g10.scene7.com/is/image/aldinord/product_1233528_main_cms_15_nl_nl_3_delige_keukenmessenset_cw01_2024",
    "beschikbaar": true,
    "promoEnd": "2025-10-24",
    "link": "https://www.aldi.nl/3-delige-keukenmessenset-1233528.html"
  },
  {
    "id": "1233511",
    "title": "ROBIJN Wasverzachter 30 wasbeurten",
    "category": "Huishouden",
    "price": null,
    "promoPrice": null,
    "price_per_unit": null,
    "unit": null,
    "image": "https://s7g10.scene7.com/is/image/aldinord/product_1233511_main_cms_2_nl_nl_wasverzachter_cw01_2024",
    "beschikbaar": true,
    "promoEnd": null,
    "link": "https://www.aldi.nl/wasverzachter-1233511.html"
  },
  {
    "id": "1233491",
    "title": "TROPHY SMAAKMAKERS Yogonaise 500 ml",
    "category": "Maaltijden, salades",
    "price": 1.39,
    "promoPrice": null,
    "price_per_unit": null,
    "unit": null,
    "image": "https://s7g10.scene7.com/is/image/aldinord/product_1233491_main_cms_1_nl_nl_yogonaise_cw01_2024",
    "beschikbaar": true,
    "promoEnd": null,
    "link": "https://www.aldi.nl/yogonaise-1233491.html"
  },
  {
    "id": "1233467",
    "title": "LYTTOS Griekse olijfolie extra vierge 500 ml",
    "category": "Maaltijden, salades",
    "price": 6.99,
    "promoPrice": null,
    "price_per_unit": null,
    "unit": null,
    "image": "https://s7g10.scene7.com/is/image/aldinord/product_1233467_main_cms_2_nl_nl_griekse_olijfolie_extra_vierge_cw01_2024",
    "beschikbaar": true,
    "promoEnd": null,
    "link": "https://www.aldi.nl/griekse-olijfolie-extra-vierge-1233467.html"
  },
  {
    "id": "1233435",
    "title": "Valpolicella Ripasso, Italië 0.75 l",
    "category": "Huis, tuin en seizoen",
    "price": 6.99,
    "promoPrice": null,
    "price_per_unit": null,
    "unit": null,
    "image": "https://s7g10.scene7.com/is/image/aldinord/product_1233435_main_cms_3_nl_nl_valpolicella_ripasso_italie_cw01_2024",
    "beschikbaar": true,
    "promoEnd": null,
    "link": "https://www.aldi.nl/valpolicella-ripasso-itali-1233435.html"
  },
  {
    "id": "1233434",
    "title": "La Fenice Friuli Pinot Grigio, Italië 0.75 l",
    "category": "Huis, tuin en seizoen",
    "price": 5.99,
    "promoPrice": null,
    "price_per_unit": null,
    "unit": null,
    "image": "https://s7g10.scene7.com/is/image/aldinord/product_1233434_main_cms_2_nl_nl_la_fenice_friuli_pinot_grigio_italie_cw01_2024",
    "beschikbaar": true,
    "promoEnd": null,
    "link": "https://www.aldi.nl/la-fenice-friuli-pinot-grigio-itali-1233434.html"
  },
  {
    "id": "1233426",
    "title": "HOME CREATION Douchekop Per stuk",
    "category": "Speciaal assortiment",
    "price": 4.99,
    "promoPrice": 4.99,
    "price_per_unit": null,
    "unit": null,
    "image": "https://s7g10.scene7.com/is/image/aldinord/product_1233426_main_cms_17_nl_nl_douchekop_cw01_2024",
    "beschikbaar": true,
    "promoEnd": "2025-10-24",
    "link": "https://www.aldi.nl/douchekop-1233426.html"
  },
  {
    "id": "1233387",
    "title": "DE AFBAKKER Maïsbollen Inhoud: 2 stuks, 200 g",
    "category": "Speciaal assortiment",
    "price": 0.99,
    "promoPrice": 0.99,
    "price_per_unit": null,
    "unit": null,
    "image": "https://s7g10.scene7.com/is/image/aldinord/product_1233387_main_cms_1_nl_nl_maisbollen_cw01_2024",
    "beschikbaar": true,
    "promoEnd": "2025-10-19",
    "link": "https://www.aldi.nl/masbollen-1233387.html"
  },
  {
    "id": "1233370",
    "title": "STEENBRUGGE 4-pack blond 0,0% 4x 33 cl",
    "category": "Bier, wijn, sterke drank",
    "price": 4.39,
    "promoPrice": null,
    "price_per_unit": null,
    "unit": null,
    "image": "https://s7g10.scene7.com/is/image/aldinord/product_1233370_main_cms_2_nl_nl_4_pack_blond_0_0_cw01_2024",
    "beschikbaar": true,
    "promoEnd": null,
    "link": "https://www.aldi.nl/4-pack-blond-00-1233370.html"
  },
  {
    "id": "1233218",
    "title": "DAYLICIOUS Komkommersalade 250 g",
    "category": "Speciaal assortiment",
    "price": 1.49,
    "promoPrice": 1.49,
    "price_per_unit": null,
    "unit": null,
    "image": "https://s7g10.scene7.com/is/image/aldinord/product_1233218_main_cms_1_nl_nl_komkommersalade_cw01_2024",
    "beschikbaar": true,
    "promoEnd": "2025-10-12",
    "link": "https://www.aldi.nl/komkommersalade-1233218.html"
  },
  {
    "id": "1233203",
    "title": "CUCINA Farfalle 500 g",
    "category": "Maaltijden, salades",
    "price": 1.29,
    "promoPrice": null,
    "price_per_unit": null,
    "unit": null,
    "image": "https://s7g10.scene7.com/is/image/aldinord/product_1233203_main_cms_1_nl_nl_farfalle_cw01_2024",
    "beschikbaar": true,
    "promoEnd": null,
    "link": "https://www.aldi.nl/farfalle-1233203.html"
  },
  {
    "id": "1233015",
    "title": "CASALUX Led-kastverlichting Per stuk/set",
    "category": "Speciaal assortiment",
    "price": 6.99,
    "promoPrice": 6.99,
    "price_per_unit": null,
    "unit": null,
    "image": "https://s7g10.scene7.com/is/image/aldinord/product_1233015_main_cms_11_nl_nl_led_kastverlichting_cw01_2024",
    "beschikbaar": true,
    "promoEnd": "2025-10-21",
    "link": "https://www.aldi.nl/led-kastverlichting-1233015.html"
  },
  {
    "id": "1232972",
    "title": "BON-RI Zilvervliesrijst 1 kg",
    "category": "Maaltijden, salades",
    "price": 1.47,
    "promoPrice": null,
    "price_per_unit": null,
    "unit": null,
    "image": "https://s7g10.scene7.com/is/image/aldinord/product_1232972_main_cms_1_nl_nl_zilvervliesrijst_cw01_2024",
    "beschikbaar": true,
    "promoEnd": null,
    "link": "https://www.aldi.nl/zilvervliesrijst-1232972.html"
  },
  {
    "id": "1232939",
    "title": "HOME CREATION Geurkaars met houten lont Per stuk",
    "category": "Speciaal assortiment",
    "price": 6.99,
    "promoPrice": 6.99,
    "price_per_unit": null,
    "unit": null,
    "image": "https://s7g10.scene7.com/is/image/aldinord/product_1232939_main_cms_23_nl_nl_geurkaars_met_houten_lont_cw01_2024",
    "beschikbaar": true,
    "promoEnd": "2025-10-24",
    "link": "https://www.aldi.nl/geurkaars-met-houten-lont-1232939.html"
  },
  {
    "id": "1232925",
    "title": "SNACK FAN Vegetarische kroketten 4x300 g",
    "category": "Snoep, koek, chips",
    "price": 2.58,
    "promoPrice": null,
    "price_per_unit": null,
    "unit": null,
    "image": "https://s7g10.scene7.com/is/image/aldinord/product_1232925_main_cms_1_nl_nl_vegetarische_kroketten_cw01_2024",
    "beschikbaar": true,
    "promoEnd": null,
    "link": "https://www.aldi.nl/vegetarische-kroketten-1232925.html"
  },
  {
    "id": "1232916",
    "title": "Mini chocoladeletters 135 g",
    "category": "Speciaal assortiment",
    "price": 1.99,
    "promoPrice": null,
    "price_per_unit": null,
    "unit": null,
    "image": "https://s7g10.scene7.com/is/image/aldinord/product_1232916_main_cms_1_nl_nl_mini_chocoladeletters_cw01_2024",
    "beschikbaar": true,
    "promoEnd": null,
    "link": "https://www.aldi.nl/mini-chocoladeletters-1232916.html"
  },
  {
    "id": "1232893",
    "title": "SCHULTENBRÄU 6-pack rosé 0.0% 6x33 cl",
    "category": "Bier, wijn, sterke drank",
    "price": 2.99,
    "promoPrice": null,
    "price_per_unit": null,
    "unit": null,
    "image": "https://s7g10.scene7.com/is/image/aldinord/product_1232893_main_cms_2_nl_nl_6_pack_rose_0_0_cw01_2024",
    "beschikbaar": true,
    "promoEnd": null,
    "link": "https://www.aldi.nl/6-pack-ros-00-1232893.html"
  },
  {
    "id": "1232890",
    "title": "Chocoladesticks 3x32 g",
    "category": "Speciaal assortiment",
    "price": 2.69,
    "promoPrice": null,
    "price_per_unit": null,
    "unit": null,
    "image": "https://s7g10.scene7.com/is/image/aldinord/product_1232890_main_cms_2_nl_nl_chocoladesticks_cw01_2024",
    "beschikbaar": true,
    "promoEnd": null,
    "link": "https://www.aldi.nl/chocoladesticks-1232890.html"
  },
  {
    "id": "1232888",
    "title": "SCHULTENBRÄU 6-pack wit 0.0% 6x33 cl",
    "category": "Bier, wijn, sterke drank",
    "price": 2.99,
    "promoPrice": null,
    "price_per_unit": null,
    "unit": null,
    "image": "https://s7g10.scene7.com/is/image/aldinord/product_1232888_main_cms_4_nl_nl_6_pack_wit_0_0_cw01_2024",
    "beschikbaar": true,
    "promoEnd": null,
    "link": "https://www.aldi.nl/6-pack-wit-00-1232888.html"
  },
  {
    "id": "1232879",
    "title": "SNACK FAN Vegetarische bitterballen 15x25 g",
    "category": "Snoep, koek, chips",
    "price": 2.43,
    "promoPrice": null,
    "price_per_unit": null,
    "unit": null,
    "image": "https://s7g10.scene7.com/is/image/aldinord/product_1232879_main_cms_1_nl_nl_vegetarische_bitterballen_cw01_2024",
    "beschikbaar": true,
    "promoEnd": null,
    "link": "https://www.aldi.nl/vegetarische-bitterballen-1232879.html"
  },
  {
    "id": "1232835",
    "title": "UP2FASHION 3-pack boxershorts 3-pack",
    "category": "Speciaal assortiment",
    "price": 5.99,
    "promoPrice": 5.99,
    "price_per_unit": null,
    "unit": null,
    "image": "https://s7g10.scene7.com/is/image/aldinord/product_1232835_main_cms_17_nl_nl_3_pack_boxershorts_cw01_2024",
    "beschikbaar": true,
    "promoEnd": "2025-10-24",
    "link": "https://www.aldi.nl/3-pack-boxershorts-1232835.html"
  },
  {
    "id": "1232834",
    "title": "Choco sintfiguren 120 g",
    "category": "Speciaal assortiment",
    "price": 2.89,
    "promoPrice": null,
    "price_per_unit": null,
    "unit": null,
    "image": "https://s7g10.scene7.com/is/image/aldinord/product_1232834_main_cms_1_nl_nl_choco_sintfiguren_cw01_2024",
    "beschikbaar": true,
    "promoEnd": null,
    "link": "https://www.aldi.nl/choco-sintfiguren-1232834.html"
  },
  {
    "id": "1232832",
    "title": "GOLDEN SEAFOOD Gemarineerde garnalen in olie 100 g",
    "category": "Speciaal assortiment",
    "price": 2.49,
    "promoPrice": null,
    "price_per_unit": null,
    "unit": null,
    "image": "https://s7g10.scene7.com/is/image/aldinord/product_1232832_main_cms_2_nl_nl_gemarineerde_garnalen_in_olie_cw01_2024",
    "beschikbaar": true,
    "promoEnd": null,
    "link": "https://www.aldi.nl/gemarineerde-garnalen-in-olie-1232832.html"
  },
  {
    "id": "1232788",
    "title": "CHOCOMEL 0% suiker toegevoegd 1 l",
    "category": "Zuivel, eieren",
    "price": null,
    "promoPrice": null,
    "price_per_unit": null,
    "unit": null,
    "image": "https://s7g10.scene7.com/is/image/aldinord/product_1232788_main_cms_2_nl_nl_0_suiker_toegevoegd_cw01_2024",
    "beschikbaar": true,
    "promoEnd": null,
    "link": "https://www.aldi.nl/0-suiker-toegevoegd-1232788.html"
  },
  {
    "id": "1232787",
    "title": "CHOCOMEL Vol 1 l",
    "category": "Zuivel, eieren",
    "price": null,
    "promoPrice": null,
    "price_per_unit": null,
    "unit": null,
    "image": "https://s7g10.scene7.com/is/image/aldinord/product_1232787_main_cms_1_nl_nl_vol_cw01_2024",
    "beschikbaar": true,
    "promoEnd": null,
    "link": "https://www.aldi.nl/vol-1232787.html"
  },
  {
    "id": "1232764",
    "title": "L'OR Espresso ristretto of profondo 20 cups",
    "category": "Koffie, thee",
    "price": null,
    "promoPrice": null,
    "price_per_unit": null,
    "unit": null,
    "image": "https://s7g10.scene7.com/is/image/aldinord/product_1232764_main_cms_3_nl_nl_espresso_ristretto_of_profondo_cw01_2024",
    "beschikbaar": true,
    "promoEnd": null,
    "link": "https://www.aldi.nl/espresso-ristretto-of-profondo-1232764.html"
  },
  {
    "id": "1232751",
    "title": "Nasi- en bamivlees 350 g",
    "category": "Speciaal assortiment",
    "price": 2.99,
    "promoPrice": 2.99,
    "price_per_unit": null,
    "unit": null,
    "image": "https://s7g10.scene7.com/is/image/aldinord/product_1232751_main_cms_1_nl_nl_nasi_en_bamivlees_cw01_2024",
    "beschikbaar": true,
    "promoEnd": "2025-10-19",
    "link": "https://www.aldi.nl/nasi-en-bamivlees-1232751.html"
  },
  {
    "id": "1232743",
    "title": "UP2FASHION 2-pack singlets 2-pack",
    "category": "Speciaal assortiment",
    "price": 6.99,
    "promoPrice": 6.99,
    "price_per_unit": null,
    "unit": null,
    "image": "https://s7g10.scene7.com/is/image/aldinord/product_1232743_main_cms_34_nl_nl_2_pack_singlets_cw01_2024",
    "beschikbaar": true,
    "promoEnd": "2025-10-24",
    "link": "https://www.aldi.nl/2-pack-singlets-1232743.html"
  },
  {
    "id": "1232700",
    "title": "CALVÉ Mayonaise 825 ml",
    "category": "Maaltijden, salades",
    "price": null,
    "promoPrice": null,
    "price_per_unit": null,
    "unit": null,
    "image": "https://s7g10.scene7.com/is/image/aldinord/product_1232700_main_cms_1_nl_nl_mayonaise_cw01_2024",
    "beschikbaar": true,
    "promoEnd": null,
    "link": "https://www.aldi.nl/mayonaise-1232700.html"
  },
  {
    "id": "1232619",
    "title": "Grillworst 200 g",
    "category": "Vlees, vis, vega",
    "price": 1.99,
    "promoPrice": 1.99,
    "price_per_unit": null,
    "unit": null,
    "image": "https://s7g10.scene7.com/is/image/aldinord/product_1232619_main_cms_3_nl_nl_grillworst_cw01_2024",
    "beschikbaar": true,
    "promoEnd": "2025-10-19",
    "link": "https://www.aldi.nl/grillworst-1232619.html"
  },
  {
    "id": "1232509",
    "title": "LIEFMANS 4-pack fruitesse 4x25 cl",
    "category": "Speciaal assortiment",
    "price": 4.89,
    "promoPrice": 4.89,
    "price_per_unit": null,
    "unit": null,
    "image": "https://s7g10.scene7.com/is/image/aldinord/product_1232509_main_cms_1_nl_nl_4_pack_fruitesse_cw01_2024",
    "beschikbaar": true,
    "promoEnd": "2025-10-12",
    "link": "https://www.aldi.nl/4-pack-fruitesse-1232509.html"
  },
  {
    "id": "1232384",
    "title": "Gele uien 1 kg",
    "category": "Groente, aardappelen",
    "price": 0.59,
    "promoPrice": null,
    "price_per_unit": null,
    "unit": null,
    "image": "https://s7g10.scene7.com/is/image/aldinord/product_1232384_main_cms_2_nl_nl_gele_uien_cw01_2024",
    "beschikbaar": true,
    "promoEnd": null,
    "link": "https://www.aldi.nl/gele-uien-1232384.html"
  },
  {
    "id": "1232333",
    "title": "Mini-fuet 100 g",
    "category": "Vlees, vis, vega",
    "price": 2.69,
    "promoPrice": null,
    "price_per_unit": null,
    "unit": null,
    "image": "https://s7g10.scene7.com/is/image/aldinord/product_1232333_main_cms_2_nl_nl_mini_fuet_cw01_2024",
    "beschikbaar": true,
    "promoEnd": null,
    "link": "https://www.aldi.nl/mini-fuet-1232333.html"
  },
  {
    "id": "1232332",
    "title": "Trio tapenade 200 g",
    "category": "Speciaal assortiment",
    "price": 1.99,
    "promoPrice": null,
    "price_per_unit": null,
    "unit": null,
    "image": "https://s7g10.scene7.com/is/image/aldinord/product_1232332_main_cms_2_nl_nl_trio_tapenade_cw01_2024",
    "beschikbaar": true,
    "promoEnd": null,
    "link": "https://www.aldi.nl/trio-tapenade-1232332.html"
  },
  {
    "id": "1232331",
    "title": "Truffelsalami met parmezaanse kaas 70 g",
    "category": "Vlees, vis, vega",
    "price": 2.79,
    "promoPrice": null,
    "price_per_unit": null,
    "unit": null,
    "image": "https://s7g10.scene7.com/is/image/aldinord/product_1232331_main_cms_1_nl_nl_truffelsalami_met_parmezaanse_kaas_cw01_2024",
    "beschikbaar": true,
    "promoEnd": null,
    "link": "https://www.aldi.nl/truffelsalami-met-parmezaanse-kaas-1232331.html"
  },
  {
    "id": "1232227",
    "title": "GOLDEN SEAFOOD 3-pack tonijnfilet 3x80 g",
    "category": "Vlees, vis, vega",
    "price": 2.79,
    "promoPrice": null,
    "price_per_unit": null,
    "unit": null,
    "image": "https://s7g10.scene7.com/is/image/aldinord/product_1232227_main_cms_5_nl_nl_3_pack_tonijnfilet_cw01_2024",
    "beschikbaar": true,
    "promoEnd": null,
    "link": "https://www.aldi.nl/3-pack-tonijnfilet-1232227.html"
  },
  {
    "id": "1232179",
    "title": "ASIA GREEN GARDEN Kokosmelk 400 ml",
    "category": "Maaltijden, salades",
    "price": 1.59,
    "promoPrice": null,
    "price_per_unit": null,
    "unit": null,
    "image": "https://s7g10.scene7.com/is/image/aldinord/product_1232179_main_cms_3_nl_nl_kokosmelk_cw01_2024",
    "beschikbaar": true,
    "promoEnd": null,
    "link": "https://www.aldi.nl/kokosmelk-1232179.html"
  },
  {
    "id": "1232176",
    "title": "CUCINA NOBILE Tagliatelle 500 g",
    "category": "Maaltijden, salades",
    "price": null,
    "promoPrice": null,
    "price_per_unit": null,
    "unit": null,
    "image": "https://s7g10.scene7.com/is/image/aldinord/product_1232176_main_cms_2_nl_nl_tagliatelle_cw01_2024",
    "beschikbaar": true,
    "promoEnd": null,
    "link": "https://www.aldi.nl/tagliatelle-1232176.html"
  },
  {
    "id": "1232175",
    "title": "PREMIUM DUTCH Rum raspberry cocktail 25 cl",
    "category": "Frisdrank, sappen",
    "price": 1.29,
    "promoPrice": null,
    "price_per_unit": null,
    "unit": null,
    "image": "https://s7g10.scene7.com/is/image/aldinord/product_1232175_main_cms_1_nl_nl_rum_raspberry_cocktail_cw01_2024",
    "beschikbaar": true,
    "promoEnd": null,
    "link": "https://www.aldi.nl/rum-raspberry-cocktail-1232175.html"
  },
  {
    "id": "1232149",
    "title": "PREMIUM DUTCH Rum-lemon cocktail 25 cl",
    "category": "Frisdrank, sappen",
    "price": 1.29,
    "promoPrice": null,
    "price_per_unit": null,
    "unit": null,
    "image": "https://s7g10.scene7.com/is/image/aldinord/product_1232149_main_cms_1_nl_nl_rum_lemon_cocktail_cw01_2024",
    "beschikbaar": true,
    "promoEnd": null,
    "link": "https://www.aldi.nl/rum-lemon-cocktail-1232149.html"
  },
  {
    "id": "1232148",
    "title": "PREMIUM DUTCH Whisky cola 25 cl",
    "category": "Frisdrank, sappen",
    "price": 1.29,
    "promoPrice": null,
    "price_per_unit": null,
    "unit": null,
    "image": "https://s7g10.scene7.com/is/image/aldinord/product_1232148_main_cms_1_nl_nl_whisky_cola_cw01_2024",
    "beschikbaar": true,
    "promoEnd": null,
    "link": "https://www.aldi.nl/whisky-cola-1232148.html"
  },
  {
    "id": "1232102",
    "title": "HOME CREATION Afwasassortiment Per stuk/set",
    "category": "Speciaal assortiment",
    "price": 2.99,
    "promoPrice": 2.99,
    "price_per_unit": null,
    "unit": null,
    "image": "https://s7g10.scene7.com/is/image/aldinord/product_1232102_main_cms_19_nl_nl_afwasassortiment_cw01_2024",
    "beschikbaar": true,
    "promoEnd": "2025-10-21",
    "link": "https://www.aldi.nl/afwasassortiment-1232102.html"
  },
  {
    "id": "1232015",
    "title": "SWEET PALERMO Zoete puntpaprika's 500 g",
    "category": "Groente, aardappelen",
    "price": 1.69,
    "promoPrice": null,
    "price_per_unit": null,
    "unit": null,
    "image": "https://s7g10.scene7.com/is/image/aldinord/product_1232015_main_cms_2_nl_nl_zoete_puntpaprika_s_cw01_2024",
    "beschikbaar": true,
    "promoEnd": null,
    "link": "https://www.aldi.nl/zoete-puntpaprikas-1232015.html"
  },
  {
    "id": "1232004",
    "title": "CUCINA Penne volkoren 500 g",
    "category": "Maaltijden, salades",
    "price": 0.85,
    "promoPrice": null,
    "price_per_unit": null,
    "unit": null,
    "image": "https://s7g10.scene7.com/is/image/aldinord/product_1232004_main_cms_1_nl_nl_penne_volkoren_cw01_2024",
    "beschikbaar": true,
    "promoEnd": null,
    "link": "https://www.aldi.nl/penne-volkoren-1232004.html"
  },
  {
    "id": "1231972",
    "title": "Verse Port Salut 160 g",
    "category": "Zuivel, eieren",
    "price": 2.79,
    "promoPrice": null,
    "price_per_unit": null,
    "unit": null,
    "image": "https://s7g10.scene7.com/is/image/aldinord/product_1231972_main_cms_4_nl_nl_verse_port_salut_cw01_2024",
    "beschikbaar": true,
    "promoEnd": null,
    "link": "https://www.aldi.nl/verse-port-salut-1231972.html"
  },
  {
    "id": "1231970",
    "title": "Mosterdkaas 200 g",
    "category": "Zuivel, eieren",
    "price": 2.99,
    "promoPrice": null,
    "price_per_unit": null,
    "unit": null,
    "image": "https://s7g10.scene7.com/is/image/aldinord/product_1231970_main_cms_4_nl_nl_mosterdkaas_cw01_2024",
    "beschikbaar": true,
    "promoEnd": null,
    "link": "https://www.aldi.nl/mosterdkaas-1231970.html"
  },
  {
    "id": "1231969",
    "title": "Verse Rambol 125 g",
    "category": "Zuivel, eieren",
    "price": 2.79,
    "promoPrice": null,
    "price_per_unit": null,
    "unit": null,
    "image": "https://s7g10.scene7.com/is/image/aldinord/product_1231969_main_cms_2_nl_nl_verse_rambol_cw01_2024",
    "beschikbaar": true,
    "promoEnd": null,
    "link": "https://www.aldi.nl/verse-rambol-1231969.html"
  },
  {
    "id": "1231919",
    "title": "VLEESMEESTERS XXL kipschnitzels 500 g",
    "category": "Vlees, vis, vega",
    "price": 3.99,
    "promoPrice": 3.99,
    "price_per_unit": null,
    "unit": null,
    "image": "https://s7g10.scene7.com/is/image/aldinord/product_1231919_main_cms_1_nl_nl_xxl_kipschnitzels_cw01_2024",
    "beschikbaar": true,
    "promoEnd": "2025-10-12",
    "link": "https://www.aldi.nl/xxl-kipschnitzels-1231919.html"
  },
  {
    "id": "1231841",
    "title": "HELAES Naturel of met stukjes 350 g",
    "category": "Brood, ontbijtgranen",
    "price": 1.75,
    "promoPrice": null,
    "price_per_unit": null,
    "unit": null,
    "image": "https://s7g10.scene7.com/is/image/aldinord/product_1231841_main_cms_3_nl_nl_naturel_of_met_stukjes_cw01_2024",
    "beschikbaar": true,
    "promoEnd": null,
    "link": "https://www.aldi.nl/naturel-of-met-stukjes-1231841.html"
  },
  {
    "id": "1231802",
    "title": "Maatjesharing Inhoud: 4 stuks, 240 g",
    "category": "Speciaal assortiment",
    "price": 2.99,
    "promoPrice": 2.99,
    "price_per_unit": null,
    "unit": null,
    "image": "https://s7g10.scene7.com/is/image/aldinord/product_1231802_main_cms_4_nl_nl_maatjesharing_cw01_2024",
    "beschikbaar": true,
    "promoEnd": "2025-10-19",
    "link": "https://www.aldi.nl/maatjesharing-1231802.html"
  },
  {
    "id": "1231794",
    "title": "TROPHY SMAAKMAKERS Curry ketchup 875 ml",
    "category": "Maaltijden, salades",
    "price": 2.29,
    "promoPrice": null,
    "price_per_unit": null,
    "unit": null,
    "image": "https://s7g10.scene7.com/is/image/aldinord/product_1231794_main_cms_1_nl_nl_curry_ketchup_cw01_2024",
    "beschikbaar": true,
    "promoEnd": null,
    "link": "https://www.aldi.nl/curry-ketchup-1231794.html"
  },
  {
    "id": "1231767",
    "title": "LACURA Bodycream 300 ml",
    "category": "Speciaal assortiment",
    "price": 2.29,
    "promoPrice": 2.29,
    "price_per_unit": null,
    "unit": null,
    "image": "https://s7g10.scene7.com/is/image/aldinord/product_1231767_main_cms_3_nl_nl_bodycream_cw01_2024",
    "beschikbaar": true,
    "promoEnd": "2025-10-12",
    "link": "https://www.aldi.nl/bodycream-1231767.html"
  },
  {
    "id": "1231728",
    "title": "AMBIANO Waterkoker, broodrooster of staafmixer Per stuk",
    "category": "Speciaal assortiment",
    "price": 12.99,
    "promoPrice": 12.99,
    "price_per_unit": null,
    "unit": null,
    "image": "https://s7g10.scene7.com/is/image/aldinord/product_1231728_main_cms_5_nl_nl_waterkoker_broodrooster_of_staafmixer_cw01_2024",
    "beschikbaar": true,
    "promoEnd": "2025-10-24",
    "link": "https://www.aldi.nl/waterkoker-broodrooster-of-staafmixer-1231728.html"
  },
  {
    "id": "1231711",
    "title": "ASIA GREEN GARDEN Woknoedels 250 g",
    "category": "Maaltijden, salades",
    "price": 1.15,
    "promoPrice": null,
    "price_per_unit": null,
    "unit": null,
    "image": "https://s7g10.scene7.com/is/image/aldinord/product_1231711_main_cms_1_nl_nl_woknoedels_cw01_2024",
    "beschikbaar": true,
    "promoEnd": null,
    "link": "https://www.aldi.nl/woknoedels-1231711.html"
  },
  {
    "id": "1231687",
    "title": "DR. OETKER 4-pack Paula vla 4x125 g",
    "category": "Speciaal assortiment",
    "price": 1.49,
    "promoPrice": 1.49,
    "price_per_unit": 11.92,
    "unit": "KG",
    "image": "https://s7g10.scene7.com/is/image/aldinord/product_1231687_main_cms_1_nl_nl_4_pack_paula_vla_cw01_2024",
    "beschikbaar": true,
    "promoEnd": "2025-10-19",
    "link": "https://www.aldi.nl/4-pack-paula-vla-1231687.html"
  },
  {
    "id": "1231665",
    "title": "Gyros met paprika 500 g",
    "category": "Vlees, vis, vega",
    "price": 4.99,
    "promoPrice": null,
    "price_per_unit": null,
    "unit": null,
    "image": "https://s7g10.scene7.com/is/image/aldinord/product_1231665_main_cms_5_nl_nl_gyros_met_paprika_cw01_2024",
    "beschikbaar": true,
    "promoEnd": null,
    "link": "https://www.aldi.nl/gyros-met-paprika-1231665.html"
  },
  {
    "id": "1231655",
    "title": "HOME CREATION Geurkaars in glas Per stuk",
    "category": "Speciaal assortiment",
    "price": 5.99,
    "promoPrice": 5.99,
    "price_per_unit": null,
    "unit": null,
    "image": "https://s7g10.scene7.com/is/image/aldinord/product_1231655_main_cms_23_nl_nl_geurkaars_in_glas_cw01_2024",
    "beschikbaar": true,
    "promoEnd": "2025-10-24",
    "link": "https://www.aldi.nl/geurkaars-in-glas-1231655.html"
  },
  {
    "id": "1231648",
    "title": "HOME CREATION Opbergboek Per stuk",
    "category": "Speciaal assortiment",
    "price": 4.99,
    "promoPrice": 4.99,
    "price_per_unit": null,
    "unit": null,
    "image": "https://s7g10.scene7.com/is/image/aldinord/product_1231648_main_cms_15_nl_nl_opbergboek_cw01_2024",
    "beschikbaar": true,
    "promoEnd": "2025-10-24",
    "link": "https://www.aldi.nl/opbergboek-1231648.html"
  },
  {
    "id": "1231634",
    "title": "HOME CREATION Figuurkaars of 4-pack theelichtjes Per stuk/set",
    "category": "Koffie, thee",
    "price": 2.99,
    "promoPrice": 2.99,
    "price_per_unit": null,
    "unit": null,
    "image": "https://s7g10.scene7.com/is/image/aldinord/product_1231634_main_cms_37_nl_nl_figuurkaars_of_4_pack_theelichtjes_cw01_2024",
    "beschikbaar": true,
    "promoEnd": "2025-10-24",
    "link": "https://www.aldi.nl/figuurkaars-of-4-pack-theelichtjes-1231634.html"
  },
  {
    "id": "1231598",
    "title": "Verse varkensschnitzel 480 g",
    "category": "Vlees, vis, vega",
    "price": 5.49,
    "promoPrice": null,
    "price_per_unit": null,
    "unit": null,
    "image": "https://s7g10.scene7.com/is/image/aldinord/product_1231598_main_cms_1_nl_nl_verse_varkensschnitzel_cw01_2024",
    "beschikbaar": true,
    "promoEnd": null,
    "link": "https://www.aldi.nl/verse-varkensschnitzel-1231598.html"
  },
  {
    "id": "1231588",
    "title": "DE HETE KETEL Uiensoep 570 ml 750 ml",
    "category": "Speciaal assortiment",
    "price": 1.99,
    "promoPrice": null,
    "price_per_unit": null,
    "unit": null,
    "image": "https://s7g10.scene7.com/is/image/aldinord/product_1231588_main_cms_1_nl_nl_uiensoep_570_ml_cw01_2024",
    "beschikbaar": true,
    "promoEnd": null,
    "link": "https://www.aldi.nl/uiensoep-570-ml-1231588.html"
  },
  {
    "id": "1231568",
    "title": "HOME CREATION 2-pack dekbedopberghoezen 2-pack",
    "category": "Speciaal assortiment",
    "price": 4.99,
    "promoPrice": 4.99,
    "price_per_unit": null,
    "unit": null,
    "image": "https://s7g10.scene7.com/is/image/aldinord/product_1231568_main_cms_9_nl_nl_2_pack_dekbedopberghoezen_cw01_2024",
    "beschikbaar": true,
    "promoEnd": "2025-10-21",
    "link": "https://www.aldi.nl/2-pack-dekbedopberghoezen-1231568.html"
  },
  {
    "id": "1231566",
    "title": "NOVITESSE 2-pack kussenhoezen renforcé 2-pack",
    "category": "Speciaal assortiment",
    "price": 4.99,
    "promoPrice": 4.99,
    "price_per_unit": null,
    "unit": null,
    "image": "https://s7g10.scene7.com/is/image/aldinord/product_1231566_main_cms_10_nl_nl_2_pack_kussenhoezen_renforce_cw01_2024",
    "beschikbaar": true,
    "promoEnd": "2025-10-21",
    "link": "https://www.aldi.nl/2-pack-kussenhoezen-renforc-1231566.html"
  },
  {
    "id": "1231563",
    "title": "LILY & DAN Vilten pantoffels Per paar",
    "category": "Speciaal assortiment",
    "price": 4.99,
    "promoPrice": 4.99,
    "price_per_unit": null,
    "unit": null,
    "image": "https://s7g10.scene7.com/is/image/aldinord/product_1231563_main_cms_3_nl_nl_vilten_pantoffels_cw01_2024",
    "beschikbaar": true,
    "promoEnd": "2025-10-24",
    "link": "https://www.aldi.nl/vilten-pantoffels-1231563.html"
  },
  {
    "id": "1231557",
    "title": "MAGINON 3-in-1 oplaadkabel Per stuk",
    "category": "Speciaal assortiment",
    "price": 3.49,
    "promoPrice": 3.49,
    "price_per_unit": null,
    "unit": null,
    "image": "https://s7g10.scene7.com/is/image/aldinord/product_1231557_main_cms_1_nl_nl_3_in_1_oplaadkabel_cw01_2024",
    "beschikbaar": true,
    "promoEnd": "2025-10-21",
    "link": "https://www.aldi.nl/3-in-1-oplaadkabel-1231557.html"
  },
  {
    "id": "1231552",
    "title": "WORKZONE Oplader incl. kabel Per stuk",
    "category": "Speciaal assortiment",
    "price": 5.99,
    "promoPrice": 5.99,
    "price_per_unit": null,
    "unit": null,
    "image": "https://s7g10.scene7.com/is/image/aldinord/product_1231552_main_cms_1_nl_nl_oplader_incl_kabel_cw01_2024",
    "beschikbaar": true,
    "promoEnd": "2025-10-21",
    "link": "https://www.aldi.nl/oplader-incl-kabel-1231552.html"
  },
  {
    "id": "1231550",
    "title": "NOVITESSE Hoofdkussen anti-rimpels Per stuk",
    "category": "Speciaal assortiment",
    "price": 12.99,
    "promoPrice": 12.99,
    "price_per_unit": null,
    "unit": null,
    "image": "https://s7g10.scene7.com/is/image/aldinord/product_1231550_main_cms_1_nl_nl_hoofdkussen_anti_rimpels_cw01_2024",
    "beschikbaar": true,
    "promoEnd": "2025-10-21",
    "link": "https://www.aldi.nl/hoofdkussen-anti-rimpels-1231550.html"
  },
  {
    "id": "1231549",
    "title": "TOPCRAFT Fleece jack Per stuk",
    "category": "Speciaal assortiment",
    "price": 9.99,
    "promoPrice": 9.99,
    "price_per_unit": null,
    "unit": null,
    "image": "https://s7g10.scene7.com/is/image/aldinord/product_1231549_main_cms_1_nl_nl_fleece_jack_cw01_2024",
    "beschikbaar": true,
    "promoEnd": "2025-10-24",
    "link": "https://www.aldi.nl/fleece-jack-1231549.html"
  },
  {
    "id": "1231539",
    "title": "UP2FASHION Bamboe hoodie of broek Per stuk",
    "category": "Speciaal assortiment",
    "price": 12.99,
    "promoPrice": 12.99,
    "price_per_unit": null,
    "unit": null,
    "image": "https://s7g10.scene7.com/is/image/aldinord/product_1231539_main_cms_2_nl_nl_bamboe_hoodie_of_broek_cw01_2024",
    "beschikbaar": true,
    "promoEnd": "2025-10-21",
    "link": "https://www.aldi.nl/bamboe-hoodie-of-broek-1231539.html"
  },
  {
    "id": "1231537",
    "title": "TESOROS DEL SUR Serrano specialiteit 80-100 g",
    "category": "Vlees, vis, vega",
    "price": 2.49,
    "promoPrice": null,
    "price_per_unit": null,
    "unit": null,
    "image": "https://s7g10.scene7.com/is/image/aldinord/product_1231537_main_cms_3_nl_nl_serrano_specialiteit_cw01_2024",
    "beschikbaar": true,
    "promoEnd": null,
    "link": "https://www.aldi.nl/serrano-specialiteit-1231537.html"
  },
  {
    "id": "1231536",
    "title": "UP2FASHION Shirt Per stuk",
    "category": "Speciaal assortiment",
    "price": 7.99,
    "promoPrice": 7.99,
    "price_per_unit": null,
    "unit": null,
    "image": "https://s7g10.scene7.com/is/image/aldinord/product_1231536_main_cms_6_nl_nl_shirt_cw01_2024",
    "beschikbaar": true,
    "promoEnd": "2025-10-24",
    "link": "https://www.aldi.nl/shirt-1231536.html"
  },
  {
    "id": "1231530",
    "title": "CUCINA Spaghetti volkoren 500 g",
    "category": "Maaltijden, salades",
    "price": 0.89,
    "promoPrice": null,
    "price_per_unit": null,
    "unit": null,
    "image": "https://s7g10.scene7.com/is/image/aldinord/product_1231530_main_cms_1_nl_nl_spaghetti_volkoren_cw01_2024",
    "beschikbaar": true,
    "promoEnd": null,
    "link": "https://www.aldi.nl/spaghetti-volkoren-1231530.html"
  },
  {
    "id": "1231527",
    "title": "CRANE Bokshandschoenen Per paar",
    "category": "Speciaal assortiment",
    "price": 14.99,
    "promoPrice": 14.99,
    "price_per_unit": null,
    "unit": null,
    "image": "https://s7g10.scene7.com/is/image/aldinord/product_1231527_main_cms_3_nl_nl_bokshandschoenen_cw01_2024",
    "beschikbaar": true,
    "promoEnd": "2025-10-21",
    "link": "https://www.aldi.nl/bokshandschoenen-1231527.html"
  },
  {
    "id": "1231526",
    "title": "CRANE Opblaasbare bokspaal Per stuk",
    "category": "Speciaal assortiment",
    "price": 34.99,
    "promoPrice": 34.99,
    "price_per_unit": null,
    "unit": null,
    "image": "https://s7g10.scene7.com/is/image/aldinord/product_1231526_main_cms_11_nl_nl_opblaasbare_bokspaal_cw01_2024",
    "beschikbaar": true,
    "promoEnd": "2025-10-21",
    "link": "https://www.aldi.nl/opblaasbare-bokspaal-1231526.html"
  },
  {
    "id": "1231520",
    "title": "LINGEN Familieplanner 2026 Per stuk",
    "category": "Speciaal assortiment",
    "price": 2.49,
    "promoPrice": 2.49,
    "price_per_unit": null,
    "unit": null,
    "image": "https://s7g10.scene7.com/is/image/aldinord/product_1231520_main_cms_7_nl_nl_familieplanner_2026_cw01_2024",
    "beschikbaar": true,
    "promoEnd": "2025-10-21",
    "link": "https://www.aldi.nl/familieplanner-2026-1231520.html"
  },
  {
    "id": "1231504",
    "title": "Babykledingset velours Per set",
    "category": "Speciaal assortiment",
    "price": 4.99,
    "promoPrice": 4.99,
    "price_per_unit": null,
    "unit": null,
    "image": "https://s7g10.scene7.com/is/image/aldinord/product_1231504_main_cms_16_nl_nl_babykledingset_velours_cw01_2024",
    "beschikbaar": true,
    "promoEnd": "2025-10-24",
    "link": "https://www.aldi.nl/babykledingset-velours-1231504.html"
  },
  {
    "id": "1231503",
    "title": "UP2FASHION Bamboe hemd of slip Per stuk",
    "category": "Speciaal assortiment",
    "price": 5.99,
    "promoPrice": 5.99,
    "price_per_unit": null,
    "unit": null,
    "image": "https://s7g10.scene7.com/is/image/aldinord/product_1231503_main_cms_16_nl_nl_bamboe_hemd_of_slip_cw01_2024",
    "beschikbaar": true,
    "promoEnd": "2025-10-21",
    "link": "https://www.aldi.nl/bamboe-hemd-of-slip-1231503.html"
  },
  {
    "id": "1231498",
    "title": "UP2FASHION Pyjama Per set",
    "category": "Speciaal assortiment",
    "price": 9.99,
    "promoPrice": 9.99,
    "price_per_unit": null,
    "unit": null,
    "image": "https://s7g10.scene7.com/is/image/aldinord/product_1231498_main_cms_12_nl_nl_pyjama_cw01_2024",
    "beschikbaar": true,
    "promoEnd": "2025-10-24",
    "link": "https://www.aldi.nl/pyjama-1231498.html"
  },
  {
    "id": "1231497",
    "title": "LILY & DAN 2-pack anti-slipsokken 2-pack",
    "category": "Speciaal assortiment",
    "price": 2.99,
    "promoPrice": 2.99,
    "price_per_unit": null,
    "unit": null,
    "image": "https://s7g10.scene7.com/is/image/aldinord/product_1231497_main_cms_7_nl_nl_2_pack_anti_slipsokken_cw01_2024",
    "beschikbaar": true,
    "promoEnd": "2025-10-24",
    "link": "https://www.aldi.nl/2-pack-anti-slipsokken-1231497.html"
  },
  {
    "id": "1231495",
    "title": "LILY & DAN Fleece baby-overall Per stuk",
    "category": "Speciaal assortiment",
    "price": 4.99,
    "promoPrice": 4.99,
    "price_per_unit": null,
    "unit": null,
    "image": "https://s7g10.scene7.com/is/image/aldinord/product_1231495_main_cms_4_nl_nl_fleece_baby_overall_cw01_2024",
    "beschikbaar": true,
    "promoEnd": "2025-10-24",
    "link": "https://www.aldi.nl/fleece-baby-overall-1231495.html"
  },
  {
    "id": "1231490",
    "title": "LILY & DAN Peuter-winterjas Per stuk",
    "category": "Speciaal assortiment",
    "price": 14.99,
    "promoPrice": 14.99,
    "price_per_unit": null,
    "unit": null,
    "image": "https://s7g10.scene7.com/is/image/aldinord/product_1231490_main_cms_24_nl_nl_peuter_winterjas_cw01_2024",
    "beschikbaar": true,
    "promoEnd": "2025-10-24",
    "link": "https://www.aldi.nl/peuter-winterjas-1231490.html"
  },
  {
    "id": "1231486",
    "title": "LILY & DAN Peuter-thermojeans Per stuk",
    "category": "Speciaal assortiment",
    "price": 6.99,
    "promoPrice": 6.99,
    "price_per_unit": null,
    "unit": null,
    "image": "https://s7g10.scene7.com/is/image/aldinord/product_1231486_main_cms_19_nl_nl_peuter_thermojeans_cw01_2024",
    "beschikbaar": true,
    "promoEnd": "2025-10-24",
    "link": "https://www.aldi.nl/peuter-thermojeans-1231486.html"
  },
  {
    "id": "1231483",
    "title": "LILY & DAN 2-pack peuterleggings 2-pack",
    "category": "Speciaal assortiment",
    "price": 6.99,
    "promoPrice": 6.99,
    "price_per_unit": null,
    "unit": null,
    "image": "https://s7g10.scene7.com/is/image/aldinord/product_1231483_main_cms_10_nl_nl_2_pack_peuterleggings_cw01_2024",
    "beschikbaar": true,
    "promoEnd": "2025-10-24",
    "link": "https://www.aldi.nl/2-pack-peuterleggings-1231483.html"
  },
  {
    "id": "1231481",
    "title": "LILY & DAN 2- of 3-pack ondergoed 2- of 3-pack",
    "category": "Speciaal assortiment",
    "price": 3.99,
    "promoPrice": 3.99,
    "price_per_unit": null,
    "unit": null,
    "image": "https://s7g10.scene7.com/is/image/aldinord/product_1231481_main_cms_13_nl_nl_2_of_3_pack_ondergoed_cw01_2024",
    "beschikbaar": true,
    "promoEnd": "2025-10-24",
    "link": "https://www.aldi.nl/2-of-3-pack-ondergoed-1231481.html"
  },
  {
    "id": "1231480",
    "title": "LILY & DAN Babypyjama Per stuk",
    "category": "Speciaal assortiment",
    "price": 4.99,
    "promoPrice": 4.99,
    "price_per_unit": null,
    "unit": null,
    "image": "https://s7g10.scene7.com/is/image/aldinord/product_1231480_main_cms_7_nl_nl_babypyjama_cw01_2024",
    "beschikbaar": true,
    "promoEnd": "2025-10-24",
    "link": "https://www.aldi.nl/babypyjama-1231480.html"
  },
  {
    "id": "1231471",
    "title": "LEKKER&ANDERS Kip kebab 600 g",
    "category": "Vlees, vis, vega",
    "price": 4.49,
    "promoPrice": 4.49,
    "price_per_unit": 7.48,
    "unit": "KG",
    "image": "https://s7g10.scene7.com/is/image/aldinord/product_1231471_main_cms_2_nl_nl_kip_kebab_cw01_2024",
    "beschikbaar": true,
    "promoEnd": "2025-10-19",
    "link": "https://www.aldi.nl/kip-kebab-1231471.html"
  },
  {
    "id": "1231459",
    "title": "CHOCEUR Orangettes 200 g",
    "category": "Snoep, koek, chips",
    "price": 1.99,
    "promoPrice": null,
    "price_per_unit": null,
    "unit": null,
    "image": "https://s7g10.scene7.com/is/image/aldinord/product_1231459_main_cms_2_nl_nl_orangettes_cw01_2024",
    "beschikbaar": true,
    "promoEnd": null,
    "link": "https://www.aldi.nl/orangettes-1231459.html"
  },
  {
    "id": "1231351",
    "title": "SUN SNACKS Zoute sticks 250 g",
    "category": "Snoep, koek, chips",
    "price": 0.69,
    "promoPrice": null,
    "price_per_unit": 2.76,
    "unit": "KG",
    "image": "https://s7g10.scene7.com/is/image/aldinord/product_1231351_main_cms_1_nl_nl_zoute_sticks_cw01_2024",
    "beschikbaar": true,
    "promoEnd": null,
    "link": "https://www.aldi.nl/zoute-sticks-1231351.html"
  },
  {
    "id": "1231349",
    "title": "SUN SNACKS Roomboter kaasvlinders 100 g",
    "category": "Snoep, koek, chips",
    "price": 1.39,
    "promoPrice": null,
    "price_per_unit": null,
    "unit": null,
    "image": "https://s7g10.scene7.com/is/image/aldinord/product_1231349_main_cms_1_nl_nl_roomboter_kaasvlinders_cw01_2024",
    "beschikbaar": true,
    "promoEnd": null,
    "link": "https://www.aldi.nl/roomboter-kaasvlinders-1231349.html"
  },
  {
    "id": "1231345",
    "title": "SUN SNACKS Roomboter kaaskantjes 100 g",
    "category": "Snoep, koek, chips",
    "price": 1.39,
    "promoPrice": null,
    "price_per_unit": null,
    "unit": null,
    "image": "https://s7g10.scene7.com/is/image/aldinord/product_1231345_main_cms_1_nl_nl_roomboter_kaaskantjes_cw01_2024",
    "beschikbaar": true,
    "promoEnd": null,
    "link": "https://www.aldi.nl/roomboter-kaaskantjes-1231345.html"
  },
  {
    "id": "1231342",
    "title": "AVIKO Supercrunch Franse friet 750 g",
    "category": "Diepvries",
    "price": null,
    "promoPrice": null,
    "price_per_unit": null,
    "unit": null,
    "image": "https://s7g10.scene7.com/is/image/aldinord/product_1231342_main_cms_1_nl_nl_supercrunch_franse_friet_cw01_2024",
    "beschikbaar": true,
    "promoEnd": null,
    "link": "https://www.aldi.nl/supercrunch-franse-friet-1231342.html"
  },
  {
    "id": "1231341",
    "title": "AVIKO Supercrunch airfryer pommes frites 750 g",
    "category": "Diepvries",
    "price": null,
    "promoPrice": null,
    "price_per_unit": null,
    "unit": null,
    "image": "https://s7g10.scene7.com/is/image/aldinord/product_1231341_main_cms_1_nl_nl_supercrunch_airfryer_pommes_frites_cw01_2024",
    "beschikbaar": true,
    "promoEnd": null,
    "link": "https://www.aldi.nl/supercrunch-airfryer-pommes-frites-1231341.html"
  },
  {
    "id": "1231338",
    "title": "SAWA Couscous 1 kg",
    "category": "Maaltijden, salades",
    "price": 2.95,
    "promoPrice": null,
    "price_per_unit": null,
    "unit": null,
    "image": "https://s7g10.scene7.com/is/image/aldinord/product_1231338_main_cms_1_nl_nl_couscous_cw01_2024",
    "beschikbaar": true,
    "promoEnd": null,
    "link": "https://www.aldi.nl/couscous-1231338.html"
  },
  {
    "id": "1231294",
    "title": "CUCINA NOBILE Mozzarella rasp 250 g",
    "category": "Zuivel, eieren",
    "price": 2.99,
    "promoPrice": null,
    "price_per_unit": 11.96,
    "unit": "KG",
    "image": "https://s7g10.scene7.com/is/image/aldinord/product_1231294_main_cms_1_nl_nl_mozzarella_rasp_cw01_2024",
    "beschikbaar": true,
    "promoEnd": null,
    "link": "https://www.aldi.nl/mozzarella-rasp-1231294.html"
  },
  {
    "id": "1231273",
    "title": "UP2FASHION Flanellen overhemd Per stuk",
    "category": "Speciaal assortiment",
    "price": 8.99,
    "promoPrice": 8.99,
    "price_per_unit": null,
    "unit": null,
    "image": "https://s7g10.scene7.com/is/image/aldinord/product_1231273_main_cms_7_nl_nl_flanellen_overhemd_cw01_2024",
    "beschikbaar": true,
    "promoEnd": "2025-10-24",
    "link": "https://www.aldi.nl/flanellen-overhemd-1231273.html"
  },
  {
    "id": "1231267",
    "title": "MOSER ROTH Pure chocolade 125 g",
    "category": "Snoep, koek, chips",
    "price": 2.49,
    "promoPrice": null,
    "price_per_unit": 19.92,
    "unit": "KG",
    "image": "https://s7g10.scene7.com/is/image/aldinord/variant_1231267_1_main_cms_5_nl_nl_pure_chocolade_cw01_2024",
    "beschikbaar": true,
    "promoEnd": null,
    "link": "https://www.aldi.nl/pure-chocolade-1231267.html"
  },
  {
    "id": "1231265",
    "title": "MOSER ROTH Pure chocolade chili, mint of zeezout 125 g",
    "category": "Snoep, koek, chips",
    "price": 2.49,
    "promoPrice": null,
    "price_per_unit": 19.92,
    "unit": "KG",
    "image": "https://s7g10.scene7.com/is/image/aldinord/variant_1231265_1_main_cms_8_nl_nl_pure_chocolade_chili_mint_of_zeezout_cw01_2024",
    "beschikbaar": true,
    "promoEnd": null,
    "link": "https://www.aldi.nl/pure-chocolade-chili-mint-of-zeezout-1231265.html"
  },
  {
    "id": "1231217",
    "title": "GOLDEN SEAFOOD Lekkerbekjes Inhoud: 2 stuks, 250 g",
    "category": "Vlees, vis, vega",
    "price": 2.49,
    "promoPrice": null,
    "price_per_unit": null,
    "unit": null,
    "image": "https://s7g10.scene7.com/is/image/aldinord/product_1231217_main_cms_1_nl_nl_lekkerbekjes_cw01_2024",
    "beschikbaar": true,
    "promoEnd": null,
    "link": "https://www.aldi.nl/lekkerbekjes-1231217.html"
  },
  {
    "id": "1231214",
    "title": "CROFTON Rvs sluitklemmen Per stuk/set",
    "category": "Speciaal assortiment",
    "price": 2.99,
    "promoPrice": 2.99,
    "price_per_unit": null,
    "unit": null,
    "image": "https://s7g10.scene7.com/is/image/aldinord/product_1231214_main_cms_9_nl_nl_rvs_sluitklemmen_cw01_2024",
    "beschikbaar": true,
    "promoEnd": "2025-10-24",
    "link": "https://www.aldi.nl/rvs-sluitklemmen-1231214.html"
  },
  {
    "id": "1231189",
    "title": "WORKZONE Universele transporthulp Per stuk",
    "category": "Speciaal assortiment",
    "price": 9.99,
    "promoPrice": 9.99,
    "price_per_unit": null,
    "unit": null,
    "image": "https://s7g10.scene7.com/is/image/aldinord/product_1231189_main_cms_9_nl_nl_universele_transporthulp_cw01_2024",
    "beschikbaar": true,
    "promoEnd": "2025-10-24",
    "link": "https://www.aldi.nl/universele-transporthulp-1231189.html"
  },
  {
    "id": "1231066",
    "title": "ASIA GREEN GARDEN Sojasaus 150 ml",
    "category": "Maaltijden, salades",
    "price": 1.15,
    "promoPrice": null,
    "price_per_unit": null,
    "unit": null,
    "image": "https://s7g10.scene7.com/is/image/aldinord/product_1231066_main_cms_3_nl_nl_sojasaus_cw01_2024",
    "beschikbaar": true,
    "promoEnd": null,
    "link": "https://www.aldi.nl/sojasaus-1231066.html"
  },
  {
    "id": "1231048",
    "title": "ALL SEASONS Gegrilde groenten 800 g",
    "category": "Groente, aardappelen",
    "price": 2.99,
    "promoPrice": null,
    "price_per_unit": null,
    "unit": null,
    "image": "https://s7g10.scene7.com/is/image/aldinord/product_1231048_main_cms_1_nl_nl_gegrilde_groenten_cw01_2024",
    "beschikbaar": true,
    "promoEnd": null,
    "link": "https://www.aldi.nl/gegrilde-groenten-1231048.html"
  },
  {
    "id": "1231038",
    "title": "HOME CREATION Toiletbril Per stuk",
    "category": "Huishouden",
    "price": 14.99,
    "promoPrice": 14.99,
    "price_per_unit": null,
    "unit": null,
    "image": "https://s7g10.scene7.com/is/image/aldinord/product_1231038_main_cms_1_nl_nl_toiletbril_cw01_2024",
    "beschikbaar": true,
    "promoEnd": "2025-10-24",
    "link": "https://www.aldi.nl/toiletbril-1231038.html"
  },
  {
    "id": "1231012",
    "title": "MUCCI IJsbeker brownie 500 ml",
    "category": "Maaltijden, salades",
    "price": 2.99,
    "promoPrice": null,
    "price_per_unit": null,
    "unit": null,
    "image": "https://s7g10.scene7.com/is/image/aldinord/product_1231012_main_cms_1_nl_nl_ijsbeker_brownie_cw01_2024",
    "beschikbaar": true,
    "promoEnd": null,
    "link": "https://www.aldi.nl/ijsbeker-brownie-1231012.html"
  },
  {
    "id": "1230971",
    "title": "ASIA GREEN GARDEN Mie noedels 500 g",
    "category": "Maaltijden, salades",
    "price": 1.39,
    "promoPrice": 1.39,
    "price_per_unit": null,
    "unit": null,
    "image": "https://s7g10.scene7.com/is/image/aldinord/product_1230971_main_cms_5_nl_nl_mie_noedels_cw01_2024",
    "beschikbaar": true,
    "promoEnd": "2025-10-19",
    "link": "https://www.aldi.nl/mie-noedels-1230971.html"
  },
  {
    "id": "1230962",
    "title": "CUCINA Tortelloni of gnocchi 250-500 g",
    "category": "Maaltijden, salades",
    "price": 1.49,
    "promoPrice": null,
    "price_per_unit": null,
    "unit": null,
    "image": "https://s7g10.scene7.com/is/image/aldinord/product_1230962_main_cms_4_nl_nl_tortelloni_of_gnocchi_cw01_2024",
    "beschikbaar": true,
    "promoEnd": null,
    "link": "https://www.aldi.nl/tortelloni-of-gnocchi-1230962.html"
  },
  {
    "id": "1230933",
    "title": "Delight sparkling alcoholvrij 0.75 l",
    "category": "Huis, tuin en seizoen",
    "price": 3.49,
    "promoPrice": null,
    "price_per_unit": 4.65,
    "unit": "L",
    "image": "https://s7g10.scene7.com/is/image/aldinord/product_1230933_main_cms_2_nl_nl_delight_sparkling_alcoholvrij_cw01_2024",
    "beschikbaar": true,
    "promoEnd": null,
    "link": "https://www.aldi.nl/delight-sparkling-alcoholvrij-1230933.html"
  },
  {
    "id": "1230903",
    "title": "SWEET-LAND Snoepmix 525 g",
    "category": "Snoep, koek, chips",
    "price": 2.99,
    "promoPrice": null,
    "price_per_unit": 5.7,
    "unit": "KG",
    "image": "https://s7g10.scene7.com/is/image/aldinord/product_1230903_main_cms_3_nl_nl_snoepmix_cw01_2024",
    "beschikbaar": true,
    "promoEnd": null,
    "link": "https://www.aldi.nl/snoepmix-1230903.html"
  },
  {
    "id": "1230851",
    "title": "MILSANI High protein drink 330 ml",
    "category": "Zuivel, eieren",
    "price": 1.19,
    "promoPrice": null,
    "price_per_unit": null,
    "unit": null,
    "image": "https://s7g10.scene7.com/is/image/aldinord/product_1230851_main_cms_4_nl_nl_high_protein_drink_cw01_2024",
    "beschikbaar": true,
    "promoEnd": null,
    "link": "https://www.aldi.nl/high-protein-drink-1230851.html"
  },
  {
    "id": "1230828",
    "title": "LACURA Luxe handzeeppompje of navulling 300-600 ml",
    "category": "Baby, verzorging",
    "price": 2.49,
    "promoPrice": null,
    "price_per_unit": null,
    "unit": null,
    "image": "https://s7g10.scene7.com/is/image/aldinord/product_1230828_main_cms_9_nl_nl_luxe_handzeeppompje_of_navulling_cw01_2024",
    "beschikbaar": true,
    "promoEnd": null,
    "link": "https://www.aldi.nl/luxe-handzeeppompje-of-navulling-1230828.html"
  },
  {
    "id": "1230787",
    "title": "GOUD GEBAKKEN 3-pack maïswafels 3-pack",
    "category": "Brood, ontbijtgranen",
    "price": 1.45,
    "promoPrice": null,
    "price_per_unit": 14.5,
    "unit": "KG",
    "image": "https://s7g10.scene7.com/is/image/aldinord/product_1230787_main_cms_3_nl_nl_3_pack_maiswafels_cw01_2024",
    "beschikbaar": true,
    "promoEnd": null,
    "link": "https://www.aldi.nl/3-pack-maswafels-1230787.html"
  },
  {
    "id": "1230748",
    "title": "SOLO 2-laags tissues 200 vellen",
    "category": "Huishouden",
    "price": 1.49,
    "promoPrice": null,
    "price_per_unit": null,
    "unit": null,
    "image": "https://s7g10.scene7.com/is/image/aldinord/product_1230748_main_cms_1_nl_nl_2_laags_tissues_cw01_2024",
    "beschikbaar": true,
    "promoEnd": null,
    "link": "https://www.aldi.nl/2-laags-tissues-1230748.html"
  },
  {
    "id": "1230690",
    "title": "BIO 2-pack biologische paprika 2-pack",
    "category": "Groente, aardappelen",
    "price": 1.99,
    "promoPrice": null,
    "price_per_unit": null,
    "unit": null,
    "image": "https://s7g10.scene7.com/is/image/aldinord/product_1230690_main_cms_2_nl_nl_2_pack_biologische_paprika_cw01_2024",
    "beschikbaar": true,
    "promoEnd": null,
    "link": "https://www.aldi.nl/2-pack-biologische-paprika-1230690.html"
  },
  {
    "id": "1230688",
    "title": "BIO Biologische komkommer Per stuk",
    "category": "Groente, aardappelen",
    "price": null,
    "promoPrice": null,
    "price_per_unit": null,
    "unit": null,
    "image": "https://s7g10.scene7.com/is/image/aldinord/product_1230688_main_cms_1_nl_nl_biologische_komkommer_cw01_2024",
    "beschikbaar": true,
    "promoEnd": null,
    "link": "https://www.aldi.nl/biologische-komkommer-1230688.html"
  },
  {
    "id": "1230686",
    "title": "BIO Biologische courgette Per stuk",
    "category": "Groente, aardappelen",
    "price": 0.99,
    "promoPrice": null,
    "price_per_unit": null,
    "unit": null,
    "image": "https://s7g10.scene7.com/is/image/aldinord/product_1230686_main_cms_1_nl_nl_biologische_courgette_cw01_2024",
    "beschikbaar": true,
    "promoEnd": null,
    "link": "https://www.aldi.nl/biologische-courgette-1230686.html"
  },
  {
    "id": "1230642",
    "title": "Wrapfolie Per stuk",
    "category": "Speciaal assortiment",
    "price": 2.99,
    "promoPrice": 2.99,
    "price_per_unit": null,
    "unit": null,
    "image": "https://s7g10.scene7.com/is/image/aldinord/product_1230642_main_cms_3_nl_nl_wrapfolie_cw01_2024",
    "beschikbaar": true,
    "promoEnd": "2025-10-24",
    "link": "https://www.aldi.nl/wrapfolie-1230642.html"
  },
  {
    "id": "1230624",
    "title": "LACURA Spa Happiness showergel, -oil of bodycream Per stuk",
    "category": "Speciaal assortiment",
    "price": 2.99,
    "promoPrice": 2.99,
    "price_per_unit": 13.78,
    "unit": "KG",
    "image": "https://s7g10.scene7.com/is/image/aldinord/product_1230624_main_cms_4_nl_nl_spa_happiness_showergel_oil_of_bodycream_cw01_2024",
    "beschikbaar": true,
    "promoEnd": "2025-10-12",
    "link": "https://www.aldi.nl/spa-happiness-showergel-oil-of-bodycream-1230624.html"
  },
  {
    "id": "1230609",
    "title": "GRANDESSA Honing knijpfles 500 g",
    "category": "Brood, ontbijtgranen",
    "price": 2.49,
    "promoPrice": null,
    "price_per_unit": 4.98,
    "unit": "KG",
    "image": "https://s7g10.scene7.com/is/image/aldinord/product_1230609_main_cms_1_nl_nl_honing_knijpfles_cw01_2024",
    "beschikbaar": true,
    "promoEnd": null,
    "link": "https://www.aldi.nl/honing-knijpfles-1230609.html"
  },
  {
    "id": "1230608",
    "title": "GRANDESSA Vloeibare bloemenhoning 500 g",
    "category": "Brood, ontbijtgranen",
    "price": 2.49,
    "promoPrice": null,
    "price_per_unit": 4.98,
    "unit": "KG",
    "image": "https://s7g10.scene7.com/is/image/aldinord/product_1230608_main_cms_1_nl_nl_vloeibare_bloemenhoning_cw01_2024",
    "beschikbaar": true,
    "promoEnd": null,
    "link": "https://www.aldi.nl/vloeibare-bloemenhoning-1230608.html"
  },
  {
    "id": "1230606",
    "title": "GRANDESSA Vaste bloemenhoning 500 g",
    "category": "Brood, ontbijtgranen",
    "price": 2.49,
    "promoPrice": null,
    "price_per_unit": 4.98,
    "unit": "KG",
    "image": "https://s7g10.scene7.com/is/image/aldinord/product_1230606_main_cms_1_nl_nl_vaste_bloemenhoning_cw01_2024",
    "beschikbaar": true,
    "promoEnd": null,
    "link": "https://www.aldi.nl/vaste-bloemenhoning-1230606.html"
  },
  {
    "id": "1230603",
    "title": "ASIA GREEN GARDEN Koreaanse gefrituurde kip vleugels 750 g",
    "category": "Vlees, vis, vega",
    "price": 4.99,
    "promoPrice": 4.99,
    "price_per_unit": null,
    "unit": null,
    "image": "https://s7g10.scene7.com/is/image/aldinord/product_1230603_main_cms_1_nl_nl_koreaanse_gefrituurde_kip_vleugels_cw01_2024",
    "beschikbaar": true,
    "promoEnd": "2025-10-19",
    "link": "https://www.aldi.nl/koreaanse-gefrituurde-kip-vleugels-1230603.html"
  },
  {
    "id": "1230542",
    "title": "SOLO 3-laags keukenpapier 3 rollen",
    "category": "Speciaal assortiment",
    "price": 2.99,
    "promoPrice": 2.99,
    "price_per_unit": null,
    "unit": null,
    "image": "https://s7g10.scene7.com/is/image/aldinord/product_1230542_main_cms_2_nl_nl_3_laags_keukenpapier_cw01_2024",
    "beschikbaar": true,
    "promoEnd": "2025-10-12",
    "link": "https://www.aldi.nl/3-laags-keukenpapier-1230542.html"
  },
  {
    "id": "1230518",
    "title": "DENTITEX Tongreiniger Per stuk",
    "category": "Speciaal assortiment",
    "price": 0.99,
    "promoPrice": 0.99,
    "price_per_unit": null,
    "unit": null,
    "image": "https://s7g10.scene7.com/is/image/aldinord/product_1230518_main_cms_1_nl_nl_tongreiniger_cw01_2024",
    "beschikbaar": true,
    "promoEnd": "2025-10-12",
    "link": "https://www.aldi.nl/tongreiniger-1230518.html"
  },
  {
    "id": "1230462",
    "title": "MUCCI Citroenijs 6 stuks",
    "category": "Speciaal assortiment",
    "price": 2.29,
    "promoPrice": null,
    "price_per_unit": null,
    "unit": null,
    "image": "https://s7g10.scene7.com/is/image/aldinord/product_1230462_main_cms_2_nl_nl_citroenijs_cw01_2024",
    "beschikbaar": true,
    "promoEnd": null,
    "link": "https://www.aldi.nl/citroenijs-1230462.html"
  },
  {
    "id": "1230431",
    "title": "GOLDEN BRIDGE Meergranen Biscuits 335 g",
    "category": "Brood, ontbijtgranen",
    "price": 1.89,
    "promoPrice": null,
    "price_per_unit": 5.64,
    "unit": "KG",
    "image": "https://s7g10.scene7.com/is/image/aldinord/product_1230431_main_cms_2_nl_nl_meergranen_biscuits_cw01_2024",
    "beschikbaar": true,
    "promoEnd": null,
    "link": "https://www.aldi.nl/meergranen-biscuits-1230431.html"
  },
  {
    "id": "1230426",
    "title": "GOLDEN BRIDGE Fruitrepen 264 g",
    "category": "Brood, ontbijtgranen",
    "price": 1.69,
    "promoPrice": null,
    "price_per_unit": 6.4,
    "unit": "KG",
    "image": "https://s7g10.scene7.com/is/image/aldinord/product_1230426_main_cms_2_nl_nl_fruitrepen_cw01_2024",
    "beschikbaar": true,
    "promoEnd": null,
    "link": "https://www.aldi.nl/fruitrepen-1230426.html"
  },
  {
    "id": "1230425",
    "title": "GOLDEN BRIDGE Fruit biscuits 262 g",
    "category": "Snoep, koek, chips",
    "price": 1.39,
    "promoPrice": null,
    "price_per_unit": 5.31,
    "unit": "KG",
    "image": "https://s7g10.scene7.com/is/image/aldinord/product_1230425_main_cms_4_nl_nl_fruit_biscuits_cw01_2024",
    "beschikbaar": true,
    "promoEnd": null,
    "link": "https://www.aldi.nl/fruit-biscuits-1230425.html"
  },
  {
    "id": "1230422",
    "title": "BISCOTTO Roomboter amandelharten of pindakoeken 300 g",
    "category": "Snoep, koek, chips",
    "price": 2.99,
    "promoPrice": null,
    "price_per_unit": 9.97,
    "unit": "KG",
    "image": "https://s7g10.scene7.com/is/image/aldinord/product_1230422_main_cms_3_nl_nl_roomboter_amandelharten_of_pindakoeken_cw01_2024",
    "beschikbaar": true,
    "promoEnd": null,
    "link": "https://www.aldi.nl/roomboter-amandelharten-of-pindakoeken-1230422.html"
  },
  {
    "id": "1230420",
    "title": "BISCOTTO Cafe Noir 260 g",
    "category": "Snoep, koek, chips",
    "price": 1.29,
    "promoPrice": null,
    "price_per_unit": null,
    "unit": null,
    "image": "https://s7g10.scene7.com/is/image/aldinord/product_1230420_main_cms_1_nl_nl_cafe_noir_cw01_2024",
    "beschikbaar": true,
    "promoEnd": null,
    "link": "https://www.aldi.nl/cafe-noir-1230420.html"
  },
  {
    "id": "1230418",
    "title": "BISCOTTO Likkoekjes Ca. 6 uitdeelzakjes",
    "category": "Snoep, koek, chips",
    "price": 1.99,
    "promoPrice": null,
    "price_per_unit": 11.06,
    "unit": "KG",
    "image": "https://s7g10.scene7.com/is/image/aldinord/product_1230418_main_cms_1_nl_nl_likkoekjes_cw01_2024",
    "beschikbaar": true,
    "promoEnd": null,
    "link": "https://www.aldi.nl/likkoekjes-1230418.html"
  },
  {
    "id": "1230407",
    "title": "MELONIA Honing 1 kg",
    "category": "Speciaal assortiment",
    "price": 4.99,
    "promoPrice": 4.99,
    "price_per_unit": 4.99,
    "unit": "KG",
    "image": "https://s7g10.scene7.com/is/image/aldinord/product_1230407_main_cms_2_nl_nl_honing_cw01_2024",
    "beschikbaar": true,
    "promoEnd": "2025-10-12",
    "link": "https://www.aldi.nl/honing-1230407.html"
  },
  {
    "id": "1230390",
    "title": "DAYLICIOUS Gebroken sperziebonen 400 g",
    "category": "Groente, aardappelen",
    "price": 2.19,
    "promoPrice": null,
    "price_per_unit": null,
    "unit": null,
    "image": "https://s7g10.scene7.com/is/image/aldinord/product_1230390_main_cms_2_nl_nl_gebroken_sperziebonen_cw01_2024",
    "beschikbaar": true,
    "promoEnd": null,
    "link": "https://www.aldi.nl/gebroken-sperziebonen-1230390.html"
  },
  {
    "id": "1230387",
    "title": "DAYLICIOUS Gesneden snijbonen 400 g",
    "category": "Groente, aardappelen",
    "price": 2.19,
    "promoPrice": null,
    "price_per_unit": null,
    "unit": null,
    "image": "https://s7g10.scene7.com/is/image/aldinord/product_1230387_main_cms_1_nl_nl_gesneden_snijbonen_cw01_2024",
    "beschikbaar": true,
    "promoEnd": null,
    "link": "https://www.aldi.nl/gesneden-snijbonen-1230387.html"
  },
  {
    "id": "1230359",
    "title": "DAYLICIOUS Mozzarella maaltijdsalade 400 g",
    "category": "Maaltijden, salades",
    "price": 3.99,
    "promoPrice": null,
    "price_per_unit": 9.98,
    "unit": "KG",
    "image": "https://s7g10.scene7.com/is/image/aldinord/product_1230359_main_cms_2_nl_nl_mozzarella_maaltijdsalade_cw01_2024",
    "beschikbaar": true,
    "promoEnd": null,
    "link": "https://www.aldi.nl/mozzarella-maaltijdsalade-1230359.html"
  },
  {
    "id": "1230346",
    "title": "DAYLICIOUS Bloemkoolroosjes 400 g",
    "category": "Groente, aardappelen",
    "price": 1.69,
    "promoPrice": 1.69,
    "price_per_unit": 4.23,
    "unit": "KG",
    "image": "https://s7g10.scene7.com/is/image/aldinord/product_1230346_main_cms_4_nl_nl_bloemkoolroosjes_cw01_2024",
    "beschikbaar": true,
    "promoEnd": "2025-10-12",
    "link": "https://www.aldi.nl/bloemkoolroosjes-1230346.html"
  },
  {
    "id": "1230338",
    "title": "BON-RI Thaise jasmijnrijst 5 kg",
    "category": "Speciaal assortiment",
    "price": 8.99,
    "promoPrice": 8.99,
    "price_per_unit": 1.8,
    "unit": "KG",
    "image": "https://s7g10.scene7.com/is/image/aldinord/product_1230338_main_cms_2_nl_nl_thaise_jasmijnrijst_cw01_2024",
    "beschikbaar": true,
    "promoEnd": "2025-10-19",
    "link": "https://www.aldi.nl/thaise-jasmijnrijst-1230338.html"
  },
  {
    "id": "1230337",
    "title": "ASIA GREEN GARDEN Udon- of sobanoedels 300 g",
    "category": "Speciaal assortiment",
    "price": 0.99,
    "promoPrice": 0.99,
    "price_per_unit": null,
    "unit": null,
    "image": "https://s7g10.scene7.com/is/image/aldinord/product_1230337_main_cms_5_nl_nl_udon_of_sobanoedels_cw01_2024",
    "beschikbaar": true,
    "promoEnd": "2025-10-19",
    "link": "https://www.aldi.nl/udon-of-sobanoedels-1230337.html"
  },
  {
    "id": "1230316",
    "title": "DAYLICIOUS Falafel maaltijdsalade 450 g",
    "category": "Maaltijden, salades",
    "price": 3.99,
    "promoPrice": null,
    "price_per_unit": 8.87,
    "unit": "KG",
    "image": "https://s7g10.scene7.com/is/image/aldinord/product_1230316_main_cms_6_nl_nl_falafel_maaltijdsalade_cw01_2024",
    "beschikbaar": true,
    "promoEnd": null,
    "link": "https://www.aldi.nl/falafel-maaltijdsalade-1230316.html"
  },
  {
    "id": "1230312",
    "title": "DAYLICIOUS IJsbergsla fijn 100 g",
    "category": "Groente, aardappelen",
    "price": 0.79,
    "promoPrice": null,
    "price_per_unit": 7.9,
    "unit": "KG",
    "image": "https://s7g10.scene7.com/is/image/aldinord/product_1230312_main_cms_6_nl_nl_ijsbergsla_fijn_cw01_2024",
    "beschikbaar": true,
    "promoEnd": null,
    "link": "https://www.aldi.nl/ijsbergsla-fijn-1230312.html"
  },
  {
    "id": "1230311",
    "title": "DAYLICIOUS Bloemkoolrijst 400 g",
    "category": "Groente, aardappelen",
    "price": 1.99,
    "promoPrice": null,
    "price_per_unit": 4.98,
    "unit": "KG",
    "image": "https://s7g10.scene7.com/is/image/aldinord/product_1230311_main_cms_3_nl_nl_bloemkoolrijst_cw01_2024",
    "beschikbaar": true,
    "promoEnd": null,
    "link": "https://www.aldi.nl/bloemkoolrijst-1230311.html"
  },
  {
    "id": "1230307",
    "title": "DAYLICIOUS Broccoliroosjes 400 g",
    "category": "Groente, aardappelen",
    "price": 1.99,
    "promoPrice": null,
    "price_per_unit": 4.98,
    "unit": "KG",
    "image": "https://s7g10.scene7.com/is/image/aldinord/product_1230307_main_cms_4_nl_nl_broccoliroosjes_cw01_2024",
    "beschikbaar": true,
    "promoEnd": null,
    "link": "https://www.aldi.nl/broccoliroosjes-1230307.html"
  },
  {
    "id": "1230306",
    "title": "DAYLICIOUS Salademix 300 g",
    "category": "Groente, aardappelen",
    "price": 1.39,
    "promoPrice": null,
    "price_per_unit": 4.63,
    "unit": "KG",
    "image": "https://s7g10.scene7.com/is/image/aldinord/product_1230306_main_cms_3_nl_nl_salademix_cw01_2024",
    "beschikbaar": true,
    "promoEnd": null,
    "link": "https://www.aldi.nl/salademix-1230306.html"
  },
  {
    "id": "1230303",
    "title": "DAYLICIOUS Snackwortels 150 g",
    "category": "Groente, aardappelen",
    "price": 0.79,
    "promoPrice": null,
    "price_per_unit": 5.27,
    "unit": "KG",
    "image": "https://s7g10.scene7.com/is/image/aldinord/product_1230303_main_cms_3_nl_nl_snackwortels_cw01_2024",
    "beschikbaar": true,
    "promoEnd": null,
    "link": "https://www.aldi.nl/snackwortels-1230303.html"
  },
  {
    "id": "1230302",
    "title": "DAYLICIOUS Gesneden spitskool 200 g",
    "category": "Groente, aardappelen",
    "price": 0.99,
    "promoPrice": null,
    "price_per_unit": 4.95,
    "unit": "KG",
    "image": "https://s7g10.scene7.com/is/image/aldinord/product_1230302_main_cms_4_nl_nl_gesneden_spitskool_cw01_2024",
    "beschikbaar": true,
    "promoEnd": null,
    "link": "https://www.aldi.nl/gesneden-spitskool-1230302.html"
  },
  {
    "id": "1230301",
    "title": "DAYLICIOUS Babyspinazie 100 g",
    "category": "Groente, aardappelen",
    "price": 0.99,
    "promoPrice": null,
    "price_per_unit": 9.9,
    "unit": "KG",
    "image": "https://s7g10.scene7.com/is/image/aldinord/product_1230301_main_cms_3_nl_nl_babyspinazie_cw01_2024",
    "beschikbaar": true,
    "promoEnd": null,
    "link": "https://www.aldi.nl/babyspinazie-1230301.html"
  },
  {
    "id": "1230287",
    "title": "AMBIANO Raclette- en gourmetstel Per stuk",
    "category": "Speciaal assortiment",
    "price": 9.99,
    "promoPrice": 9.99,
    "price_per_unit": null,
    "unit": null,
    "image": "https://s7g10.scene7.com/is/image/aldinord/product_1230287_main_cms_1_nl_nl_raclette_en_gourmetstel_cw01_2024",
    "beschikbaar": true,
    "promoEnd": "2025-10-24",
    "link": "https://www.aldi.nl/raclette-en-gourmetstel-1230287.html"
  },
  {
    "id": "1230280",
    "title": "BISCOTTO Chocolade wafers 125 g",
    "category": "Snoep, koek, chips",
    "price": 1.49,
    "promoPrice": null,
    "price_per_unit": 11.92,
    "unit": "KG",
    "image": "https://s7g10.scene7.com/is/image/aldinord/product_1230280_main_cms_6_nl_nl_chocolade_wafers_cw01_2024",
    "beschikbaar": true,
    "promoEnd": null,
    "link": "https://www.aldi.nl/chocolade-wafers-1230280.html"
  },
  {
    "id": "1230274",
    "title": "BISCOTTO Sandwich biscuits 500 g",
    "category": "Snoep, koek, chips",
    "price": 1.45,
    "promoPrice": null,
    "price_per_unit": 2.9,
    "unit": "KG",
    "image": "https://s7g10.scene7.com/is/image/aldinord/product_1230274_main_cms_5_nl_nl_sandwich_biscuits_cw01_2024",
    "beschikbaar": true,
    "promoEnd": null,
    "link": "https://www.aldi.nl/sandwich-biscuits-1230274.html"
  },
  {
    "id": "1230258",
    "title": "PITA ORIGINAL Pitabroodjes Inhoud: 10 stuks, 500 g",
    "category": "Brood, ontbijtgranen",
    "price": 0.89,
    "promoPrice": null,
    "price_per_unit": 1.78,
    "unit": "KG",
    "image": "https://s7g10.scene7.com/is/image/aldinord/product_1230258_main_cms_1_nl_nl_pitabroodjes_cw01_2024",
    "beschikbaar": true,
    "promoEnd": null,
    "link": "https://www.aldi.nl/pitabroodjes-1230258.html"
  },
  {
    "id": "1230222",
    "title": "LANDBECK Mini-cabanossi 300 g",
    "category": "Speciaal assortiment",
    "price": 3.49,
    "promoPrice": 3.49,
    "price_per_unit": 11.63,
    "unit": "KG",
    "image": "https://s7g10.scene7.com/is/image/aldinord/product_1230222_main_cms_2_nl_nl_mini_cabanossi_cw01_2024",
    "beschikbaar": true,
    "promoEnd": "2025-10-12",
    "link": "https://www.aldi.nl/mini-cabanossi-1230222.html"
  },
  {
    "id": "1230203",
    "title": "CASALUX Universele led-zaklamp Per stuk",
    "category": "Speciaal assortiment",
    "price": 2.99,
    "promoPrice": 2.99,
    "price_per_unit": null,
    "unit": null,
    "image": "https://s7g10.scene7.com/is/image/aldinord/product_1230203_main_cms_8_nl_nl_universele_led_zaklamp_cw01_2024",
    "beschikbaar": true,
    "promoEnd": "2025-10-24",
    "link": "https://www.aldi.nl/universele-led-zaklamp-1230203.html"
  },
  {
    "id": "1230191",
    "title": "ASIA GREEN GARDEN Soja- of edamamebonen 212 ml",
    "category": "Speciaal assortiment",
    "price": 1.39,
    "promoPrice": 1.39,
    "price_per_unit": null,
    "unit": null,
    "image": "https://s7g10.scene7.com/is/image/aldinord/product_1230191_main_cms_3_nl_nl_soja_of_edamamebonen_cw01_2024",
    "beschikbaar": true,
    "promoEnd": "2025-10-19",
    "link": "https://www.aldi.nl/soja-of-edamamebonen-1230191.html"
  },
  {
    "id": "1230176",
    "title": "PUZZELSPORT Puzzelboek Per stuk",
    "category": "Speciaal assortiment",
    "price": 2.49,
    "promoPrice": 2.49,
    "price_per_unit": null,
    "unit": null,
    "image": "https://s7g10.scene7.com/is/image/aldinord/product_1230176_main_cms_10_nl_nl_puzzelboek_cw01_2024",
    "beschikbaar": true,
    "promoEnd": "2025-10-21",
    "link": "https://www.aldi.nl/puzzelboek-1230176.html"
  },
  {
    "id": "1230141",
    "title": "BISCOTTO Haverkoekjes 525-630 g",
    "category": "Snoep, koek, chips",
    "price": 3.99,
    "promoPrice": null,
    "price_per_unit": 6.65,
    "unit": "KG",
    "image": "https://s7g10.scene7.com/is/image/aldinord/product_1230141_main_cms_4_nl_nl_haverkoekjes_cw01_2024",
    "beschikbaar": true,
    "promoEnd": null,
    "link": "https://www.aldi.nl/haverkoekjes-1230141.html"
  },
  {
    "id": "1230139",
    "title": "BISCOTTO Sprenkeltjes 400 g",
    "category": "Snoep, koek, chips",
    "price": 1.75,
    "promoPrice": null,
    "price_per_unit": 4.38,
    "unit": "KG",
    "image": "https://s7g10.scene7.com/is/image/aldinord/product_1230139_main_cms_4_nl_nl_sprenkeltjes_cw01_2024",
    "beschikbaar": true,
    "promoEnd": null,
    "link": "https://www.aldi.nl/sprenkeltjes-1230139.html"
  },
  {
    "id": "1230133",
    "title": "BISCOTTO Gesuikerde krakelingen of kaneelstengels Ca. 12-15 koekjes",
    "category": "Snoep, koek, chips",
    "price": 1.79,
    "promoPrice": null,
    "price_per_unit": 8.95,
    "unit": "KG",
    "image": "https://s7g10.scene7.com/is/image/aldinord/product_1230133_main_cms_3_nl_nl_gesuikerde_krakelingen_of_kaneelstengels_cw01_2024",
    "beschikbaar": true,
    "promoEnd": null,
    "link": "https://www.aldi.nl/gesuikerde-krakelingen-of-kaneelstengels-1230133.html"
  },
  {
    "id": "1230115",
    "title": "ASIA GREEN GARDEN Srirachasaus 250 ml",
    "category": "Speciaal assortiment",
    "price": 1.89,
    "promoPrice": 1.89,
    "price_per_unit": null,
    "unit": null,
    "image": "https://s7g10.scene7.com/is/image/aldinord/product_1230115_main_cms_8_nl_nl_srirachasaus_cw01_2024",
    "beschikbaar": true,
    "promoEnd": "2025-10-19",
    "link": "https://www.aldi.nl/srirachasaus-1230115.html"
  },
  {
    "id": "1230105",
    "title": "ASIA GREEN GARDEN Wasabi paste 43 g",
    "category": "Speciaal assortiment",
    "price": 1.59,
    "promoPrice": 1.59,
    "price_per_unit": null,
    "unit": null,
    "image": "https://s7g10.scene7.com/is/image/aldinord/product_1230105_main_cms_1_nl_nl_wasabi_paste_cw01_2024",
    "beschikbaar": true,
    "promoEnd": "2025-10-19",
    "link": "https://www.aldi.nl/wasabi-paste-1230105.html"
  },
  {
    "id": "1230098",
    "title": "SPEISE ZEIT Franse kreukelfrites 2.5 kg",
    "category": "Speciaal assortiment",
    "price": 4.29,
    "promoPrice": 4.29,
    "price_per_unit": null,
    "unit": null,
    "image": "https://s7g10.scene7.com/is/image/aldinord/product_1230098_main_cms_2_nl_nl_franse_kreukelfrites_cw01_2024",
    "beschikbaar": true,
    "promoEnd": "2025-10-12",
    "link": "https://www.aldi.nl/franse-kreukelfrites-1230098.html"
  },
  {
    "id": "1230057",
    "title": "FOLIA Geparfumeerde afvalzakken 35 stuks.",
    "category": "Speciaal assortiment",
    "price": 1.49,
    "promoPrice": 1.49,
    "price_per_unit": null,
    "unit": null,
    "image": "https://s7g10.scene7.com/is/image/aldinord/product_1230057_main_cms_1_nl_nl_geparfumeerde_afvalzakken_cw01_2024",
    "beschikbaar": true,
    "promoEnd": "2025-10-19",
    "link": "https://www.aldi.nl/geparfumeerde-afvalzakken-1230057.html"
  },
  {
    "id": "1229960",
    "title": "GUT DREI EICHEN Gehaktballen 600 g",
    "category": "Vlees, vis, vega",
    "price": 2.99,
    "promoPrice": 2.99,
    "price_per_unit": null,
    "unit": null,
    "image": "https://s7g10.scene7.com/is/image/aldinord/product_1229960_main_cms_2_nl_nl_gehaktballen_cw01_2024",
    "beschikbaar": true,
    "promoEnd": "2025-10-19",
    "link": "https://www.aldi.nl/gehaktballen-1229960.html"
  },
  {
    "id": "1229843",
    "title": "DéLIFIN Spekreepjes 2x200 g",
    "category": "Snoep, koek, chips",
    "price": 3.59,
    "promoPrice": 3.59,
    "price_per_unit": null,
    "unit": null,
    "image": "https://s7g10.scene7.com/is/image/aldinord/product_1229843_main_cms_7_nl_nl_spekreepjes_cw01_2024",
    "beschikbaar": true,
    "promoEnd": "2025-10-12",
    "link": "https://www.aldi.nl/spekreepjes-1229843.html"
  },
  {
    "id": "1229804",
    "title": "ALL SEASONS Broccoli of bloemkool 1 kg",
    "category": "Groente, aardappelen",
    "price": 2.49,
    "promoPrice": null,
    "price_per_unit": 2.49,
    "unit": "KG",
    "image": "https://s7g10.scene7.com/is/image/aldinord/product_1229804_main_cms_5_nl_nl_broccoli_of_bloemkool_cw01_2024",
    "beschikbaar": true,
    "promoEnd": null,
    "link": "https://www.aldi.nl/broccoli-of-bloemkool-1229804.html"
  },
  {
    "id": "1229798",
    "title": "TOPCRAFT Muts met lampje Per stuk",
    "category": "Speciaal assortiment",
    "price": 5.99,
    "promoPrice": 5.99,
    "price_per_unit": null,
    "unit": null,
    "image": "https://s7g10.scene7.com/is/image/aldinord/product_1229798_main_cms_10_nl_nl_muts_met_lampje_cw01_2024",
    "beschikbaar": true,
    "promoEnd": "2025-10-24",
    "link": "https://www.aldi.nl/muts-met-lampje-1229798.html"
  },
  {
    "id": "1229764",
    "title": "Castelli Romani Doc, Italië 0.75 l",
    "category": "Speciaal assortiment",
    "price": 3.49,
    "promoPrice": 3.49,
    "price_per_unit": null,
    "unit": null,
    "image": "https://s7g10.scene7.com/is/image/aldinord/product_1229764_main_cms_1_nl_nl_castelli_romani_doc_italie_cw01_2024",
    "beschikbaar": true,
    "promoEnd": "2025-10-19",
    "link": "https://www.aldi.nl/castelli-romani-doc-itali-1229764.html"
  },
  {
    "id": "1229728",
    "title": "ASIA GREEN GARDEN Chips 150 g",
    "category": "Snoep, koek, chips",
    "price": 1.19,
    "promoPrice": 1.19,
    "price_per_unit": null,
    "unit": null,
    "image": "https://s7g10.scene7.com/is/image/aldinord/product_1229728_main_cms_3_nl_nl_chips_cw01_2024",
    "beschikbaar": true,
    "promoEnd": "2025-10-19",
    "link": "https://www.aldi.nl/chips-1229728.html"
  },
  {
    "id": "1229710",
    "title": "ASIA GREEN GARDEN Chinese noedels met kip 800 g",
    "category": "Vlees, vis, vega",
    "price": 3.49,
    "promoPrice": 3.49,
    "price_per_unit": null,
    "unit": null,
    "image": "https://s7g10.scene7.com/is/image/aldinord/product_1229710_main_cms_1_nl_nl_chinese_noedels_met_kip_cw01_2024",
    "beschikbaar": true,
    "promoEnd": "2025-10-19",
    "link": "https://www.aldi.nl/chinese-noedels-met-kip-1229710.html"
  },
  {
    "id": "1229648",
    "title": "RIO D'ORO Guava nectar 1 l",
    "category": "Speciaal assortiment",
    "price": 1.59,
    "promoPrice": 1.59,
    "price_per_unit": null,
    "unit": null,
    "image": "https://s7g10.scene7.com/is/image/aldinord/product_1229648_main_cms_1_nl_nl_guava_nectar_cw01_2024",
    "beschikbaar": true,
    "promoEnd": "2025-10-19",
    "link": "https://www.aldi.nl/guava-nectar-1229648.html"
  },
  {
    "id": "1229604",
    "title": "RIO D'ORO Appel-kiwi sap 1 l",
    "category": "Groente, aardappelen",
    "price": 1.49,
    "promoPrice": 1.49,
    "price_per_unit": null,
    "unit": null,
    "image": "https://s7g10.scene7.com/is/image/aldinord/product_1229604_main_cms_1_nl_nl_appel_kiwi_sap_cw01_2024",
    "beschikbaar": true,
    "promoEnd": "2025-10-12",
    "link": "https://www.aldi.nl/appel-kiwi-sap-1229604.html"
  },
  {
    "id": "1229601",
    "title": "RIO D'ORO 6-pack appel-peer drink 6x20 cl",
    "category": "Groente, aardappelen",
    "price": 1.79,
    "promoPrice": 1.79,
    "price_per_unit": null,
    "unit": null,
    "image": "https://s7g10.scene7.com/is/image/aldinord/product_1229601_main_cms_3_nl_nl_6_pack_appel_peer_drink_cw01_2024",
    "beschikbaar": true,
    "promoEnd": "2025-10-12",
    "link": "https://www.aldi.nl/6-pack-appel-peer-drink-1229601.html"
  },
  {
    "id": "1229597",
    "title": "RIVER Cola regular of zero sugar 2 l",
    "category": "Frisdrank, sappen",
    "price": 0.99,
    "promoPrice": 0.99,
    "price_per_unit": null,
    "unit": null,
    "image": "https://s7g10.scene7.com/is/image/aldinord/product_1229597_main_cms_4_nl_nl_cola_regular_of_zero_sugar_cw01_2024",
    "beschikbaar": true,
    "promoEnd": "2025-10-19",
    "link": "https://www.aldi.nl/cola-regular-of-zero-sugar-1229597.html"
  },
  {
    "id": "1229568",
    "title": "CLEMENTONI Panoramapuzzel Per stuk.",
    "category": "Speciaal assortiment",
    "price": 6.99,
    "promoPrice": 6.99,
    "price_per_unit": null,
    "unit": null,
    "image": "https://s7g10.scene7.com/is/image/aldinord/product_1229568_main_cms_16_nl_nl_panoramapuzzel_cw01_2024",
    "beschikbaar": true,
    "promoEnd": "2025-10-24",
    "link": "https://www.aldi.nl/panoramapuzzel-1229568.html"
  },
  {
    "id": "1229552",
    "title": "NESCAFÉ Gold oploskoffie 200 g",
    "category": "Koffie, thee",
    "price": 9.99,
    "promoPrice": null,
    "price_per_unit": 49.95,
    "unit": "KG",
    "image": "https://s7g10.scene7.com/is/image/aldinord/product_1229552_main_cms_2_nl_nl_gold_oploskoffie_cw01_2024",
    "beschikbaar": true,
    "promoEnd": null,
    "link": "https://www.aldi.nl/gold-oploskoffie-1229552.html"
  },
  {
    "id": "1229486",
    "title": "CHOCEUR Mini-reepjes 5x40 g",
    "category": "Snoep, koek, chips",
    "price": 2.69,
    "promoPrice": null,
    "price_per_unit": 13.45,
    "unit": "KG",
    "image": "https://s7g10.scene7.com/is/image/aldinord/product_1229486_main_cms_11_nl_nl_mini_reepjes_cw01_2024",
    "beschikbaar": true,
    "promoEnd": null,
    "link": "https://www.aldi.nl/mini-reepjes-1229486.html"
  },
  {
    "id": "1229468",
    "title": "WORKZONE Isolatiemateriaal Per stuk/set",
    "category": "Speciaal assortiment",
    "price": 2.99,
    "promoPrice": 2.99,
    "price_per_unit": null,
    "unit": null,
    "image": "https://s7g10.scene7.com/is/image/aldinord/product_1229468_main_cms_15_nl_nl_isolatiemateriaal_cw01_2024",
    "beschikbaar": true,
    "promoEnd": "2025-10-24",
    "link": "https://www.aldi.nl/isolatiemateriaal-1229468.html"
  },
  {
    "id": "1229463",
    "title": "FERREX Asstofzuiger Per stuk",
    "category": "Speciaal assortiment",
    "price": 29.99,
    "promoPrice": 29.99,
    "price_per_unit": null,
    "unit": null,
    "image": "https://s7g10.scene7.com/is/image/aldinord/product_1229463_main_cms_9_nl_nl_asstofzuiger_cw01_2024",
    "beschikbaar": true,
    "promoEnd": "2025-10-24",
    "link": "https://www.aldi.nl/asstofzuiger-1229463.html"
  },
  {
    "id": "1229455",
    "title": "DUYVIS Borrelnootjes 500 g",
    "category": "Snoep, koek, chips",
    "price": null,
    "promoPrice": null,
    "price_per_unit": null,
    "unit": null,
    "image": "https://s7g10.scene7.com/is/image/aldinord/product_1229455_main_cms_3_nl_nl_borrelnootjes_cw01_2024",
    "beschikbaar": true,
    "promoEnd": null,
    "link": "https://www.aldi.nl/borrelnootjes-1229455.html"
  },
  {
    "id": "1229432",
    "title": "Tule jurk Per stuk",
    "category": "Speciaal assortiment",
    "price": 8.99,
    "promoPrice": 8.99,
    "price_per_unit": null,
    "unit": null,
    "image": "https://s7g10.scene7.com/is/image/aldinord/product_1229432_main_cms_1_nl_nl_tule_jurk_cw01_2024",
    "beschikbaar": true,
    "promoEnd": "2025-10-24",
    "link": "https://www.aldi.nl/tule-jurk-1229432.html"
  },
  {
    "id": "1229430",
    "title": "CHOCEUR Alpenmelk chocolade 100 g",
    "category": "Snoep, koek, chips",
    "price": 1.08,
    "promoPrice": null,
    "price_per_unit": 10.8,
    "unit": "KG",
    "image": "https://s7g10.scene7.com/is/image/aldinord/product_1229430_main_cms_2_nl_nl_alpenmelk_chocolade_cw01_2024",
    "beschikbaar": true,
    "promoEnd": null,
    "link": "https://www.aldi.nl/alpenmelk-chocolade-1229430.html"
  },
  {
    "id": "1229380",
    "title": "MILSANI High protein pouch 200 g",
    "category": "Zuivel, eieren",
    "price": 1.29,
    "promoPrice": null,
    "price_per_unit": 6.45,
    "unit": "KG",
    "image": "https://s7g10.scene7.com/is/image/aldinord/product_1229380_main_cms_4_nl_nl_high_protein_pouch_cw01_2024",
    "beschikbaar": true,
    "promoEnd": null,
    "link": "https://www.aldi.nl/high-protein-pouch-1229380.html"
  },
  {
    "id": "1229368",
    "title": "Roomboter amandelstaaf 250 g",
    "category": "Speciaal assortiment",
    "price": 2.49,
    "promoPrice": null,
    "price_per_unit": 9.96,
    "unit": "KG",
    "image": "https://s7g10.scene7.com/is/image/aldinord/product_1229368_main_cms_3_nl_nl_roomboter_amandelstaaf_cw01_2024",
    "beschikbaar": true,
    "promoEnd": null,
    "link": "https://www.aldi.nl/roomboter-amandelstaaf-1229368.html"
  },
  {
    "id": "1229361",
    "title": "TRADER JOE'S Noten fruit mix bar 200 g",
    "category": "Snoep, koek, chips",
    "price": 2.49,
    "promoPrice": null,
    "price_per_unit": 12.45,
    "unit": "KG",
    "image": "https://s7g10.scene7.com/is/image/aldinord/product_1229361_main_cms_3_nl_nl_noten_fruit_mix_bar_cw01_2024",
    "beschikbaar": true,
    "promoEnd": null,
    "link": "https://www.aldi.nl/noten-fruit-mix-bar-1229361.html"
  },
  {
    "id": "1229359",
    "title": "UP2FASHION Sjaal Per stuk",
    "category": "Speciaal assortiment",
    "price": 7.99,
    "promoPrice": 7.99,
    "price_per_unit": null,
    "unit": null,
    "image": "https://s7g10.scene7.com/is/image/aldinord/product_1229359_main_cms_7_nl_nl_sjaal_cw01_2024",
    "beschikbaar": true,
    "promoEnd": "2025-10-24",
    "link": "https://www.aldi.nl/sjaal-1229359.html"
  },
  {
    "id": "1229328",
    "title": "CRANE Coolmax gel binnenzolen Per paar",
    "category": "Speciaal assortiment",
    "price": 2.99,
    "promoPrice": 2.99,
    "price_per_unit": null,
    "unit": null,
    "image": "https://s7g10.scene7.com/is/image/aldinord/product_1229328_main_cms_3_nl_nl_coolmax_gel_binnenzolen_cw01_2024",
    "beschikbaar": true,
    "promoEnd": "2025-10-21",
    "link": "https://www.aldi.nl/coolmax-gel-binnenzolen-1229328.html"
  },
  {
    "id": "1229322",
    "title": "RIVER 9-pack orange regular 9x0.5 l",
    "category": "Frisdrank, sappen",
    "price": 5.79,
    "promoPrice": null,
    "price_per_unit": null,
    "unit": null,
    "image": "https://s7g10.scene7.com/is/image/aldinord/product_1229322_main_cms_2_nl_nl_9_pack_orange_regular_cw01_2024",
    "beschikbaar": true,
    "promoEnd": null,
    "link": "https://www.aldi.nl/9-pack-orange-regular-1229322.html"
  },
  {
    "id": "1229317",
    "title": "CRANE Winter hardloopaccessoire Per stuk/paar",
    "category": "Speciaal assortiment",
    "price": 4.99,
    "promoPrice": 4.99,
    "price_per_unit": null,
    "unit": null,
    "image": "https://s7g10.scene7.com/is/image/aldinord/product_1229317_main_cms_5_nl_nl_winter_hardloopaccessoire_cw01_2024",
    "beschikbaar": true,
    "promoEnd": "2025-10-21",
    "link": "https://www.aldi.nl/winter-hardloopaccessoire-1229317.html"
  },
  {
    "id": "1229295",
    "title": "Snackkomkommers en -paprika's 200-250 g",
    "category": "Groente, aardappelen",
    "price": 1.69,
    "promoPrice": null,
    "price_per_unit": 6.76,
    "unit": "KG",
    "image": "https://s7g10.scene7.com/is/image/aldinord/product_1229295_main_cms_3_nl_nl_snackkomkommers_en_paprika_s_cw01_2024",
    "beschikbaar": true,
    "promoEnd": null,
    "link": "https://www.aldi.nl/snackkomkommers-en-paprikas-1229295.html"
  },
  {
    "id": "1229283",
    "title": "UP2FASHION 2-pack colshirts",
    "category": "Speciaal assortiment",
    "price": 9.99,
    "promoPrice": 9.99,
    "price_per_unit": null,
    "unit": null,
    "image": "https://s7g10.scene7.com/is/image/aldinord/product_1229283_main_cms_15_nl_nl_2_pack_colshirts_cw01_2024",
    "beschikbaar": true,
    "promoEnd": "2025-10-24",
    "link": "https://www.aldi.nl/2-pack-colshirts-1229283.html"
  },
  {
    "id": "1229278",
    "title": "PURINA ONE Kattenvoer sterilcat rund 800 g",
    "category": "Huisdieren",
    "price": null,
    "promoPrice": null,
    "price_per_unit": null,
    "unit": null,
    "image": "https://s7g10.scene7.com/is/image/aldinord/product_1229278_main_cms_3_nl_nl_kattenvoer_sterilcat_rund_cw01_2024",
    "beschikbaar": true,
    "promoEnd": null,
    "link": "https://www.aldi.nl/kattenvoer-sterilcat-rund-1229278.html"
  },
  {
    "id": "1229277",
    "title": "PURINA ONE Kattenvoer adult zalm 800 g",
    "category": "Huisdieren",
    "price": null,
    "promoPrice": null,
    "price_per_unit": null,
    "unit": null,
    "image": "https://s7g10.scene7.com/is/image/aldinord/product_1229277_main_cms_4_nl_nl_kattenvoer_adult_zalm_cw01_2024",
    "beschikbaar": true,
    "promoEnd": null,
    "link": "https://www.aldi.nl/kattenvoer-adult-zalm-1229277.html"
  },
  {
    "id": "1229189",
    "title": "BBQ Marshmallows 300 g",
    "category": "Speciaal assortiment",
    "price": 1.99,
    "promoPrice": 1.99,
    "price_per_unit": 6.63,
    "unit": "KG",
    "image": "https://s7g10.scene7.com/is/image/aldinord/product_1229189_main_cms_1_nl_nl_marshmallows_cw01_2024",
    "beschikbaar": true,
    "promoEnd": "2025-10-12",
    "link": "https://www.aldi.nl/marshmallows-1229189.html"
  },
  {
    "id": "1229144",
    "title": "CUCINA NOBILE Gorgonzola 200 g",
    "category": "Zuivel, eieren",
    "price": 2.49,
    "promoPrice": null,
    "price_per_unit": 12.45,
    "unit": "KG",
    "image": "https://s7g10.scene7.com/is/image/aldinord/variant_1229144_1_main_cms_1_nl_nl_gorgonzola_cw01_2024",
    "beschikbaar": true,
    "promoEnd": null,
    "link": "https://www.aldi.nl/gorgonzola-1229144.html"
  },
  {
    "id": "1229136",
    "title": "HOFSTEE DE DRIE EIKEN Mini-salami 250 g",
    "category": "Vlees, vis, vega",
    "price": 2.99,
    "promoPrice": null,
    "price_per_unit": 11.96,
    "unit": "KG",
    "image": "https://s7g10.scene7.com/is/image/aldinord/product_1229136_main_cms_4_nl_nl_mini_salami_cw01_2024",
    "beschikbaar": true,
    "promoEnd": null,
    "link": "https://www.aldi.nl/mini-salami-1229136.html"
  },
  {
    "id": "1229132",
    "title": "BISCOTTO Roomboterkoeken 300-400 g",
    "category": "Snoep, koek, chips",
    "price": 2.69,
    "promoPrice": null,
    "price_per_unit": 8.97,
    "unit": "KG",
    "image": "https://s7g10.scene7.com/is/image/aldinord/product_1229132_main_cms_1_nl_nl_roomboterkoeken_cw01_2024",
    "beschikbaar": true,
    "promoEnd": null,
    "link": "https://www.aldi.nl/roomboterkoeken-1229132.html"
  },
  {
    "id": "1229130",
    "title": "CUCINA NOBILE Pastasaus 400 g",
    "category": "Maaltijden, salades",
    "price": 1.83,
    "promoPrice": null,
    "price_per_unit": 4.58,
    "unit": "KG",
    "image": "https://s7g10.scene7.com/is/image/aldinord/product_1229130_main_cms_1_nl_nl_pastasaus_cw01_2024",
    "beschikbaar": true,
    "promoEnd": null,
    "link": "https://www.aldi.nl/pastasaus-1229130.html"
  },
  {
    "id": "1229129",
    "title": "ASIA GREEN GARDEN Pistachenoten 250 g",
    "category": "Snoep, koek, chips",
    "price": 3.89,
    "promoPrice": 3.89,
    "price_per_unit": null,
    "unit": null,
    "image": "https://s7g10.scene7.com/is/image/aldinord/product_1229129_main_cms_3_nl_nl_pistachenoten_cw01_2024",
    "beschikbaar": true,
    "promoEnd": "2025-10-19",
    "link": "https://www.aldi.nl/pistachenoten-1229129.html"
  },
  {
    "id": "1229111",
    "title": "RIO D'ORO Verse sap ananas-meloen-mango 500 ml",
    "category": "Frisdrank, sappen",
    "price": 2.29,
    "promoPrice": null,
    "price_per_unit": null,
    "unit": null,
    "image": "https://s7g10.scene7.com/is/image/aldinord/product_1229111_main_cms_1_nl_nl_verse_sap_ananas_meloen_mango_cw01_2024",
    "beschikbaar": true,
    "promoEnd": null,
    "link": "https://www.aldi.nl/verse-sap-ananas-meloen-mango-1229111.html"
  },
  {
    "id": "1229110",
    "title": "RIO D'ORO Verse sap sinaasappel kiwi 500 ml",
    "category": "Frisdrank, sappen",
    "price": 2.29,
    "promoPrice": null,
    "price_per_unit": null,
    "unit": null,
    "image": "https://s7g10.scene7.com/is/image/aldinord/product_1229110_main_cms_1_nl_nl_verse_sap_sinaasappel_kiwi_cw01_2024",
    "beschikbaar": true,
    "promoEnd": null,
    "link": "https://www.aldi.nl/verse-sap-sinaasappel-kiwi-1229110.html"
  },
  {
    "id": "1229109",
    "title": "RIO D'ORO Verse sap sinaasappel aardbei 500 ml",
    "category": "Frisdrank, sappen",
    "price": 2.29,
    "promoPrice": null,
    "price_per_unit": null,
    "unit": null,
    "image": "https://s7g10.scene7.com/is/image/aldinord/product_1229109_main_cms_1_nl_nl_verse_sap_sinaasappel_aardbei_cw01_2024",
    "beschikbaar": true,
    "promoEnd": null,
    "link": "https://www.aldi.nl/verse-sap-sinaasappel-aardbei-1229109.html"
  },
  {
    "id": "1229107",
    "title": "RIO D'ORO Smoothie mango-passievrucht 0.5 l",
    "category": "Groente, aardappelen",
    "price": 2.29,
    "promoPrice": null,
    "price_per_unit": null,
    "unit": null,
    "image": "https://s7g10.scene7.com/is/image/aldinord/product_1229107_main_cms_2_nl_nl_smoothie_mango_passievrucht_cw01_2024",
    "beschikbaar": true,
    "promoEnd": null,
    "link": "https://www.aldi.nl/smoothie-mango-passievrucht-1229107.html"
  },
  {
    "id": "1229106",
    "title": "RIO D'ORO Smoothie aardbei-banaan 0.5 l",
    "category": "Groente, aardappelen",
    "price": 2.29,
    "promoPrice": null,
    "price_per_unit": null,
    "unit": null,
    "image": "https://s7g10.scene7.com/is/image/aldinord/product_1229106_main_cms_2_nl_nl_smoothie_aardbei_banaan_cw01_2024",
    "beschikbaar": true,
    "promoEnd": null,
    "link": "https://www.aldi.nl/smoothie-aardbei-banaan-1229106.html"
  },
  {
    "id": "1229104",
    "title": "RIO D'ORO Verse smoothie aardbei-banaan 250 ml",
    "category": "Frisdrank, sappen",
    "price": 1.39,
    "promoPrice": null,
    "price_per_unit": null,
    "unit": null,
    "image": "https://s7g10.scene7.com/is/image/aldinord/product_1229104_main_cms_1_nl_nl_verse_smoothie_aardbei_banaan_cw01_2024",
    "beschikbaar": true,
    "promoEnd": null,
    "link": "https://www.aldi.nl/verse-smoothie-aardbei-banaan-1229104.html"
  },
  {
    "id": "1229103",
    "title": "PURE FRUIT Gember shot mango 125 ml",
    "category": "Frisdrank, sappen",
    "price": 0.99,
    "promoPrice": null,
    "price_per_unit": null,
    "unit": null,
    "image": "https://s7g10.scene7.com/is/image/aldinord/product_1229103_main_cms_2_nl_nl_gember_shot_mango_cw01_2024",
    "beschikbaar": true,
    "promoEnd": null,
    "link": "https://www.aldi.nl/gember-shot-mango-1229103.html"
  },
  {
    "id": "1229102",
    "title": "PURE FRUIT Gember shot appel 125 ml",
    "category": "Frisdrank, sappen",
    "price": 0.99,
    "promoPrice": null,
    "price_per_unit": null,
    "unit": null,
    "image": "https://s7g10.scene7.com/is/image/aldinord/product_1229102_main_cms_2_nl_nl_gember_shot_appel_cw01_2024",
    "beschikbaar": true,
    "promoEnd": null,
    "link": "https://www.aldi.nl/gember-shot-appel-1229102.html"
  },
  {
    "id": "1229079",
    "title": "UP2FASHION Coltrui Per stuk",
    "category": "Speciaal assortiment",
    "price": 9.99,
    "promoPrice": 9.99,
    "price_per_unit": null,
    "unit": null,
    "image": "https://s7g10.scene7.com/is/image/aldinord/product_1229079_main_cms_22_nl_nl_coltrui_cw01_2024",
    "beschikbaar": true,
    "promoEnd": "2025-10-24",
    "link": "https://www.aldi.nl/coltrui-1229079.html"
  },
  {
    "id": "1229073",
    "title": "ALL SEASONS Tomatenblokjes 400 g",
    "category": "Groente, aardappelen",
    "price": 0.59,
    "promoPrice": null,
    "price_per_unit": 1.47,
    "unit": "KG",
    "image": "https://s7g10.scene7.com/is/image/aldinord/product_1229073_main_cms_5_nl_nl_tomatenblokjes_cw01_2024",
    "beschikbaar": true,
    "promoEnd": null,
    "link": "https://www.aldi.nl/tomatenblokjes-1229073.html"
  },
  {
    "id": "1229072",
    "title": "CUCINA NOBILE Tomatenblokjes 425 ml",
    "category": "Groente, aardappelen",
    "price": 0.99,
    "promoPrice": null,
    "price_per_unit": 2.33,
    "unit": "L",
    "image": "https://s7g10.scene7.com/is/image/aldinord/product_1229072_main_cms_7_nl_nl_tomatenblokjes_cw01_2024",
    "beschikbaar": true,
    "promoEnd": null,
    "link": "https://www.aldi.nl/tomatenblokjes-1229072.html"
  },
  {
    "id": "1229071",
    "title": "ALL SEASONS Gezeefde tomaten 500 g",
    "category": "Groente, aardappelen",
    "price": 0.83,
    "promoPrice": null,
    "price_per_unit": 1.66,
    "unit": "KG",
    "image": "https://s7g10.scene7.com/is/image/aldinord/variant_1229071_1_main_cms_1_nl_nl_gezeefde_tomaten_cw01_2024",
    "beschikbaar": true,
    "promoEnd": null,
    "link": "https://www.aldi.nl/gezeefde-tomaten-1229071.html"
  },
  {
    "id": "1229070",
    "title": "ALL SEASONS Tomato frito 350 g",
    "category": "Maaltijden, salades",
    "price": 0.79,
    "promoPrice": null,
    "price_per_unit": 2.26,
    "unit": "KG",
    "image": "https://s7g10.scene7.com/is/image/aldinord/product_1229070_main_cms_2_nl_nl_tomato_frito_cw01_2024",
    "beschikbaar": true,
    "promoEnd": null,
    "link": "https://www.aldi.nl/tomato-frito-1229070.html"
  },
  {
    "id": "1229068",
    "title": "ALL SEASONS 4-pack tomatenpuree 4x70 g",
    "category": "Maaltijden, salades",
    "price": 1.19,
    "promoPrice": null,
    "price_per_unit": 4.25,
    "unit": "KG",
    "image": "https://s7g10.scene7.com/is/image/aldinord/product_1229068_main_cms_2_nl_nl_4_pack_tomatenpuree_cw01_2024",
    "beschikbaar": true,
    "promoEnd": null,
    "link": "https://www.aldi.nl/4-pack-tomatenpuree-1229068.html"
  },
  {
    "id": "1229067",
    "title": "ALL SEASONS Gepelde tomaten 400 g",
    "category": "Groente, aardappelen",
    "price": 0.69,
    "promoPrice": null,
    "price_per_unit": 1.72,
    "unit": "KG",
    "image": "https://s7g10.scene7.com/is/image/aldinord/product_1229067_main_cms_2_nl_nl_gepelde_tomaten_cw01_2024",
    "beschikbaar": true,
    "promoEnd": null,
    "link": "https://www.aldi.nl/gepelde-tomaten-1229067.html"
  },
  {
    "id": "1229046",
    "title": "ASIA GREEN GARDEN Currypasta 195 g",
    "category": "Speciaal assortiment",
    "price": 1.29,
    "promoPrice": 1.29,
    "price_per_unit": 6.62,
    "unit": "KG",
    "image": "https://s7g10.scene7.com/is/image/aldinord/product_1229046_main_cms_7_nl_nl_currypasta_cw01_2024",
    "beschikbaar": true,
    "promoEnd": "2025-10-19",
    "link": "https://www.aldi.nl/currypasta-1229046.html"
  },
  {
    "id": "1229032",
    "title": "Gerookte zalm 220 g",
    "category": "Vlees, vis, vega",
    "price": 4.99,
    "promoPrice": 4.99,
    "price_per_unit": null,
    "unit": null,
    "image": "https://s7g10.scene7.com/is/image/aldinord/product_1229032_main_cms_2_nl_nl_gerookte_zalm_cw01_2024",
    "beschikbaar": true,
    "promoEnd": "2025-10-19",
    "link": "https://www.aldi.nl/gerookte-zalm-1229032.html"
  },
  {
    "id": "1229025",
    "title": "PREMIUM DUTCH Mixdrink passionfruit-martini 25 cl",
    "category": "Frisdrank, sappen",
    "price": 1.29,
    "promoPrice": null,
    "price_per_unit": null,
    "unit": null,
    "image": "https://s7g10.scene7.com/is/image/aldinord/product_1229025_main_cms_6_nl_nl_mixdrink_passionfruit_martini_cw01_2024",
    "beschikbaar": true,
    "promoEnd": null,
    "link": "https://www.aldi.nl/mixdrink-passionfruit-martini-1229025.html"
  },
  {
    "id": "1228922",
    "title": "GOLDEN BRIDGE Melkbiscuits 6x2 stuks",
    "category": "Snoep, koek, chips",
    "price": 1.29,
    "promoPrice": null,
    "price_per_unit": 6.23,
    "unit": "KG",
    "image": "https://s7g10.scene7.com/is/image/aldinord/product_1228922_main_cms_3_nl_nl_melkbiscuits_cw01_2024",
    "beschikbaar": true,
    "promoEnd": null,
    "link": "https://www.aldi.nl/melkbiscuits-1228922.html"
  },
  {
    "id": "1228921",
    "title": "TRADER JOE'S Chocolate chip cookies 200 g",
    "category": "Snoep, koek, chips",
    "price": 1.79,
    "promoPrice": null,
    "price_per_unit": 8.95,
    "unit": "KG",
    "image": "https://s7g10.scene7.com/is/image/aldinord/product_1228921_main_cms_7_nl_nl_chocolate_chip_cookies_cw01_2024",
    "beschikbaar": true,
    "promoEnd": null,
    "link": "https://www.aldi.nl/chocolate-chip-cookies-1228921.html"
  },
  {
    "id": "1228906",
    "title": "CUCINA NOBILE Passata rustica 690 g",
    "category": "Maaltijden, salades",
    "price": 1.89,
    "promoPrice": null,
    "price_per_unit": 2.74,
    "unit": "KG",
    "image": "https://s7g10.scene7.com/is/image/aldinord/product_1228906_main_cms_3_nl_nl_passata_rustica_cw01_2024",
    "beschikbaar": true,
    "promoEnd": null,
    "link": "https://www.aldi.nl/passata-rustica-1228906.html"
  },
  {
    "id": "1228898",
    "title": "BISCOTTO Digestive biscuits 300 g",
    "category": "Snoep, koek, chips",
    "price": 1.18,
    "promoPrice": null,
    "price_per_unit": 3.93,
    "unit": "KG",
    "image": "https://s7g10.scene7.com/is/image/aldinord/product_1228898_main_cms_1_nl_nl_digestive_biscuits_cw01_2024",
    "beschikbaar": true,
    "promoEnd": null,
    "link": "https://www.aldi.nl/digestive-biscuits-1228898.html"
  },
  {
    "id": "1228877",
    "title": "UP2FASHION Fleece badjas Per stuk",
    "category": "Speciaal assortiment",
    "price": 12.99,
    "promoPrice": 12.99,
    "price_per_unit": null,
    "unit": null,
    "image": "https://s7g10.scene7.com/is/image/aldinord/product_1228877_main_cms_2_nl_nl_fleece_badjas_cw01_2024",
    "beschikbaar": true,
    "promoEnd": "2025-10-24",
    "link": "https://www.aldi.nl/fleece-badjas-1228877.html"
  },
  {
    "id": "1228871",
    "title": "BIO Houdbare halfvolle melk 1 l",
    "category": "Zuivel, eieren",
    "price": 1.29,
    "promoPrice": null,
    "price_per_unit": null,
    "unit": null,
    "image": "https://s7g10.scene7.com/is/image/aldinord/product_1228871_main_cms_2_nl_nl_houdbare_halfvolle_melk_cw01_2024",
    "beschikbaar": true,
    "promoEnd": null,
    "link": "https://www.aldi.nl/houdbare-halfvolle-melk-1228871.html"
  },
  {
    "id": "1228844",
    "title": "BIO Houdbare volle melk 1 l",
    "category": "Zuivel, eieren",
    "price": 1.45,
    "promoPrice": null,
    "price_per_unit": null,
    "unit": null,
    "image": "https://s7g10.scene7.com/is/image/aldinord/product_1228844_main_cms_3_nl_nl_houdbare_volle_melk_cw01_2024",
    "beschikbaar": true,
    "promoEnd": null,
    "link": "https://www.aldi.nl/houdbare-volle-melk-1228844.html"
  },
  {
    "id": "1228837",
    "title": "BISCOTTO Jode- of koffiekoeken Inhoud: ca. 20 koekjes, 380 g",
    "category": "Snoep, koek, chips",
    "price": 1.81,
    "promoPrice": null,
    "price_per_unit": 4.76,
    "unit": "KG",
    "image": "https://s7g10.scene7.com/is/image/aldinord/product_1228837_main_cms_3_nl_nl_jode_of_koffiekoeken_cw01_2024",
    "beschikbaar": true,
    "promoEnd": null,
    "link": "https://www.aldi.nl/jode-of-koffiekoeken-1228837.html"
  },
  {
    "id": "1228834",
    "title": "BISCOTTO Theebiscuits 300 g",
    "category": "Snoep, koek, chips",
    "price": 0.75,
    "promoPrice": null,
    "price_per_unit": null,
    "unit": null,
    "image": "https://s7g10.scene7.com/is/image/aldinord/product_1228834_main_cms_1_nl_nl_theebiscuits_cw01_2024",
    "beschikbaar": true,
    "promoEnd": null,
    "link": "https://www.aldi.nl/theebiscuits-1228834.html"
  },
  {
    "id": "1228833",
    "title": "BISCOTTO Bokkenpootjes Inhoud: ca. 16 stuks, 200 g",
    "category": "Snoep, koek, chips",
    "price": 1.89,
    "promoPrice": null,
    "price_per_unit": null,
    "unit": null,
    "image": "https://s7g10.scene7.com/is/image/aldinord/product_1228833_main_cms_1_nl_nl_bokkenpootjes_cw01_2024",
    "beschikbaar": true,
    "promoEnd": null,
    "link": "https://www.aldi.nl/bokkenpootjes-1228833.html"
  },
  {
    "id": "1228830",
    "title": "BISCOTTO Kletskoppen 210 g",
    "category": "Snoep, koek, chips",
    "price": 1.5,
    "promoPrice": null,
    "price_per_unit": null,
    "unit": null,
    "image": "https://s7g10.scene7.com/is/image/aldinord/product_1228830_main_cms_1_nl_nl_kletskoppen_cw01_2024",
    "beschikbaar": true,
    "promoEnd": null,
    "link": "https://www.aldi.nl/kletskoppen-1228830.html"
  },
  {
    "id": "1228827",
    "title": "BISCOTTO Pindakoeken 200 g",
    "category": "Snoep, koek, chips",
    "price": 1.35,
    "promoPrice": null,
    "price_per_unit": null,
    "unit": null,
    "image": "https://s7g10.scene7.com/is/image/aldinord/product_1228827_main_cms_1_nl_nl_pindakoeken_cw01_2024",
    "beschikbaar": true,
    "promoEnd": null,
    "link": "https://www.aldi.nl/pindakoeken-1228827.html"
  },
  {
    "id": "1228825",
    "title": "BISCOTTO Digestive biscuits Inhoud: ca. 27 koekjes, 400 g",
    "category": "Snoep, koek, chips",
    "price": 1.09,
    "promoPrice": null,
    "price_per_unit": null,
    "unit": null,
    "image": "https://s7g10.scene7.com/is/image/aldinord/product_1228825_main_cms_1_nl_nl_digestive_biscuits_cw01_2024",
    "beschikbaar": true,
    "promoEnd": null,
    "link": "https://www.aldi.nl/digestive-biscuits-1228825.html"
  },
  {
    "id": "1228824",
    "title": "BISCOTTO Roomboterspritsen Inhoud: 12 stuks, 175 g",
    "category": "Snoep, koek, chips",
    "price": 1.99,
    "promoPrice": null,
    "price_per_unit": null,
    "unit": null,
    "image": "https://s7g10.scene7.com/is/image/aldinord/product_1228824_main_cms_1_nl_nl_roomboterspritsen_cw01_2024",
    "beschikbaar": true,
    "promoEnd": null,
    "link": "https://www.aldi.nl/roomboterspritsen-1228824.html"
  },
  {
    "id": "1228823",
    "title": "BISCOTTO Haverkoekjes 400 g",
    "category": "Snoep, koek, chips",
    "price": 1.49,
    "promoPrice": null,
    "price_per_unit": null,
    "unit": null,
    "image": "https://s7g10.scene7.com/is/image/aldinord/product_1228823_main_cms_1_nl_nl_haverkoekjes_cw01_2024",
    "beschikbaar": true,
    "promoEnd": null,
    "link": "https://www.aldi.nl/haverkoekjes-1228823.html"
  },
  {
    "id": "1228822",
    "title": "BISCOTTO Koffiewafels 175 g",
    "category": "Snoep, koek, chips",
    "price": 1.49,
    "promoPrice": null,
    "price_per_unit": null,
    "unit": null,
    "image": "https://s7g10.scene7.com/is/image/aldinord/product_1228822_main_cms_1_nl_nl_koffiewafels_cw01_2024",
    "beschikbaar": true,
    "promoEnd": null,
    "link": "https://www.aldi.nl/koffiewafels-1228822.html"
  },
  {
    "id": "1228821",
    "title": "BISCOTTO Pennywafels 150 g",
    "category": "Snoep, koek, chips",
    "price": 0.99,
    "promoPrice": null,
    "price_per_unit": null,
    "unit": null,
    "image": "https://s7g10.scene7.com/is/image/aldinord/product_1228821_main_cms_1_nl_nl_pennywafels_cw01_2024",
    "beschikbaar": true,
    "promoEnd": null,
    "link": "https://www.aldi.nl/pennywafels-1228821.html"
  },
  {
    "id": "1228819",
    "title": "BISCOTTO Bakkersspeculaas 600 g",
    "category": "Snoep, koek, chips",
    "price": 1.69,
    "promoPrice": null,
    "price_per_unit": null,
    "unit": null,
    "image": "https://s7g10.scene7.com/is/image/aldinord/product_1228819_main_cms_1_nl_nl_bakkersspeculaas_cw01_2024",
    "beschikbaar": true,
    "promoEnd": null,
    "link": "https://www.aldi.nl/bakkersspeculaas-1228819.html"
  },
  {
    "id": "1228746",
    "title": "ASIA GREEN GARDEN Kimchi 200 g",
    "category": "Speciaal assortiment",
    "price": 1.19,
    "promoPrice": 1.19,
    "price_per_unit": 11.9,
    "unit": "KG",
    "image": "https://s7g10.scene7.com/is/image/aldinord/product_1228746_main_cms_7_nl_nl_kimchi_cw01_2024",
    "beschikbaar": true,
    "promoEnd": "2025-10-19",
    "link": "https://www.aldi.nl/kimchi-1228746.html"
  },
  {
    "id": "1228740",
    "title": "UNOX 3-pack Cup-a-Soup 3x12 g",
    "category": "Maaltijden, salades",
    "price": null,
    "promoPrice": null,
    "price_per_unit": null,
    "unit": null,
    "image": "https://s7g10.scene7.com/is/image/aldinord/product_1228740_main_cms_3_nl_nl_3_pack_cup_a_soup_cw01_2024",
    "beschikbaar": true,
    "promoEnd": null,
    "link": "https://www.aldi.nl/3-pack-cup-a-soup-1228740.html"
  },
  {
    "id": "1228502",
    "title": "CHOCEUR Mini-candybars 350 g",
    "category": "Snoep, koek, chips",
    "price": 2.29,
    "promoPrice": null,
    "price_per_unit": 6.54,
    "unit": "KG",
    "image": "https://s7g10.scene7.com/is/image/aldinord/product_1228502_main_cms_3_nl_nl_mini_candybars_cw01_2024",
    "beschikbaar": true,
    "promoEnd": null,
    "link": "https://www.aldi.nl/mini-candybars-1228502.html"
  },
  {
    "id": "1228479",
    "title": "GOLDEN POWER Energydrink 0.5 l",
    "category": "Speciaal assortiment",
    "price": 0.99,
    "promoPrice": 0.99,
    "price_per_unit": null,
    "unit": null,
    "image": "https://s7g10.scene7.com/is/image/aldinord/product_1228479_main_cms_1_nl_nl_energydrink_cw01_2024",
    "beschikbaar": true,
    "promoEnd": "2025-10-12",
    "link": "https://www.aldi.nl/energydrink-1228479.html"
  },
  {
    "id": "1228415",
    "title": "LYTTOS Yoghurt Griekse stijl 500 g",
    "category": "Zuivel, eieren",
    "price": 1.49,
    "promoPrice": null,
    "price_per_unit": 2.98,
    "unit": "KG",
    "image": "https://s7g10.scene7.com/is/image/aldinord/product_1228415_main_cms_6_nl_nl_yoghurt_griekse_stijl_cw01_2024",
    "beschikbaar": true,
    "promoEnd": null,
    "link": "https://www.aldi.nl/yoghurt-griekse-stijl-1228415.html"
  },
  {
    "id": "1228341",
    "title": "CHOCEUR Alpenmelk chocolade met hazelnoot 100 g",
    "category": "Snoep, koek, chips",
    "price": 0.93,
    "promoPrice": null,
    "price_per_unit": 9.3,
    "unit": "KG",
    "image": "https://s7g10.scene7.com/is/image/aldinord/product_1228341_main_cms_2_nl_nl_alpenmelk_chocolade_met_hazelnoot_cw01_2024",
    "beschikbaar": true,
    "promoEnd": null,
    "link": "https://www.aldi.nl/alpenmelk-chocolade-met-hazelnoot-1228341.html"
  },
  {
    "id": "1228326",
    "title": "Snackpaprika’s 200 g",
    "category": "Groente, aardappelen",
    "price": 1.49,
    "promoPrice": null,
    "price_per_unit": 7.45,
    "unit": "KG",
    "image": "https://s7g10.scene7.com/is/image/aldinord/product_1228326_main_cms_6_nl_nl_snackpaprika’s_cw01_2024",
    "beschikbaar": true,
    "promoEnd": null,
    "link": "https://www.aldi.nl/snackpaprikas-1228326.html"
  },
  {
    "id": "1228287",
    "title": "Graslelie Per stuk",
    "category": "Speciaal assortiment",
    "price": 2.49,
    "promoPrice": 2.49,
    "price_per_unit": null,
    "unit": null,
    "image": "https://s7g10.scene7.com/is/image/aldinord/product_1228287_main_cms_3_nl_nl_graslelie_cw01_2024",
    "beschikbaar": true,
    "promoEnd": "2025-10-12",
    "link": "https://www.aldi.nl/graslelie-1228287.html"
  },
  {
    "id": "1228220",
    "title": "Bouillonblokjes rundvlees 120 g",
    "category": "Maaltijden, salades",
    "price": 0.59,
    "promoPrice": null,
    "price_per_unit": 4.92,
    "unit": "KG",
    "image": "https://s7g10.scene7.com/is/image/aldinord/product_1228220_main_cms_1_nl_nl_bouillonblokjes_rundvlees_cw01_2024",
    "beschikbaar": true,
    "promoEnd": null,
    "link": "https://www.aldi.nl/bouillonblokjes-rundvlees-1228220.html"
  },
  {
    "id": "1228185",
    "title": "CHOCEUR Choco & Biscuit cappuccino 300 g",
    "category": "Snoep, koek, chips",
    "price": 3.29,
    "promoPrice": null,
    "price_per_unit": null,
    "unit": null,
    "image": "https://s7g10.scene7.com/is/image/aldinord/product_1228185_main_cms_1_nl_nl_choco_biscuit_cappuccino_cw01_2024",
    "beschikbaar": true,
    "promoEnd": null,
    "link": "https://www.aldi.nl/choco-biscuit-cappuccino-1228185.html"
  },
  {
    "id": "1228180",
    "title": "BARISSIMO IJskoffie latte macchiato vanille 330 ml",
    "category": "Koffie, thee",
    "price": 0.79,
    "promoPrice": null,
    "price_per_unit": 2.39,
    "unit": "L",
    "image": "https://s7g10.scene7.com/is/image/aldinord/product_1228180_main_cms_2_nl_nl_ijskoffie_latte_macchiato_vanille_cw01_2024",
    "beschikbaar": true,
    "promoEnd": null,
    "link": "https://www.aldi.nl/ijskoffie-latte-macchiato-vanille-1228180.html"
  },
  {
    "id": "1228179",
    "title": "BARISSIMO IJskoffie caramel 330 ml",
    "category": "Koffie, thee",
    "price": 0.99,
    "promoPrice": null,
    "price_per_unit": 3.0,
    "unit": "L",
    "image": "https://s7g10.scene7.com/is/image/aldinord/product_1228179_main_cms_2_nl_nl_ijskoffie_caramel_cw01_2024",
    "beschikbaar": true,
    "promoEnd": null,
    "link": "https://www.aldi.nl/ijskoffie-caramel-1228179.html"
  },
  {
    "id": "1228164",
    "title": "HEERLIJCK BANKET Suikerwafel met cacaobedekking Inhoud: 7 stuks, 420 g",
    "category": "Snoep, koek, chips",
    "price": 2.09,
    "promoPrice": null,
    "price_per_unit": 4.98,
    "unit": "KG",
    "image": "https://s7g10.scene7.com/is/image/aldinord/product_1228164_main_cms_1_nl_nl_suikerwafel_met_cacaobedekking_cw01_2024",
    "beschikbaar": true,
    "promoEnd": null,
    "link": "https://www.aldi.nl/suikerwafel-met-cacaobedekking-1228164.html"
  },
  {
    "id": "1228163",
    "title": "Jonkersdal Moscato, Zuid-Afrika 0.75 l",
    "category": "Bier, wijn, sterke drank",
    "price": 3.99,
    "promoPrice": null,
    "price_per_unit": 5.32,
    "unit": "L",
    "image": "https://s7g10.scene7.com/is/image/aldinord/product_1228163_main_cms_1_nl_nl_jonkersdal_moscato_zuid_afrika_cw01_2024",
    "beschikbaar": true,
    "promoEnd": null,
    "link": "https://www.aldi.nl/jonkersdal-moscato-zuid-afrika-1228163.html"
  },
  {
    "id": "1228162",
    "title": "FOREST HILL Cabernet Sauvignon 0.75 l",
    "category": "Bier, wijn, sterke drank",
    "price": 3.59,
    "promoPrice": null,
    "price_per_unit": 4.79,
    "unit": "L",
    "image": "https://s7g10.scene7.com/is/image/aldinord/product_1228162_main_cms_2_nl_nl_cabernet_sauvignon_cw01_2024",
    "beschikbaar": true,
    "promoEnd": null,
    "link": "https://www.aldi.nl/cabernet-sauvignon-1228162.html"
  },
  {
    "id": "1228084",
    "title": "DROPMAKERS Dropjes 100 g",
    "category": "Snoep, koek, chips",
    "price": 1.19,
    "promoPrice": null,
    "price_per_unit": 11.9,
    "unit": "KG",
    "image": "https://s7g10.scene7.com/is/image/aldinord/product_1228084_main_cms_3_nl_nl_dropjes_cw01_2024",
    "beschikbaar": true,
    "promoEnd": null,
    "link": "https://www.aldi.nl/dropjes-1228084.html"
  },
  {
    "id": "1227973",
    "title": "JULIET Kattensnacks 150 g",
    "category": "Huisdieren",
    "price": 1.99,
    "promoPrice": null,
    "price_per_unit": null,
    "unit": null,
    "image": "https://s7g10.scene7.com/is/image/aldinord/product_1227973_main_cms_4_nl_nl_kattensnacks_cw01_2024",
    "beschikbaar": true,
    "promoEnd": null,
    "link": "https://www.aldi.nl/kattensnacks-1227973.html"
  },
  {
    "id": "1227948",
    "title": "SWEET-LAND Happy familiemix 425 g",
    "category": "Snoep, koek, chips",
    "price": 2.69,
    "promoPrice": null,
    "price_per_unit": 6.33,
    "unit": "KG",
    "image": "https://s7g10.scene7.com/is/image/aldinord/product_1227948_main_cms_1_nl_nl_happy_familiemix_cw01_2024",
    "beschikbaar": true,
    "promoEnd": null,
    "link": "https://www.aldi.nl/happy-familiemix-1227948.html"
  },
  {
    "id": "1227904",
    "title": "Stroopkoeken Inhoud: 10 stuks, 320 g",
    "category": "Snoep, koek, chips",
    "price": 1.39,
    "promoPrice": null,
    "price_per_unit": 4.34,
    "unit": "KG",
    "image": "https://s7g10.scene7.com/is/image/aldinord/product_1227904_main_cms_2_nl_nl_stroopkoeken_cw01_2024",
    "beschikbaar": true,
    "promoEnd": null,
    "link": "https://www.aldi.nl/stroopkoeken-1227904.html"
  },
  {
    "id": "1227833",
    "title": "BROUWMEESTER Bier krat 24x0.3 l",
    "category": "Bier, wijn, sterke drank",
    "price": 6.19,
    "promoPrice": null,
    "price_per_unit": 0.86,
    "unit": "L",
    "image": "https://s7g10.scene7.com/is/image/aldinord/product_1227833_main_cms_2_nl_nl_bier_krat_cw01_2024",
    "beschikbaar": true,
    "promoEnd": null,
    "link": "https://www.aldi.nl/bier-krat-1227833.html"
  },
  {
    "id": "1227806",
    "title": "Zomermix paddenstoelen 175 g",
    "category": "Groente, aardappelen",
    "price": 2.49,
    "promoPrice": null,
    "price_per_unit": 14.23,
    "unit": "KG",
    "image": "https://s7g10.scene7.com/is/image/aldinord/product_1227806_main_cms_3_nl_nl_zomermix_paddenstoelen_cw01_2024",
    "beschikbaar": true,
    "promoEnd": null,
    "link": "https://www.aldi.nl/zomermix-paddenstoelen-1227806.html"
  },
  {
    "id": "1227775",
    "title": "UNOX Romige champignonsoep in zak 570 ml",
    "category": "Maaltijden, salades",
    "price": null,
    "promoPrice": null,
    "price_per_unit": null,
    "unit": null,
    "image": "https://s7g10.scene7.com/is/image/aldinord/product_1227775_main_cms_1_nl_nl_romige_champignonsoep_in_zak_cw01_2024",
    "beschikbaar": true,
    "promoEnd": null,
    "link": "https://www.aldi.nl/romige-champignonsoep-in-zak-1227775.html"
  },
  {
    "id": "1227762",
    "title": "DELINUT Melk- en hazelnootpasta 200 g",
    "category": "Zuivel, eieren",
    "price": 1.69,
    "promoPrice": 1.69,
    "price_per_unit": 8.45,
    "unit": "KG",
    "image": "https://s7g10.scene7.com/is/image/aldinord/product_1227762_main_cms_3_nl_nl_melk_en_hazelnootpasta_cw01_2024",
    "beschikbaar": true,
    "promoEnd": "2025-10-19",
    "link": "https://www.aldi.nl/melk-en-hazelnootpasta-1227762.html"
  },
  {
    "id": "1227753",
    "title": "UNOX Heldere kippensoep in zak 570 ml",
    "category": "Maaltijden, salades",
    "price": null,
    "promoPrice": null,
    "price_per_unit": null,
    "unit": null,
    "image": "https://s7g10.scene7.com/is/image/aldinord/product_1227753_main_cms_2_nl_nl_heldere_kippensoep_in_zak_cw01_2024",
    "beschikbaar": true,
    "promoEnd": null,
    "link": "https://www.aldi.nl/heldere-kippensoep-in-zak-1227753.html"
  },
  {
    "id": "1227751",
    "title": "UNOX Romige tomatensoep in zak 570 ml",
    "category": "Maaltijden, salades",
    "price": null,
    "promoPrice": null,
    "price_per_unit": null,
    "unit": null,
    "image": "https://s7g10.scene7.com/is/image/aldinord/product_1227751_main_cms_4_nl_nl_romige_tomatensoep_in_zak_cw01_2024",
    "beschikbaar": true,
    "promoEnd": null,
    "link": "https://www.aldi.nl/romige-tomatensoep-in-zak-1227751.html"
  },
  {
    "id": "1227726",
    "title": "Aioli 200 g",
    "category": "Speciaal assortiment",
    "price": 1.39,
    "promoPrice": null,
    "price_per_unit": 6.95,
    "unit": "KG",
    "image": "https://s7g10.scene7.com/is/image/aldinord/variant_1227726_1_main_cms_2_nl_nl_aioli_cw01_2024",
    "beschikbaar": true,
    "promoEnd": null,
    "link": "https://www.aldi.nl/aioli-1227726.html"
  },
  {
    "id": "1227714",
    "title": "Kaapse Pracht rosé bag-in-box 3 l",
    "category": "Bier, wijn, sterke drank",
    "price": 9.99,
    "promoPrice": null,
    "price_per_unit": null,
    "unit": null,
    "image": "https://s7g10.scene7.com/is/image/aldinord/product_1227714_main_cms_2_nl_nl_kaapse_pracht_rose_bag_in_box_cw01_2024",
    "beschikbaar": true,
    "promoEnd": null,
    "link": "https://www.aldi.nl/kaapse-pracht-ros-bag-in-box-1227714.html"
  },
  {
    "id": "1227707",
    "title": "DORITOS Nacho cheese chips 272 g",
    "category": "Snoep, koek, chips",
    "price": null,
    "promoPrice": null,
    "price_per_unit": null,
    "unit": null,
    "image": "https://s7g10.scene7.com/is/image/aldinord/product_1227707_main_cms_1_nl_nl_nacho_cheese_chips_cw01_2024",
    "beschikbaar": true,
    "promoEnd": null,
    "link": "https://www.aldi.nl/nacho-cheese-chips-1227707.html"
  },
  {
    "id": "1227704",
    "title": "CHOCEUR Choco peanuts 400 g",
    "category": "Snoep, koek, chips",
    "price": 2.49,
    "promoPrice": null,
    "price_per_unit": 6.23,
    "unit": "KG",
    "image": "https://s7g10.scene7.com/is/image/aldinord/product_1227704_main_cms_3_nl_nl_choco_peanuts_cw01_2024",
    "beschikbaar": true,
    "promoEnd": null,
    "link": "https://www.aldi.nl/choco-peanuts-1227704.html"
  },
  {
    "id": "1227654",
    "title": "TRIANGLE PHARMA Vitamine C, D3 of multi 60-360 tabletten",
    "category": "Verzorging, gezondheid",
    "price": 3.59,
    "promoPrice": null,
    "price_per_unit": null,
    "unit": null,
    "image": "https://s7g10.scene7.com/is/image/aldinord/product_1227654_main_cms_4_nl_nl_vitamine_c_d3_of_multi_cw01_2024",
    "beschikbaar": true,
    "promoEnd": null,
    "link": "https://www.aldi.nl/vitamine-c-d3-of-multi-1227654.html"
  },
  {
    "id": "1227630",
    "title": "GRANDESSA Appelstroop 450 g",
    "category": "Brood, ontbijtgranen",
    "price": 0.85,
    "promoPrice": null,
    "price_per_unit": 1.89,
    "unit": "KG",
    "image": "https://s7g10.scene7.com/is/image/aldinord/product_1227630_main_cms_1_nl_nl_appelstroop_cw01_2024",
    "beschikbaar": true,
    "promoEnd": null,
    "link": "https://www.aldi.nl/appelstroop-1227630.html"
  },
  {
    "id": "1227624",
    "title": "Valdoyeros Verdejo Cuvée Especial 0.75 l",
    "category": "Speciaal assortiment",
    "price": 5.99,
    "promoPrice": null,
    "price_per_unit": 7.99,
    "unit": "L",
    "image": "https://s7g10.scene7.com/is/image/aldinord/product_1227624_main_cms_2_nl_nl_valdoyeros_verdejo_cuvee_especial_cw01_2024",
    "beschikbaar": true,
    "promoEnd": null,
    "link": "https://www.aldi.nl/valdoyeros-verdejo-cuve-especial-1227624.html"
  },
  {
    "id": "1227617",
    "title": "LEFFE 4-pack blond 4x33 cl",
    "category": "Bier, wijn, sterke drank",
    "price": null,
    "promoPrice": null,
    "price_per_unit": null,
    "unit": null,
    "image": "https://s7g10.scene7.com/is/image/aldinord/product_1227617_main_cms_5_nl_nl_4_pack_blond_cw01_2024",
    "beschikbaar": true,
    "promoEnd": null,
    "link": "https://www.aldi.nl/4-pack-blond-1227617.html"
  },
  {
    "id": "1227598",
    "title": "STERADENT Triple action plus kunstgebitreiniger 30 tabletten",
    "category": "Baby, verzorging",
    "price": 2.49,
    "promoPrice": null,
    "price_per_unit": null,
    "unit": null,
    "image": "https://s7g10.scene7.com/is/image/aldinord/product_1227598_main_cms_2_nl_nl_triple_action_plus_kunstgebitreiniger_cw01_2024",
    "beschikbaar": true,
    "promoEnd": null,
    "link": "https://www.aldi.nl/triple-action-plus-kunstgebitreiniger-1227598.html"
  },
  {
    "id": "1227491",
    "title": "KOEK&BAKKER Rijkgevulde luxe ontbijtkoek gember 465 g",
    "category": "Brood, ontbijtgranen",
    "price": 1.79,
    "promoPrice": null,
    "price_per_unit": 3.85,
    "unit": "KG",
    "image": "https://s7g10.scene7.com/is/image/aldinord/product_1227491_main_cms_3_nl_nl_rijkgevulde_luxe_ontbijtkoek_gember_cw01_2024",
    "beschikbaar": true,
    "promoEnd": null,
    "link": "https://www.aldi.nl/rijkgevulde-luxe-ontbijtkoek-gember-1227491.html"
  },
  {
    "id": "1227490",
    "title": "KOEK&BAKKER Luxe ontbijtkoek parelkandij 465 g",
    "category": "Brood, ontbijtgranen",
    "price": 1.79,
    "promoPrice": null,
    "price_per_unit": 3.85,
    "unit": "KG",
    "image": "https://s7g10.scene7.com/is/image/aldinord/product_1227490_main_cms_2_nl_nl_luxe_ontbijtkoek_parelkandij_cw01_2024",
    "beschikbaar": true,
    "promoEnd": null,
    "link": "https://www.aldi.nl/luxe-ontbijtkoek-parelkandij-1227490.html"
  },
  {
    "id": "1227488",
    "title": "Volkoren bol Per stuk",
    "category": "Brood, ontbijtgranen",
    "price": 0.99,
    "promoPrice": 0.99,
    "price_per_unit": null,
    "unit": null,
    "image": "https://s7g10.scene7.com/is/image/aldinord/product_1227488_main_cms_1_nl_nl_volkoren_bol_cw01_2024",
    "beschikbaar": true,
    "promoEnd": "2025-10-12",
    "link": "https://www.aldi.nl/volkoren-bol-1227488.html"
  },
  {
    "id": "1227467",
    "title": "OB PROCOMFORT Tampons 32 stuks",
    "category": "Baby, verzorging",
    "price": 4.99,
    "promoPrice": null,
    "price_per_unit": null,
    "unit": null,
    "image": "https://s7g10.scene7.com/is/image/aldinord/product_1227467_main_cms_3_nl_nl_tampons_cw01_2024",
    "beschikbaar": true,
    "promoEnd": null,
    "link": "https://www.aldi.nl/tampons-1227467.html"
  },
  {
    "id": "1227466",
    "title": "DE HETE KETEL Romige bospaddenstoelensoep 570 ml",
    "category": "Maaltijden, salades",
    "price": 2.19,
    "promoPrice": null,
    "price_per_unit": 3.84,
    "unit": "L",
    "image": "https://s7g10.scene7.com/is/image/aldinord/product_1227466_main_cms_3_nl_nl_romige_bospaddenstoelensoep_cw01_2024",
    "beschikbaar": true,
    "promoEnd": null,
    "link": "https://www.aldi.nl/romige-bospaddenstoelensoep-1227466.html"
  },
  {
    "id": "1227465",
    "title": "DE HETE KETEL Pompoensoep 570 ml",
    "category": "Maaltijden, salades",
    "price": 2.19,
    "promoPrice": null,
    "price_per_unit": 3.84,
    "unit": "L",
    "image": "https://s7g10.scene7.com/is/image/aldinord/product_1227465_main_cms_3_nl_nl_pompoensoep_cw01_2024",
    "beschikbaar": true,
    "promoEnd": null,
    "link": "https://www.aldi.nl/pompoensoep-1227465.html"
  },
  {
    "id": "1227463",
    "title": "DE HETE KETEL Romige mosterdsoep in zak 570 ml",
    "category": "Maaltijden, salades",
    "price": 2.79,
    "promoPrice": null,
    "price_per_unit": 4.89,
    "unit": "L",
    "image": "https://s7g10.scene7.com/is/image/aldinord/variant_1227463_1_main_cms_1_nl_nl_romige_mosterdsoep_in_zak_cw01_2024",
    "beschikbaar": true,
    "promoEnd": null,
    "link": "https://www.aldi.nl/romige-mosterdsoep-in-zak-1227463.html"
  },
  {
    "id": "1227462",
    "title": "DE HETE KETEL Chinese tomatensoep in zak 570 ml",
    "category": "Maaltijden, salades",
    "price": 2.19,
    "promoPrice": null,
    "price_per_unit": 3.84,
    "unit": "L",
    "image": "https://s7g10.scene7.com/is/image/aldinord/variant_1227462_1_main_cms_1_nl_nl_chinese_tomatensoep_in_zak_cw01_2024",
    "beschikbaar": true,
    "promoEnd": null,
    "link": "https://www.aldi.nl/chinese-tomatensoep-in-zak-1227462.html"
  },
  {
    "id": "1227460",
    "title": "ALL SEASONS Augurken plakken 530 g",
    "category": "Groente, aardappelen",
    "price": 1.19,
    "promoPrice": null,
    "price_per_unit": 2.09,
    "unit": "L",
    "image": "https://s7g10.scene7.com/is/image/aldinord/product_1227460_main_cms_2_nl_nl_augurken_plakken_cw01_2024",
    "beschikbaar": true,
    "promoEnd": null,
    "link": "https://www.aldi.nl/augurken-plakken-1227460.html"
  },
  {
    "id": "1227459",
    "title": "DE HETE KETEL Romige tomatensoep 570 ml",
    "category": "Maaltijden, salades",
    "price": 2.19,
    "promoPrice": null,
    "price_per_unit": 3.84,
    "unit": "L",
    "image": "https://s7g10.scene7.com/is/image/aldinord/variant_1227459_1_main_cms_1_nl_nl_romige_tomatensoep_cw01_2024",
    "beschikbaar": true,
    "promoEnd": null,
    "link": "https://www.aldi.nl/romige-tomatensoep-1227459.html"
  },
  {
    "id": "1227456",
    "title": "MILSANI Yoghurtdrink aardbei 1 l",
    "category": "Zuivel, eieren",
    "price": 1.19,
    "promoPrice": null,
    "price_per_unit": 1.19,
    "unit": "L",
    "image": "https://s7g10.scene7.com/is/image/aldinord/product_1227456_main_cms_2_nl_nl_yoghurtdrink_aardbei_cw01_2024",
    "beschikbaar": true,
    "promoEnd": null,
    "link": "https://www.aldi.nl/yoghurtdrink-aardbei-1227456.html"
  },
  {
    "id": "1227455",
    "title": "MILSANI Yoghurtdrink rood fruit 1 l",
    "category": "Zuivel, eieren",
    "price": 1.13,
    "promoPrice": null,
    "price_per_unit": 1.13,
    "unit": "L",
    "image": "https://s7g10.scene7.com/is/image/aldinord/product_1227455_main_cms_2_nl_nl_yoghurtdrink_rood_fruit_cw01_2024",
    "beschikbaar": true,
    "promoEnd": null,
    "link": "https://www.aldi.nl/yoghurtdrink-rood-fruit-1227455.html"
  },
  {
    "id": "1227453",
    "title": "SWEET-LAND Snoepmix 550 g",
    "category": "Snoep, koek, chips",
    "price": 2.99,
    "promoPrice": null,
    "price_per_unit": 5.44,
    "unit": "KG",
    "image": "https://s7g10.scene7.com/is/image/aldinord/product_1227453_main_cms_3_nl_nl_snoepmix_cw01_2024",
    "beschikbaar": true,
    "promoEnd": null,
    "link": "https://www.aldi.nl/snoepmix-1227453.html"
  },
  {
    "id": "1227442",
    "title": "Varkenshaas culinair Per 100 g",
    "category": "Vlees, vis, vega",
    "price": 13.9,
    "promoPrice": 13.9,
    "price_per_unit": 38.94,
    "unit": "KG",
    "image": "https://s7g10.scene7.com/is/image/aldinord/product_1227442_main_cms_9_nl_nl_varkenshaas_culinair_cw01_2024",
    "beschikbaar": true,
    "promoEnd": "2025-10-12",
    "link": "https://www.aldi.nl/varkenshaas-culinair-1227442.html"
  },
  {
    "id": "1227399",
    "title": "DE KRUIDEN COMPANY Komijn 50 g",
    "category": "Maaltijden, salades",
    "price": 0.77,
    "promoPrice": null,
    "price_per_unit": 15.4,
    "unit": "KG",
    "image": "https://s7g10.scene7.com/is/image/aldinord/product_1227399_main_cms_1_nl_nl_komijn_cw01_2024",
    "beschikbaar": true,
    "promoEnd": null,
    "link": "https://www.aldi.nl/komijn-1227399.html"
  },
  {
    "id": "1227398",
    "title": "DE KRUIDEN COMPANY Kurkuma 40 g",
    "category": "Maaltijden, salades",
    "price": 0.69,
    "promoPrice": null,
    "price_per_unit": 17.25,
    "unit": "KG",
    "image": "https://s7g10.scene7.com/is/image/aldinord/product_1227398_main_cms_2_nl_nl_kurkuma_cw01_2024",
    "beschikbaar": true,
    "promoEnd": null,
    "link": "https://www.aldi.nl/kurkuma-1227398.html"
  },
  {
    "id": "1227397",
    "title": "DE KRUIDEN COMPANY Koriander 43 g",
    "category": "Maaltijden, salades",
    "price": 0.68,
    "promoPrice": null,
    "price_per_unit": 15.81,
    "unit": "KG",
    "image": "https://s7g10.scene7.com/is/image/aldinord/variant_1227397_1_main_cms_1_nl_nl_koriander_cw01_2024",
    "beschikbaar": true,
    "promoEnd": null,
    "link": "https://www.aldi.nl/koriander-1227397.html"
  },
  {
    "id": "1227395",
    "title": "DE KRUIDEN COMPANY Chilipoeder 50 g",
    "category": "Maaltijden, salades",
    "price": 0.75,
    "promoPrice": null,
    "price_per_unit": 15.0,
    "unit": "KG",
    "image": "https://s7g10.scene7.com/is/image/aldinord/variant_1227395_1_main_cms_1_nl_nl_chilipoeder_cw01_2024",
    "beschikbaar": true,
    "promoEnd": null,
    "link": "https://www.aldi.nl/chilipoeder-1227395.html"
  },
  {
    "id": "1227394",
    "title": "DE KRUIDEN COMPANY Zwarte peper 50 g",
    "category": "Maaltijden, salades",
    "price": 0.89,
    "promoPrice": null,
    "price_per_unit": 17.8,
    "unit": "KG",
    "image": "https://s7g10.scene7.com/is/image/aldinord/variant_1227394_1_main_cms_1_nl_nl_zwarte_peper_cw01_2024",
    "beschikbaar": true,
    "promoEnd": null,
    "link": "https://www.aldi.nl/zwarte-peper-1227394.html"
  },
  {
    "id": "1227393",
    "title": "DE KRUIDEN COMPANY Paprikapoeder 50 g",
    "category": "Maaltijden, salades",
    "price": 0.79,
    "promoPrice": null,
    "price_per_unit": 15.8,
    "unit": "KG",
    "image": "https://s7g10.scene7.com/is/image/aldinord/variant_1227393_1_main_cms_3_nl_nl_paprikapoeder_cw01_2024",
    "beschikbaar": true,
    "promoEnd": null,
    "link": "https://www.aldi.nl/paprikapoeder-1227393.html"
  },
  {
    "id": "1227380",
    "title": "GOUD GEBAKKEN Knäckebröd sesam Inhoud: 25 stuks, 375 g",
    "category": "Brood, ontbijtgranen",
    "price": 1.24,
    "promoPrice": null,
    "price_per_unit": 3.31,
    "unit": "KG",
    "image": "https://s7g10.scene7.com/is/image/aldinord/product_1227380_main_cms_1_nl_nl_knackebrod_sesam_cw01_2024",
    "beschikbaar": true,
    "promoEnd": null,
    "link": "https://www.aldi.nl/knckebrd-sesam-1227380.html"
  },
  {
    "id": "1227379",
    "title": "GOUD GEBAKKEN Knäckebröd volkoren Inhoud: 25 stuks, 375 g",
    "category": "Brood, ontbijtgranen",
    "price": 1.25,
    "promoPrice": null,
    "price_per_unit": 3.33,
    "unit": "KG",
    "image": "https://s7g10.scene7.com/is/image/aldinord/product_1227379_main_cms_2_nl_nl_knackebrod_volkoren_cw01_2024",
    "beschikbaar": true,
    "promoEnd": null,
    "link": "https://www.aldi.nl/knckebrd-volkoren-1227379.html"
  },
  {
    "id": "1227347",
    "title": "GOLDEN BRIDGE Krokante muesli 1 kg",
    "category": "Brood, ontbijtgranen",
    "price": 2.29,
    "promoPrice": null,
    "price_per_unit": 2.29,
    "unit": "KG",
    "image": "https://s7g10.scene7.com/is/image/aldinord/product_1227347_main_cms_1_nl_nl_krokante_muesli_cw01_2024",
    "beschikbaar": true,
    "promoEnd": null,
    "link": "https://www.aldi.nl/krokante-muesli-1227347.html"
  },
  {
    "id": "1227324",
    "title": "BIO Biologische agavesiroop 250 ml",
    "category": "Biologisch assortiment",
    "price": 2.59,
    "promoPrice": null,
    "price_per_unit": 10.36,
    "unit": "L",
    "image": "https://s7g10.scene7.com/is/image/aldinord/product_1227324_main_cms_3_nl_nl_biologische_agavesiroop_cw01_2024",
    "beschikbaar": true,
    "promoEnd": null,
    "link": "https://www.aldi.nl/biologische-agavesiroop-1227324.html"
  },
  {
    "id": "1227323",
    "title": "ALL SEASONS Linzen curry- of Mexicaanse bonenschotel 500 g",
    "category": "Groente, aardappelen",
    "price": 1.99,
    "promoPrice": null,
    "price_per_unit": 3.98,
    "unit": "KG",
    "image": "https://s7g10.scene7.com/is/image/aldinord/product_1227323_main_cms_3_nl_nl_linzen_curry_of_mexicaanse_bonenschotel_cw01_2024",
    "beschikbaar": true,
    "promoEnd": null,
    "link": "https://www.aldi.nl/linzen-curry-of-mexicaanse-bonenschotel-1227323.html"
  },
  {
    "id": "1227319",
    "title": "JULIET Kattenvoer 100 g",
    "category": "Huisdieren",
    "price": 0.29,
    "promoPrice": null,
    "price_per_unit": 2.9,
    "unit": "KG",
    "image": "https://s7g10.scene7.com/is/image/aldinord/product_1227319_main_cms_13_nl_nl_kattenvoer_cw01_2024",
    "beschikbaar": true,
    "promoEnd": null,
    "link": "https://www.aldi.nl/kattenvoer-1227319.html"
  },
  {
    "id": "1227302",
    "title": "CHOCEUR Milk friends 200 g",
    "category": "Snoep, koek, chips",
    "price": 2.65,
    "promoPrice": null,
    "price_per_unit": 13.25,
    "unit": "KG",
    "image": "https://s7g10.scene7.com/is/image/aldinord/product_1227302_main_cms_4_nl_nl_milk_friends_cw01_2024",
    "beschikbaar": true,
    "promoEnd": null,
    "link": "https://www.aldi.nl/milk-friends-1227302.html"
  },
  {
    "id": "1227292",
    "title": "GOUD GEBAKKEN Volkoren beschuit 13 stuks",
    "category": "Brood, ontbijtgranen",
    "price": 0.63,
    "promoPrice": null,
    "price_per_unit": null,
    "unit": null,
    "image": "https://s7g10.scene7.com/is/image/aldinord/product_1227292_main_cms_2_nl_nl_volkoren_beschuit_cw01_2024",
    "beschikbaar": true,
    "promoEnd": null,
    "link": "https://www.aldi.nl/volkoren-beschuit-1227292.html"
  },
  {
    "id": "1227291",
    "title": "DE KRUIDEN COMPANY Italiaanse kruiden 18 g",
    "category": "Maaltijden, salades",
    "price": 0.66,
    "promoPrice": null,
    "price_per_unit": 36.67,
    "unit": "KG",
    "image": "https://s7g10.scene7.com/is/image/aldinord/variant_1227291_1_main_cms_1_nl_nl_italiaanse_kruiden_cw01_2024",
    "beschikbaar": true,
    "promoEnd": null,
    "link": "https://www.aldi.nl/italiaanse-kruiden-1227291.html"
  },
  {
    "id": "1227274",
    "title": "DE KRUIDEN COMPANY Knoflook 70 g",
    "category": "Maaltijden, salades",
    "price": 0.75,
    "promoPrice": null,
    "price_per_unit": 10.71,
    "unit": "KG",
    "image": "https://s7g10.scene7.com/is/image/aldinord/variant_1227274_1_main_cms_1_nl_nl_knoflook_cw01_2024",
    "beschikbaar": true,
    "promoEnd": null,
    "link": "https://www.aldi.nl/knoflook-1227274.html"
  },
  {
    "id": "1227273",
    "title": "DE KRUIDEN COMPANY Kaneel 40 g",
    "category": "Maaltijden, salades",
    "price": 0.75,
    "promoPrice": null,
    "price_per_unit": 18.75,
    "unit": "KG",
    "image": "https://s7g10.scene7.com/is/image/aldinord/variant_1227273_1_main_cms_1_nl_nl_kaneel_cw01_2024",
    "beschikbaar": true,
    "promoEnd": null,
    "link": "https://www.aldi.nl/kaneel-1227273.html"
  },
  {
    "id": "1227272",
    "title": "DE KRUIDEN COMPANY Nootmuskaat 50 g",
    "category": "Maaltijden, salades",
    "price": 1.09,
    "promoPrice": null,
    "price_per_unit": 21.8,
    "unit": "KG",
    "image": "https://s7g10.scene7.com/is/image/aldinord/variant_1227272_1_main_cms_1_nl_nl_nootmuskaat_cw01_2024",
    "beschikbaar": true,
    "promoEnd": null,
    "link": "https://www.aldi.nl/nootmuskaat-1227272.html"
  },
  {
    "id": "1227271",
    "title": "DE KRUIDEN COMPANY Kerrie 50 g",
    "category": "Maaltijden, salades",
    "price": 0.75,
    "promoPrice": null,
    "price_per_unit": 15.0,
    "unit": "KG",
    "image": "https://s7g10.scene7.com/is/image/aldinord/variant_1227271_1_main_cms_1_nl_nl_kerrie_cw01_2024",
    "beschikbaar": true,
    "promoEnd": null,
    "link": "https://www.aldi.nl/kerrie-1227271.html"
  },
  {
    "id": "1227264",
    "title": "DE KRUIDEN COMPANY Basilicum 15 g",
    "category": "Maaltijden, salades",
    "price": 0.66,
    "promoPrice": null,
    "price_per_unit": 44.0,
    "unit": "KG",
    "image": "https://s7g10.scene7.com/is/image/aldinord/variant_1227264_1_main_cms_1_nl_nl_basilicum_cw01_2024",
    "beschikbaar": true,
    "promoEnd": null,
    "link": "https://www.aldi.nl/basilicum-1227264.html"
  },
  {
    "id": "1227262",
    "title": "DE KRUIDEN COMPANY Rozemarijn 25 g",
    "category": "Maaltijden, salades",
    "price": 0.66,
    "promoPrice": null,
    "price_per_unit": 26.4,
    "unit": "KG",
    "image": "https://s7g10.scene7.com/is/image/aldinord/variant_1227262_1_main_cms_1_nl_nl_rozemarijn_cw01_2024",
    "beschikbaar": true,
    "promoEnd": null,
    "link": "https://www.aldi.nl/rozemarijn-1227262.html"
  },
  {
    "id": "1227261",
    "title": "DE KRUIDEN COMPANY Tijm 20 g",
    "category": "Maaltijden, salades",
    "price": 0.66,
    "promoPrice": null,
    "price_per_unit": null,
    "unit": null,
    "image": "https://s7g10.scene7.com/is/image/aldinord/variant_1227261_1_main_cms_1_nl_nl_tijm_cw01_2024",
    "beschikbaar": true,
    "promoEnd": null,
    "link": "https://www.aldi.nl/tijm-1227261.html"
  },
  {
    "id": "1227236",
    "title": "TANDIL 3-in-1 wascapsules 20 wasbeurten",
    "category": "Huishouden",
    "price": 4.39,
    "promoPrice": null,
    "price_per_unit": 8.44,
    "unit": "KG",
    "image": "https://s7g10.scene7.com/is/image/aldinord/product_1227236_main_cms_3_nl_nl_3_in_1_wascapsules_cw01_2024",
    "beschikbaar": true,
    "promoEnd": null,
    "link": "https://www.aldi.nl/3-in-1-wascapsules-1227236.html"
  },
  {
    "id": "1227216",
    "title": "BIO Kaas 50+ jong belegen Ca. 450 g",
    "category": "Zuivel, eieren",
    "price": 5.99,
    "promoPrice": null,
    "price_per_unit": null,
    "unit": null,
    "image": "https://s7g10.scene7.com/is/image/aldinord/product_1227216_main_cms_2_nl_nl_kaas_50_jong_belegen_cw01_2024",
    "beschikbaar": true,
    "promoEnd": null,
    "link": "https://www.aldi.nl/kaas-50-jong-belegen-1227216.html"
  },
  {
    "id": "1227213",
    "title": "ROBIJN Vloeibaar wasmiddel 14 wasbeurten",
    "category": "Huishouden",
    "price": null,
    "promoPrice": null,
    "price_per_unit": null,
    "unit": null,
    "image": "https://s7g10.scene7.com/is/image/aldinord/variant_1227213_2_main_cms_3_nl_nl_vloeibaar_wasmiddel_cw01_2024",
    "beschikbaar": true,
    "promoEnd": null,
    "link": "https://www.aldi.nl/vloeibaar-wasmiddel-1227213.html"
  },
  {
    "id": "1227212",
    "title": "ROBIJN Vloeibaar wasmiddel kleur 15 wasbeurten",
    "category": "Huishouden",
    "price": null,
    "promoPrice": null,
    "price_per_unit": null,
    "unit": null,
    "image": "https://s7g10.scene7.com/is/image/aldinord/product_1227212_main_cms_3_nl_nl_vloeibaar_wasmiddel_kleur_cw01_2024",
    "beschikbaar": true,
    "promoEnd": null,
    "link": "https://www.aldi.nl/vloeibaar-wasmiddel-kleur-1227212.html"
  },
  {
    "id": "1227210",
    "title": "TRADER JOE'S Japanse mix 250 g",
    "category": "Snoep, koek, chips",
    "price": 1.49,
    "promoPrice": null,
    "price_per_unit": 5.96,
    "unit": "KG",
    "image": "https://s7g10.scene7.com/is/image/aldinord/product_1227210_main_cms_3_nl_nl_japanse_mix_cw01_2024",
    "beschikbaar": true,
    "promoEnd": null,
    "link": "https://www.aldi.nl/japanse-mix-1227210.html"
  },
  {
    "id": "1227182",
    "title": "DOVE Showergel hydrate 450 ml",
    "category": "Baby, verzorging",
    "price": null,
    "promoPrice": null,
    "price_per_unit": null,
    "unit": null,
    "image": "https://s7g10.scene7.com/is/image/aldinord/product_1227182_main_cms_1_nl_nl_showergel_hydrate_cw01_2024",
    "beschikbaar": true,
    "promoEnd": null,
    "link": "https://www.aldi.nl/showergel-hydrate-1227182.html"
  },
  {
    "id": "1227177",
    "title": "Gevulde speculaas 240 g",
    "category": "Speciaal assortiment",
    "price": 1.29,
    "promoPrice": null,
    "price_per_unit": 5.38,
    "unit": "KG",
    "image": "https://s7g10.scene7.com/is/image/aldinord/variant_1227177_1_main_cms_1_nl_nl_gevulde_speculaas_cw01_2024",
    "beschikbaar": true,
    "promoEnd": null,
    "link": "https://www.aldi.nl/gevulde-speculaas-1227177.html"
  },
  {
    "id": "1227155",
    "title": "Fijn volkoren Heel",
    "category": "Brood, ontbijtgranen",
    "price": 0.99,
    "promoPrice": null,
    "price_per_unit": null,
    "unit": null,
    "image": "https://s7g10.scene7.com/is/image/aldinord/product_1227155_main_cms_1_nl_nl_fijn_volkoren_cw01_2024",
    "beschikbaar": true,
    "promoEnd": null,
    "link": "https://www.aldi.nl/fijn-volkoren-1227155.html"
  },
  {
    "id": "1227154",
    "title": "Bruin rond Heel",
    "category": "Brood, ontbijtgranen",
    "price": 0.94,
    "promoPrice": null,
    "price_per_unit": null,
    "unit": null,
    "image": "https://s7g10.scene7.com/is/image/aldinord/product_1227154_main_cms_2_nl_nl_bruin_rond_cw01_2024",
    "beschikbaar": true,
    "promoEnd": null,
    "link": "https://www.aldi.nl/bruin-rond-1227154.html"
  },
  {
    "id": "1227153",
    "title": "Wit brood Heel",
    "category": "Brood, ontbijtgranen",
    "price": 0.93,
    "promoPrice": null,
    "price_per_unit": null,
    "unit": null,
    "image": "https://s7g10.scene7.com/is/image/aldinord/product_1227153_main_cms_1_nl_nl_wit_brood_cw01_2024",
    "beschikbaar": true,
    "promoEnd": null,
    "link": "https://www.aldi.nl/wit-brood-1227153.html"
  },
  {
    "id": "1227139",
    "title": "GOLDEN BRIDGE Special flakes naturel 525 g",
    "category": "Brood, ontbijtgranen",
    "price": 2.45,
    "promoPrice": null,
    "price_per_unit": 4.67,
    "unit": "KG",
    "image": "https://s7g10.scene7.com/is/image/aldinord/variant_1227139_1_main_cms_2_nl_nl_special_flakes_naturel_cw01_2024",
    "beschikbaar": true,
    "promoEnd": null,
    "link": "https://www.aldi.nl/special-flakes-naturel-1227139.html"
  },
  {
    "id": "1227137",
    "title": "BARISSIMO Koffiecups espresso forte 20 cups",
    "category": "Koffie, thee",
    "price": 3.99,
    "promoPrice": null,
    "price_per_unit": null,
    "unit": null,
    "image": "https://s7g10.scene7.com/is/image/aldinord/variant_1227137_1_main_cms_2_nl_nl_koffiecups_espresso_forte_cw01_2024",
    "beschikbaar": true,
    "promoEnd": null,
    "link": "https://www.aldi.nl/koffiecups-espresso-forte-1227137.html"
  },
  {
    "id": "1227136",
    "title": "BARISSIMO Koffiecups lungo extra strong 20 cups",
    "category": "Koffie, thee",
    "price": 3.99,
    "promoPrice": null,
    "price_per_unit": null,
    "unit": null,
    "image": "https://s7g10.scene7.com/is/image/aldinord/variant_1227136_1_main_cms_2_nl_nl_koffiecups_lungo_extra_strong_cw01_2024",
    "beschikbaar": true,
    "promoEnd": null,
    "link": "https://www.aldi.nl/koffiecups-lungo-extra-strong-1227136.html"
  },
  {
    "id": "1227135",
    "title": "BARISSIMO Koffiecups lungo decaf 20 cups",
    "category": "Koffie, thee",
    "price": 3.99,
    "promoPrice": null,
    "price_per_unit": null,
    "unit": null,
    "image": "https://s7g10.scene7.com/is/image/aldinord/variant_1227135_1_main_cms_2_nl_nl_koffiecups_lungo_decaf_cw01_2024",
    "beschikbaar": true,
    "promoEnd": null,
    "link": "https://www.aldi.nl/koffiecups-lungo-decaf-1227135.html"
  },
  {
    "id": "1227133",
    "title": "BARISSIMO Koffiecups lungo classic 20 cups",
    "category": "Koffie, thee",
    "price": 3.99,
    "promoPrice": null,
    "price_per_unit": null,
    "unit": null,
    "image": "https://s7g10.scene7.com/is/image/aldinord/variant_1227133_1_main_cms_1_nl_nl_koffiecups_lungo_classic_cw01_2024",
    "beschikbaar": true,
    "promoEnd": null,
    "link": "https://www.aldi.nl/koffiecups-lungo-classic-1227133.html"
  },
  {
    "id": "1227132",
    "title": "BARISSIMO Koffiecups ristretto 20 cups",
    "category": "Koffie, thee",
    "price": 3.99,
    "promoPrice": null,
    "price_per_unit": null,
    "unit": null,
    "image": "https://s7g10.scene7.com/is/image/aldinord/variant_1227132_1_main_cms_2_nl_nl_koffiecups_ristretto_cw01_2024",
    "beschikbaar": true,
    "promoEnd": null,
    "link": "https://www.aldi.nl/koffiecups-ristretto-1227132.html"
  },
  {
    "id": "1227131",
    "title": "BARISSIMO Koffiecups espresso 20 cups",
    "category": "Koffie, thee",
    "price": 3.99,
    "promoPrice": null,
    "price_per_unit": null,
    "unit": null,
    "image": "https://s7g10.scene7.com/is/image/aldinord/variant_1227131_1_main_cms_2_nl_nl_koffiecups_espresso_cw01_2024",
    "beschikbaar": true,
    "promoEnd": null,
    "link": "https://www.aldi.nl/koffiecups-espresso-1227131.html"
  },
  {
    "id": "1227130",
    "title": "BARISSIMO Koffiecapsules lungo intense 20 cups",
    "category": "Koffie, thee",
    "price": 3.99,
    "promoPrice": null,
    "price_per_unit": null,
    "unit": null,
    "image": "https://s7g10.scene7.com/is/image/aldinord/variant_1227130_1_main_cms_2_nl_nl_koffiecapsules_lungo_intense_cw01_2024",
    "beschikbaar": true,
    "promoEnd": null,
    "link": "https://www.aldi.nl/koffiecapsules-lungo-intense-1227130.html"
  },
  {
    "id": "1227117",
    "title": "Borrelblokjes 175 g",
    "category": "Zuivel, eieren",
    "price": 2.99,
    "promoPrice": null,
    "price_per_unit": null,
    "unit": null,
    "image": "https://s7g10.scene7.com/is/image/aldinord/product_1227117_main_cms_4_nl_nl_borrelblokjes_cw01_2024",
    "beschikbaar": true,
    "promoEnd": null,
    "link": "https://www.aldi.nl/borrelblokjes-1227117.html"
  },
  {
    "id": "1227094",
    "title": "ALBONA Bakmix voor pannenkoeken 400 g",
    "category": "Brood, ontbijtgranen",
    "price": 0.64,
    "promoPrice": null,
    "price_per_unit": 1.6,
    "unit": "KG",
    "image": "https://s7g10.scene7.com/is/image/aldinord/product_1227094_main_cms_2_nl_nl_bakmix_voor_pannenkoeken_cw01_2024",
    "beschikbaar": true,
    "promoEnd": null,
    "link": "https://www.aldi.nl/bakmix-voor-pannenkoeken-1227094.html"
  },
  {
    "id": "1227093",
    "title": "ALBONA Bakmix voor pannenkoeken 400 g",
    "category": "Brood, ontbijtgranen",
    "price": 0.64,
    "promoPrice": null,
    "price_per_unit": 1.6,
    "unit": "KG",
    "image": "https://s7g10.scene7.com/is/image/aldinord/product_1227093_main_cms_2_nl_nl_bakmix_voor_pannenkoeken_cw01_2024",
    "beschikbaar": true,
    "promoEnd": null,
    "link": "https://www.aldi.nl/bakmix-voor-pannenkoeken-1227093.html"
  },
  {
    "id": "1227040",
    "title": "HEERLIJCK BANKET Aardbeienkoeken Inhoud: 8 stuks, 440 g",
    "category": "Snoep, koek, chips",
    "price": 2.09,
    "promoPrice": null,
    "price_per_unit": 4.75,
    "unit": "KG",
    "image": "https://s7g10.scene7.com/is/image/aldinord/variant_1227040_1_main_cms_2_nl_nl_aardbeienkoeken_cw01_2024",
    "beschikbaar": true,
    "promoEnd": null,
    "link": "https://www.aldi.nl/aardbeienkoeken-1227040.html"
  },
  {
    "id": "1227039",
    "title": "TRADER JOE'S Volkoren tortilla wraps Inhoud: 6 stuks, 370 g",
    "category": "Maaltijden, salades",
    "price": 0.95,
    "promoPrice": null,
    "price_per_unit": 2.57,
    "unit": "KG",
    "image": "https://s7g10.scene7.com/is/image/aldinord/product_1227039_main_cms_1_nl_nl_volkoren_tortilla_wraps_cw01_2024",
    "beschikbaar": true,
    "promoEnd": null,
    "link": "https://www.aldi.nl/volkoren-tortilla-wraps-1227039.html"
  },
  {
    "id": "1227019",
    "title": "PRODENT Tandpasta coolmint 125 ml",
    "category": "Baby, verzorging",
    "price": null,
    "promoPrice": null,
    "price_per_unit": null,
    "unit": null,
    "image": "https://s7g10.scene7.com/is/image/aldinord/product_1227019_main_cms_1_nl_nl_tandpasta_coolmint_cw01_2024",
    "beschikbaar": true,
    "promoEnd": null,
    "link": "https://www.aldi.nl/tandpasta-coolmint-1227019.html"
  },
  {
    "id": "1227018",
    "title": "AXE Douchegel 400 ml",
    "category": "Baby, verzorging",
    "price": null,
    "promoPrice": null,
    "price_per_unit": null,
    "unit": null,
    "image": "https://s7g10.scene7.com/is/image/aldinord/variant_1227018_4_main_cms_2_nl_nl_douchegel_cw01_2024",
    "beschikbaar": true,
    "promoEnd": null,
    "link": "https://www.aldi.nl/douchegel-1227018.html"
  },
  {
    "id": "1227016",
    "title": "OLA Magnum amandel 4 stuks",
    "category": "Speciaal assortiment",
    "price": 4.66,
    "promoPrice": null,
    "price_per_unit": null,
    "unit": null,
    "image": "https://s7g10.scene7.com/is/image/aldinord/variant_1227016_1_main_cms_1_nl_nl_magnum_amandel_cw01_2024",
    "beschikbaar": true,
    "promoEnd": null,
    "link": "https://www.aldi.nl/magnum-amandel-1227016.html"
  },
  {
    "id": "1227014",
    "title": "AXE Deodorant black of dark temptation 200 ml",
    "category": "Baby, verzorging",
    "price": null,
    "promoPrice": null,
    "price_per_unit": null,
    "unit": null,
    "image": "https://s7g10.scene7.com/is/image/aldinord/product_1227014_main_cms_5_nl_nl_deodorant_black_of_dark_temptation_cw01_2024",
    "beschikbaar": true,
    "promoEnd": null,
    "link": "https://www.aldi.nl/deodorant-black-of-dark-temptation-1227014.html"
  },
  {
    "id": "1227012",
    "title": "BIO Verse volle melk 1 l",
    "category": "Zuivel, eieren",
    "price": 1.29,
    "promoPrice": null,
    "price_per_unit": null,
    "unit": null,
    "image": "https://s7g10.scene7.com/is/image/aldinord/product_1227012_main_cms_2_nl_nl_verse_volle_melk_cw01_2024",
    "beschikbaar": true,
    "promoEnd": null,
    "link": "https://www.aldi.nl/verse-volle-melk-1227012.html"
  },
  {
    "id": "1227009",
    "title": "MY VAY Vegan sojayoghurt 1 kg",
    "category": "Zuivel, eieren",
    "price": 1.49,
    "promoPrice": null,
    "price_per_unit": 1.49,
    "unit": "KG",
    "image": "https://s7g10.scene7.com/is/image/aldinord/product_1227009_main_cms_2_nl_nl_vegan_sojayoghurt_cw01_2024",
    "beschikbaar": true,
    "promoEnd": null,
    "link": "https://www.aldi.nl/vegan-sojayoghurt-1227009.html"
  },
  {
    "id": "1227007",
    "title": "OLA Magnum classic 4 stuks",
    "category": "Speciaal assortiment",
    "price": 4.24,
    "promoPrice": null,
    "price_per_unit": 42.4,
    "unit": "L",
    "image": "https://s7g10.scene7.com/is/image/aldinord/variant_1227007_1_main_cms_1_nl_nl_magnum_classic_cw01_2024",
    "beschikbaar": true,
    "promoEnd": null,
    "link": "https://www.aldi.nl/magnum-classic-1227007.html"
  },
  {
    "id": "1227001",
    "title": "MILSANI Volle kwark 1 kg",
    "category": "Zuivel, eieren",
    "price": 2.49,
    "promoPrice": null,
    "price_per_unit": 2.49,
    "unit": "KG",
    "image": "https://s7g10.scene7.com/is/image/aldinord/product_1227001_main_cms_3_nl_nl_volle_kwark_cw01_2024",
    "beschikbaar": true,
    "promoEnd": null,
    "link": "https://www.aldi.nl/volle-kwark-1227001.html"
  },
  {
    "id": "1226891",
    "title": "MILSANI Magere perzikyoghurt 1 l",
    "category": "Zuivel, eieren",
    "price": 1.49,
    "promoPrice": null,
    "price_per_unit": 1.49,
    "unit": "L",
    "image": "https://s7g10.scene7.com/is/image/aldinord/product_1226891_main_cms_3_nl_nl_magere_perzikyoghurt_cw01_2024",
    "beschikbaar": true,
    "promoEnd": null,
    "link": "https://www.aldi.nl/magere-perzikyoghurt-1226891.html"
  },
  {
    "id": "1226882",
    "title": "Esteban Cabernet Sauvignon rosé 0.75 l",
    "category": "Bier, wijn, sterke drank",
    "price": null,
    "promoPrice": null,
    "price_per_unit": null,
    "unit": null,
    "image": "https://s7g10.scene7.com/is/image/aldinord/product_1226882_main_cms_2_nl_nl_esteban_cabernet_sauvignon_rose_cw01_2024",
    "beschikbaar": true,
    "promoEnd": null,
    "link": "https://www.aldi.nl/esteban-cabernet-sauvignon-ros-1226882.html"
  },
  {
    "id": "1226881",
    "title": "MILSANI Magere aardbeienyoghurt 1 l",
    "category": "Zuivel, eieren",
    "price": 1.69,
    "promoPrice": null,
    "price_per_unit": 1.69,
    "unit": "L",
    "image": "https://s7g10.scene7.com/is/image/aldinord/product_1226881_main_cms_2_nl_nl_magere_aardbeienyoghurt_cw01_2024",
    "beschikbaar": true,
    "promoEnd": null,
    "link": "https://www.aldi.nl/magere-aardbeienyoghurt-1226881.html"
  },
  {
    "id": "1226735",
    "title": "Goudse kaas mild 48+ jong Inhoud: ca. 12 plakken, 250 g",
    "category": "Zuivel, eieren",
    "price": 2.39,
    "promoPrice": null,
    "price_per_unit": 9.56,
    "unit": "KG",
    "image": "https://s7g10.scene7.com/is/image/aldinord/product_1226735_main_cms_13_nl_nl_goudse_kaas_mild_48_jong_cw01_2024",
    "beschikbaar": true,
    "promoEnd": null,
    "link": "https://www.aldi.nl/goudse-kaas-mild-48-jong-1226735.html"
  },
  {
    "id": "1226731",
    "title": "MY VAY Sojadrink ongezoet 1 l",
    "category": "Zuivel, eieren",
    "price": 0.88,
    "promoPrice": null,
    "price_per_unit": 0.88,
    "unit": "L",
    "image": "https://s7g10.scene7.com/is/image/aldinord/product_1226731_main_cms_1_nl_nl_sojadrink_ongezoet_cw01_2024",
    "beschikbaar": true,
    "promoEnd": null,
    "link": "https://www.aldi.nl/sojadrink-ongezoet-1226731.html"
  },
  {
    "id": "1226726",
    "title": "MY VAY Sojadrink naturel 1 l",
    "category": "Zuivel, eieren",
    "price": 0.78,
    "promoPrice": null,
    "price_per_unit": 0.78,
    "unit": "L",
    "image": "https://s7g10.scene7.com/is/image/aldinord/product_1226726_main_cms_2_nl_nl_sojadrink_naturel_cw01_2024",
    "beschikbaar": true,
    "promoEnd": null,
    "link": "https://www.aldi.nl/sojadrink-naturel-1226726.html"
  },
  {
    "id": "1226710",
    "title": "Gevulde koek Per stuk",
    "category": "Snoep, koek, chips",
    "price": 0.69,
    "promoPrice": null,
    "price_per_unit": null,
    "unit": null,
    "image": "https://s7g10.scene7.com/is/image/aldinord/product_1226710_main_cms_1_nl_nl_gevulde_koek_cw01_2024",
    "beschikbaar": true,
    "promoEnd": null,
    "link": "https://www.aldi.nl/gevulde-koek-1226710.html"
  },
  {
    "id": "1226709",
    "title": "Kaneel swirl Per stuk",
    "category": "Brood, ontbijtgranen",
    "price": 0.65,
    "promoPrice": null,
    "price_per_unit": null,
    "unit": null,
    "image": "https://s7g10.scene7.com/is/image/aldinord/product_1226709_main_cms_1_nl_nl_kaneel_swirl_cw01_2024",
    "beschikbaar": true,
    "promoEnd": null,
    "link": "https://www.aldi.nl/kaneel-swirl-1226709.html"
  },
  {
    "id": "1226707",
    "title": "Koffiebroodje Per stuk",
    "category": "Brood, ontbijtgranen",
    "price": 0.65,
    "promoPrice": null,
    "price_per_unit": null,
    "unit": null,
    "image": "https://s7g10.scene7.com/is/image/aldinord/product_1226707_main_cms_1_nl_nl_koffiebroodje_cw01_2024",
    "beschikbaar": true,
    "promoEnd": null,
    "link": "https://www.aldi.nl/koffiebroodje-1226707.html"
  },
  {
    "id": "1226700",
    "title": "CUCINA NOBILE Buffelmozzarella 125 g",
    "category": "Zuivel, eieren",
    "price": 1.79,
    "promoPrice": null,
    "price_per_unit": 14.32,
    "unit": "KG",
    "image": "https://s7g10.scene7.com/is/image/aldinord/product_1226700_main_cms_1_nl_nl_buffelmozzarella_cw01_2024",
    "beschikbaar": true,
    "promoEnd": null,
    "link": "https://www.aldi.nl/buffelmozzarella-1226700.html"
  },
  {
    "id": "1226695",
    "title": "Chocoladebroodje Per stuk",
    "category": "Brood, ontbijtgranen",
    "price": 0.59,
    "promoPrice": null,
    "price_per_unit": null,
    "unit": null,
    "image": "https://s7g10.scene7.com/is/image/aldinord/product_1226695_main_cms_1_nl_nl_chocoladebroodje_cw01_2024",
    "beschikbaar": true,
    "promoEnd": null,
    "link": "https://www.aldi.nl/chocoladebroodje-1226695.html"
  },
  {
    "id": "1226653",
    "title": "TRADER JOE'S Jelly beans 250 g",
    "category": "Speciaal assortiment",
    "price": 1.69,
    "promoPrice": 1.69,
    "price_per_unit": 6.76,
    "unit": "KG",
    "image": "https://s7g10.scene7.com/is/image/aldinord/product_1226653_main_cms_6_nl_nl_jelly_beans_cw01_2024",
    "beschikbaar": true,
    "promoEnd": "2025-10-12",
    "link": "https://www.aldi.nl/jelly-beans-1226653.html"
  },
  {
    "id": "1226647",
    "title": "Verse roomkaas 150 g",
    "category": "Zuivel, eieren",
    "price": 1.71,
    "promoPrice": null,
    "price_per_unit": 11.4,
    "unit": "KG",
    "image": "https://s7g10.scene7.com/is/image/aldinord/variant_1226647_2_main_cms_2_nl_nl_verse_roomkaas_cw01_2024",
    "beschikbaar": true,
    "promoEnd": null,
    "link": "https://www.aldi.nl/verse-roomkaas-1226647.html"
  },
  {
    "id": "1226635",
    "title": "Ballaturi Sangiovese 0.75 l",
    "category": "Speciaal assortiment",
    "price": 4.99,
    "promoPrice": null,
    "price_per_unit": 6.65,
    "unit": "L",
    "image": "https://s7g10.scene7.com/is/image/aldinord/product_1226635_main_cms_3_nl_nl_ballaturi_sangiovese_cw01_2024",
    "beschikbaar": true,
    "promoEnd": null,
    "link": "https://www.aldi.nl/ballaturi-sangiovese-1226635.html"
  },
  {
    "id": "1226629",
    "title": "TANDIL Waspoeder wit 30 wasbeurten",
    "category": "Huishouden",
    "price": 4.35,
    "promoPrice": null,
    "price_per_unit": null,
    "unit": null,
    "image": "https://s7g10.scene7.com/is/image/aldinord/product_1226629_main_cms_1_nl_nl_waspoeder_wit_cw01_2024",
    "beschikbaar": true,
    "promoEnd": null,
    "link": "https://www.aldi.nl/waspoeder-wit-1226629.html"
  },
  {
    "id": "1226590",
    "title": "Pastinaak 500 g",
    "category": "Groente, aardappelen",
    "price": 1.19,
    "promoPrice": 1.19,
    "price_per_unit": 2.38,
    "unit": "KG",
    "image": "https://s7g10.scene7.com/is/image/aldinord/product_1226590_main_cms_4_nl_nl_pastinaak_cw01_2024",
    "beschikbaar": true,
    "promoEnd": "2025-10-12",
    "link": "https://www.aldi.nl/pastinaak-1226590.html"
  },
  {
    "id": "1226577",
    "title": "ERU Goudkuipje 200 g",
    "category": "Brood, ontbijtgranen",
    "price": null,
    "promoPrice": null,
    "price_per_unit": null,
    "unit": null,
    "image": "https://s7g10.scene7.com/is/image/aldinord/product_1226577_main_cms_3_nl_nl_goudkuipje_cw01_2024",
    "beschikbaar": true,
    "promoEnd": null,
    "link": "https://www.aldi.nl/goudkuipje-1226577.html"
  },
  {
    "id": "1226575",
    "title": "BIFI Bifi original XXL 40 g",
    "category": "Vlees, vis, vega",
    "price": null,
    "promoPrice": null,
    "price_per_unit": null,
    "unit": null,
    "image": "https://s7g10.scene7.com/is/image/aldinord/variant_1226575_1_main_cms_1_nl_nl_bifi_original_xxl_cw01_2024",
    "beschikbaar": true,
    "promoEnd": null,
    "link": "https://www.aldi.nl/bifi-original-xxl-1226575.html"
  },
  {
    "id": "1226539",
    "title": "5-pack Knoppers nutbar 5-pack",
    "category": "Snoep, koek, chips",
    "price": 2.62,
    "promoPrice": null,
    "price_per_unit": 13.1,
    "unit": "KG",
    "image": "https://s7g10.scene7.com/is/image/aldinord/product_1226539_main_cms_1_nl_nl_5_pack_knoppers_nutbar_cw01_2024",
    "beschikbaar": true,
    "promoEnd": null,
    "link": "https://www.aldi.nl/5-pack-knoppers-nutbar-1226539.html"
  },
  {
    "id": "1226531",
    "title": "ASIA GREEN GARDEN Kruidenmix nasi-bami 41 g",
    "category": "Maaltijden, salades",
    "price": 0.39,
    "promoPrice": null,
    "price_per_unit": 9.51,
    "unit": "KG",
    "image": "https://s7g10.scene7.com/is/image/aldinord/variant_1226531_1_main_cms_1_nl_nl_kruidenmix_nasi_bami_cw01_2024",
    "beschikbaar": true,
    "promoEnd": null,
    "link": "https://www.aldi.nl/kruidenmix-nasi-bami-1226531.html"
  },
  {
    "id": "1226530",
    "title": "CUCINA NOBILE Kruidenmix macaroni/spaghetti 49 g",
    "category": "Maaltijden, salades",
    "price": 0.39,
    "promoPrice": null,
    "price_per_unit": 7.96,
    "unit": "KG",
    "image": "https://s7g10.scene7.com/is/image/aldinord/variant_1226530_1_main_cms_1_nl_nl_kruidenmix_macaroni_spaghetti_cw01_2024",
    "beschikbaar": true,
    "promoEnd": null,
    "link": "https://www.aldi.nl/kruidenmix-macaronispaghetti-1226530.html"
  },
  {
    "id": "1226486",
    "title": "OPTIMEL Drinkyoghurt framboos 1 l",
    "category": "Zuivel, eieren",
    "price": null,
    "promoPrice": null,
    "price_per_unit": null,
    "unit": null,
    "image": "https://s7g10.scene7.com/is/image/aldinord/product_1226486_main_cms_1_nl_nl_drinkyoghurt_framboos_cw01_2024",
    "beschikbaar": true,
    "promoEnd": null,
    "link": "https://www.aldi.nl/drinkyoghurt-framboos-1226486.html"
  },
  {
    "id": "1226445",
    "title": "Scharrelkippenbouten Per kg",
    "category": "Vlees, vis, vega",
    "price": 5.49,
    "promoPrice": null,
    "price_per_unit": null,
    "unit": null,
    "image": "https://s7g10.scene7.com/is/image/aldinord/product_1226445_main_cms_1_nl_nl_scharrelkippenbouten_cw01_2024",
    "beschikbaar": true,
    "promoEnd": null,
    "link": "https://www.aldi.nl/scharrelkippenbouten-1226445.html"
  },
  {
    "id": "1226434",
    "title": "BBQ Verse spareribs Ca. 500 g",
    "category": "Speciaal assortiment",
    "price": 3.98,
    "promoPrice": 3.98,
    "price_per_unit": 7.96,
    "unit": "KG",
    "image": "https://s7g10.scene7.com/is/image/aldinord/product_1226434_main_cms_5_nl_nl_verse_spareribs_cw01_2024",
    "beschikbaar": true,
    "promoEnd": "2025-10-12",
    "link": "https://www.aldi.nl/verse-spareribs-1226434.html"
  },
  {
    "id": "1226430",
    "title": "OPTIMEL Drinkyoghurt mango-passievrucht 1 l",
    "category": "Zuivel, eieren",
    "price": null,
    "promoPrice": null,
    "price_per_unit": null,
    "unit": null,
    "image": "https://s7g10.scene7.com/is/image/aldinord/product_1226430_main_cms_1_nl_nl_drinkyoghurt_mango_passievrucht_cw01_2024",
    "beschikbaar": true,
    "promoEnd": null,
    "link": "https://www.aldi.nl/drinkyoghurt-mango-passievrucht-1226430.html"
  },
  {
    "id": "1226386",
    "title": "Skimmia Per stuk",
    "category": "Speciaal assortiment",
    "price": 2.99,
    "promoPrice": 2.99,
    "price_per_unit": null,
    "unit": null,
    "image": "https://s7g10.scene7.com/is/image/aldinord/product_1226386_main_cms_1_nl_nl_skimmia_cw01_2024",
    "beschikbaar": true,
    "promoEnd": "2025-10-12",
    "link": "https://www.aldi.nl/skimmia-1226386.html"
  },
  {
    "id": "1226376",
    "title": "MILSANI Smeerkaas 20+ sambal 200 g",
    "category": "Zuivel, eieren",
    "price": 1.39,
    "promoPrice": null,
    "price_per_unit": 6.95,
    "unit": "KG",
    "image": "https://s7g10.scene7.com/is/image/aldinord/product_1226376_main_cms_2_nl_nl_smeerkaas_20_sambal_cw01_2024",
    "beschikbaar": true,
    "promoEnd": null,
    "link": "https://www.aldi.nl/smeerkaas-20-sambal-1226376.html"
  },
  {
    "id": "1226373",
    "title": "MILSANI Smeerkaas 45+ sambal 200 g",
    "category": "Zuivel, eieren",
    "price": 1.39,
    "promoPrice": null,
    "price_per_unit": 6.95,
    "unit": "KG",
    "image": "https://s7g10.scene7.com/is/image/aldinord/product_1226373_main_cms_2_nl_nl_smeerkaas_45_sambal_cw01_2024",
    "beschikbaar": true,
    "promoEnd": null,
    "link": "https://www.aldi.nl/smeerkaas-45-sambal-1226373.html"
  },
  {
    "id": "1226372",
    "title": "MOLENLAND Goudse komijnekaas 48+ 520 g",
    "category": "Zuivel, eieren",
    "price": 5.2,
    "promoPrice": null,
    "price_per_unit": 10.0,
    "unit": "KG",
    "image": "https://s7g10.scene7.com/is/image/aldinord/product_1226372_main_cms_2_nl_nl_goudse_komijnekaas_48_cw01_2024",
    "beschikbaar": true,
    "promoEnd": null,
    "link": "https://www.aldi.nl/goudse-komijnekaas-48-1226372.html"
  },
  {
    "id": "1226371",
    "title": "LYTTOS Griekse stijl zachte witte kaas 250 g",
    "category": "Zuivel, eieren",
    "price": 1.89,
    "promoPrice": null,
    "price_per_unit": 7.56,
    "unit": "KG",
    "image": "https://s7g10.scene7.com/is/image/aldinord/product_1226371_main_cms_4_nl_nl_griekse_stijl_zachte_witte_kaas_cw01_2024",
    "beschikbaar": true,
    "promoEnd": null,
    "link": "https://www.aldi.nl/griekse-stijl-zachte-witte-kaas-1226371.html"
  },
  {
    "id": "1226370",
    "title": "LE COQ DE FRANCE Brie 60+ 200 g",
    "category": "Zuivel, eieren",
    "price": 1.38,
    "promoPrice": null,
    "price_per_unit": 6.9,
    "unit": "KG",
    "image": "https://s7g10.scene7.com/is/image/aldinord/product_1226370_main_cms_2_nl_nl_brie_60_cw01_2024",
    "beschikbaar": true,
    "promoEnd": null,
    "link": "https://www.aldi.nl/brie-60-1226370.html"
  },
  {
    "id": "1226349",
    "title": "KNORR Wereldgerecht 228-306 g",
    "category": "Maaltijden, salades",
    "price": null,
    "promoPrice": null,
    "price_per_unit": null,
    "unit": null,
    "image": "https://s7g10.scene7.com/is/image/aldinord/product_1226349_main_cms_7_nl_nl_wereldgerecht_cw01_2024",
    "beschikbaar": true,
    "promoEnd": null,
    "link": "https://www.aldi.nl/wereldgerecht-1226349.html"
  },
  {
    "id": "1226330",
    "title": "SWEET-LAND Zacht snoep 300 g",
    "category": "Snoep, koek, chips",
    "price": 1.89,
    "promoPrice": null,
    "price_per_unit": 6.3,
    "unit": "KG",
    "image": "https://s7g10.scene7.com/is/image/aldinord/product_1226330_main_cms_4_nl_nl_zacht_snoep_cw01_2024",
    "beschikbaar": true,
    "promoEnd": null,
    "link": "https://www.aldi.nl/zacht-snoep-1226330.html"
  },
  {
    "id": "1226323",
    "title": "DE HETE KETEL Groente- of champignonsoep 800 ml",
    "category": "Maaltijden, salades",
    "price": 1.99,
    "promoPrice": null,
    "price_per_unit": 2.49,
    "unit": "L",
    "image": "https://s7g10.scene7.com/is/image/aldinord/product_1226323_main_cms_13_nl_nl_groente_of_champignonsoep_cw01_2024",
    "beschikbaar": true,
    "promoEnd": null,
    "link": "https://www.aldi.nl/groente-of-champignonsoep-1226323.html"
  },
  {
    "id": "1226320",
    "title": "DE HETE KETEL Kippen- of runderbouillion 340 ml",
    "category": "Maaltijden, salades",
    "price": 1.79,
    "promoPrice": null,
    "price_per_unit": 5.26,
    "unit": "L",
    "image": "https://s7g10.scene7.com/is/image/aldinord/product_1226320_main_cms_5_nl_nl_kippen_of_runderbouillion_cw01_2024",
    "beschikbaar": true,
    "promoEnd": null,
    "link": "https://www.aldi.nl/kippen-of-runderbouillion-1226320.html"
  },
  {
    "id": "1226317",
    "title": "Duo salade 200 g",
    "category": "Maaltijden, salades",
    "price": 1.29,
    "promoPrice": null,
    "price_per_unit": 6.45,
    "unit": "KG",
    "image": "https://s7g10.scene7.com/is/image/aldinord/product_1226317_main_cms_6_nl_nl_duo_salade_cw01_2024",
    "beschikbaar": true,
    "promoEnd": null,
    "link": "https://www.aldi.nl/duo-salade-1226317.html"
  },
  {
    "id": "1226314",
    "title": "UP2FASHION 3-pack slips 3-pack",
    "category": "Speciaal assortiment",
    "price": 4.99,
    "promoPrice": 4.99,
    "price_per_unit": null,
    "unit": null,
    "image": "https://s7g10.scene7.com/is/image/aldinord/product_1226314_main_cms_13_nl_nl_3_pack_slips_cw01_2024",
    "beschikbaar": true,
    "promoEnd": "2025-10-24",
    "link": "https://www.aldi.nl/3-pack-slips-1226314.html"
  },
  {
    "id": "1226284",
    "title": "Crémant de bordeaux 0.75 l",
    "category": "Huis, tuin en seizoen",
    "price": null,
    "promoPrice": null,
    "price_per_unit": null,
    "unit": null,
    "image": "https://s7g10.scene7.com/is/image/aldinord/product_1226284_main_cms_3_nl_nl_cremant_de_bordeaux_cw01_2024",
    "beschikbaar": true,
    "promoEnd": null,
    "link": "https://www.aldi.nl/crmant-de-bordeaux-1226284.html"
  },
  {
    "id": "1226244",
    "title": "Boeren scharrelkipschnitzels Inhoud: 2 stuks, 250 g",
    "category": "Vlees, vis, vega",
    "price": 2.79,
    "promoPrice": 2.79,
    "price_per_unit": 11.16,
    "unit": "KG",
    "image": "https://s7g10.scene7.com/is/image/aldinord/product_1226244_main_cms_1_nl_nl_boeren_scharrelkipschnitzels_cw01_2024",
    "beschikbaar": true,
    "promoEnd": "2025-10-12",
    "link": "https://www.aldi.nl/boeren-scharrelkipschnitzels-1226244.html"
  },
  {
    "id": "1226234",
    "title": "MOLENLAND Goudse kaas 48+ jong belegen 190 g",
    "category": "Zuivel, eieren",
    "price": 2.49,
    "promoPrice": null,
    "price_per_unit": 13.11,
    "unit": "KG",
    "image": "https://s7g10.scene7.com/is/image/aldinord/product_1226234_main_cms_4_nl_nl_goudse_kaas_48_jong_belegen_cw01_2024",
    "beschikbaar": true,
    "promoEnd": null,
    "link": "https://www.aldi.nl/goudse-kaas-48-jong-belegen-1226234.html"
  },
  {
    "id": "1226232",
    "title": "CUCINA NOBILE Grana Padano 200 g",
    "category": "Zuivel, eieren",
    "price": 3.69,
    "promoPrice": null,
    "price_per_unit": 18.45,
    "unit": "KG",
    "image": "https://s7g10.scene7.com/is/image/aldinord/product_1226232_main_cms_3_nl_nl_grana_padano_cw01_2024",
    "beschikbaar": true,
    "promoEnd": null,
    "link": "https://www.aldi.nl/grana-padano-1226232.html"
  },
  {
    "id": "1226229",
    "title": "MOLENLAND Goudse kaas 48+ belegen 450 g",
    "category": "Zuivel, eieren",
    "price": 4.69,
    "promoPrice": null,
    "price_per_unit": 10.42,
    "unit": "KG",
    "image": "https://s7g10.scene7.com/is/image/aldinord/product_1226229_main_cms_6_nl_nl_goudse_kaas_48_belegen_cw01_2024",
    "beschikbaar": true,
    "promoEnd": null,
    "link": "https://www.aldi.nl/goudse-kaas-48-belegen-1226229.html"
  },
  {
    "id": "1226227",
    "title": "MOLENLAND Goudse kaas 48+ extra belegen 450 g",
    "category": "Zuivel, eieren",
    "price": 4.89,
    "promoPrice": null,
    "price_per_unit": 10.87,
    "unit": "KG",
    "image": "https://s7g10.scene7.com/is/image/aldinord/product_1226227_main_cms_4_nl_nl_goudse_kaas_48_extra_belegen_cw01_2024",
    "beschikbaar": true,
    "promoEnd": null,
    "link": "https://www.aldi.nl/goudse-kaas-48-extra-belegen-1226227.html"
  },
  {
    "id": "1226223",
    "title": "MOLENLAND Goudse kaas 48+ oud 450 g",
    "category": "Zuivel, eieren",
    "price": 5.39,
    "promoPrice": null,
    "price_per_unit": 11.98,
    "unit": "KG",
    "image": "https://s7g10.scene7.com/is/image/aldinord/product_1226223_main_cms_1_nl_nl_goudse_kaas_48_oud_cw01_2024",
    "beschikbaar": true,
    "promoEnd": null,
    "link": "https://www.aldi.nl/goudse-kaas-48-oud-1226223.html"
  },
  {
    "id": "1226222",
    "title": "MOLENLAND Goudse kaas 48+ stuk jong 450 g",
    "category": "Zuivel, eieren",
    "price": 4.15,
    "promoPrice": null,
    "price_per_unit": 9.22,
    "unit": "KG",
    "image": "https://s7g10.scene7.com/is/image/aldinord/product_1226222_main_cms_3_nl_nl_goudse_kaas_48_stuk_jong_cw01_2024",
    "beschikbaar": true,
    "promoEnd": null,
    "link": "https://www.aldi.nl/goudse-kaas-48-stuk-jong-1226222.html"
  },
  {
    "id": "1226221",
    "title": "MOLENLAND Gouda 48+ jong belegen stuk 450 g",
    "category": "Zuivel, eieren",
    "price": 4.35,
    "promoPrice": null,
    "price_per_unit": 9.67,
    "unit": "KG",
    "image": "https://s7g10.scene7.com/is/image/aldinord/product_1226221_main_cms_3_nl_nl_gouda_48_jong_belegen_stuk_cw01_2024",
    "beschikbaar": true,
    "promoEnd": null,
    "link": "https://www.aldi.nl/gouda-48-jong-belegen-stuk-1226221.html"
  },
  {
    "id": "1226214",
    "title": "MOLENLAND Goudse kaas 48+ oud 600 g",
    "category": "Zuivel, eieren",
    "price": 8.99,
    "promoPrice": null,
    "price_per_unit": 14.98,
    "unit": "KG",
    "image": "https://s7g10.scene7.com/is/image/aldinord/product_1226214_main_cms_4_nl_nl_goudse_kaas_48_oud_cw01_2024",
    "beschikbaar": true,
    "promoEnd": null,
    "link": "https://www.aldi.nl/goudse-kaas-48-oud-1226214.html"
  },
  {
    "id": "1226209",
    "title": "Pistolet Per stuk",
    "category": "Brood, ontbijtgranen",
    "price": 0.25,
    "promoPrice": null,
    "price_per_unit": null,
    "unit": null,
    "image": "https://s7g10.scene7.com/is/image/aldinord/variant_1226209_1_main_cms_6_nl_nl_pistolet_cw01_2024",
    "beschikbaar": true,
    "promoEnd": null,
    "link": "https://www.aldi.nl/pistolet-1226209.html"
  },
  {
    "id": "1226186",
    "title": "CUCINA NOBILE Mini-mozzarella bolletjes 125 g",
    "category": "Zuivel, eieren",
    "price": 1.19,
    "promoPrice": null,
    "price_per_unit": 9.52,
    "unit": "KG",
    "image": "https://s7g10.scene7.com/is/image/aldinord/product_1226186_main_cms_2_nl_nl_mini_mozzarella_bolletjes_cw01_2024",
    "beschikbaar": true,
    "promoEnd": null,
    "link": "https://www.aldi.nl/mini-mozzarella-bolletjes-1226186.html"
  },
  {
    "id": "1226185",
    "title": "MOLENLAND Goudse kaas 48+ belegen 800 g",
    "category": "Zuivel, eieren",
    "price": 7.45,
    "promoPrice": 6.19,
    "price_per_unit": 9.31,
    "unit": "KG",
    "image": "https://s7g10.scene7.com/is/image/aldinord/product_1226185_main_cms_2_nl_nl_goudse_kaas_48_belegen_cw01_2024",
    "beschikbaar": true,
    "promoEnd": "2025-10-19",
    "link": "https://www.aldi.nl/goudse-kaas-48-belegen-1226185.html"
  },
  {
    "id": "1226180",
    "title": "Borrelblokjes 48+ jong belegen 175 g",
    "category": "Zuivel, eieren",
    "price": 2.49,
    "promoPrice": null,
    "price_per_unit": 14.23,
    "unit": "KG",
    "image": "https://s7g10.scene7.com/is/image/aldinord/product_1226180_main_cms_7_nl_nl_borrelblokjes_48_jong_belegen_cw01_2024",
    "beschikbaar": true,
    "promoEnd": null,
    "link": "https://www.aldi.nl/borrelblokjes-48-jong-belegen-1226180.html"
  },
  {
    "id": "1226179",
    "title": "PATURAIN Roomkaas 90 g",
    "category": "Vlees, vis, vega",
    "price": null,
    "promoPrice": null,
    "price_per_unit": null,
    "unit": null,
    "image": "https://s7g10.scene7.com/is/image/aldinord/product_1226179_main_cms_2_nl_nl_roomkaas_cw01_2024",
    "beschikbaar": true,
    "promoEnd": null,
    "link": "https://www.aldi.nl/roomkaas-1226179.html"
  },
  {
    "id": "1226178",
    "title": "MILNER Kaasplakken 30+ jong belegen 150 g",
    "category": "Zuivel, eieren",
    "price": null,
    "promoPrice": null,
    "price_per_unit": null,
    "unit": null,
    "image": "https://s7g10.scene7.com/is/image/aldinord/product_1226178_main_cms_1_nl_nl_kaasplakken_30_jong_belegen_cw01_2024",
    "beschikbaar": true,
    "promoEnd": null,
    "link": "https://www.aldi.nl/kaasplakken-30-jong-belegen-1226178.html"
  },
  {
    "id": "1226177",
    "title": "DELICATE DANISH Blauwe kaas 200 g",
    "category": "Zuivel, eieren",
    "price": 1.99,
    "promoPrice": 1.99,
    "price_per_unit": 9.95,
    "unit": "KG",
    "image": "https://s7g10.scene7.com/is/image/aldinord/product_1226177_main_cms_5_nl_nl_blauwe_kaas_cw01_2024",
    "beschikbaar": true,
    "promoEnd": "2025-10-12",
    "link": "https://www.aldi.nl/blauwe-kaas-1226177.html"
  },
  {
    "id": "1226176",
    "title": "GOLDEN MILL Kaas 48+ 300 g",
    "category": "Zuivel, eieren",
    "price": 3.99,
    "promoPrice": null,
    "price_per_unit": 13.3,
    "unit": "KG",
    "image": "https://s7g10.scene7.com/is/image/aldinord/product_1226176_main_cms_2_nl_nl_kaas_48_cw01_2024",
    "beschikbaar": true,
    "promoEnd": null,
    "link": "https://www.aldi.nl/kaas-48-1226176.html"
  },
  {
    "id": "1226175",
    "title": "MOLENLAND Goudse kaas 48+ plakken extra belegen 200 g",
    "category": "Zuivel, eieren",
    "price": 3.39,
    "promoPrice": null,
    "price_per_unit": 16.95,
    "unit": "KG",
    "image": "https://s7g10.scene7.com/is/image/aldinord/product_1226175_main_cms_2_nl_nl_goudse_kaas_48_plakken_extra_belegen_cw01_2024",
    "beschikbaar": true,
    "promoEnd": null,
    "link": "https://www.aldi.nl/goudse-kaas-48-plakken-extra-belegen-1226175.html"
  },
  {
    "id": "1226174",
    "title": "MOLENLAND Gouda 48+ belegen 200 g",
    "category": "Zuivel, eieren",
    "price": 3.29,
    "promoPrice": null,
    "price_per_unit": 16.45,
    "unit": "KG",
    "image": "https://s7g10.scene7.com/is/image/aldinord/product_1226174_main_cms_1_nl_nl_gouda_48_belegen_cw01_2024",
    "beschikbaar": true,
    "promoEnd": null,
    "link": "https://www.aldi.nl/gouda-48-belegen-1226174.html"
  },
  {
    "id": "1226173",
    "title": "MOLENLAND Goudse kaas 48+ plakken jong belegen 200 g",
    "category": "Zuivel, eieren",
    "price": 3.19,
    "promoPrice": null,
    "price_per_unit": 15.95,
    "unit": "KG",
    "image": "https://s7g10.scene7.com/is/image/aldinord/product_1226173_main_cms_3_nl_nl_goudse_kaas_48_plakken_jong_belegen_cw01_2024",
    "beschikbaar": true,
    "promoEnd": null,
    "link": "https://www.aldi.nl/goudse-kaas-48-plakken-jong-belegen-1226173.html"
  },
  {
    "id": "1226172",
    "title": "MOLENLAND Goudse kaas 48+ plakken oud 200 g",
    "category": "Zuivel, eieren",
    "price": 3.49,
    "promoPrice": null,
    "price_per_unit": 17.45,
    "unit": "KG",
    "image": "https://s7g10.scene7.com/is/image/aldinord/product_1226172_main_cms_2_nl_nl_goudse_kaas_48_plakken_oud_cw01_2024",
    "beschikbaar": true,
    "promoEnd": null,
    "link": "https://www.aldi.nl/goudse-kaas-48-plakken-oud-1226172.html"
  },
  {
    "id": "1226171",
    "title": "MOLENLAND Goudse kaas 48 + plakken jong vers gesneden 200 g",
    "category": "Zuivel, eieren",
    "price": 2.99,
    "promoPrice": null,
    "price_per_unit": 14.95,
    "unit": "KG",
    "image": "https://s7g10.scene7.com/is/image/aldinord/product_1226171_main_cms_3_nl_nl_goudse_kaas_48_plakken_jong_vers_gesnede_cw01_2024",
    "beschikbaar": true,
    "promoEnd": null,
    "link": "https://www.aldi.nl/goudse-kaas-48-plakken-jong-vers-gesneden-1226171.html"
  },
  {
    "id": "1226170",
    "title": "MILSANI Smeerkaas 20+ naturel 200 g",
    "category": "Zuivel, eieren",
    "price": 1.39,
    "promoPrice": null,
    "price_per_unit": 6.95,
    "unit": "KG",
    "image": "https://s7g10.scene7.com/is/image/aldinord/product_1226170_main_cms_2_nl_nl_smeerkaas_20_naturel_cw01_2024",
    "beschikbaar": true,
    "promoEnd": null,
    "link": "https://www.aldi.nl/smeerkaas-20-naturel-1226170.html"
  },
  {
    "id": "1226169",
    "title": "MOLENLAND Goudse kaas 48+ jong Inhoud: ca. 7 plakken",
    "category": "Zuivel, eieren",
    "price": 2.39,
    "promoPrice": null,
    "price_per_unit": 12.58,
    "unit": "KG",
    "image": "https://s7g10.scene7.com/is/image/aldinord/product_1226169_main_cms_3_nl_nl_goudse_kaas_48_jong_cw01_2024",
    "beschikbaar": true,
    "promoEnd": null,
    "link": "https://www.aldi.nl/goudse-kaas-48-jong-1226169.html"
  },
  {
    "id": "1226167",
    "title": "CUCINA Parmigiano Reggiano 200 g",
    "category": "Zuivel, eieren",
    "price": 4.69,
    "promoPrice": null,
    "price_per_unit": 23.45,
    "unit": "KG",
    "image": "https://s7g10.scene7.com/is/image/aldinord/product_1226167_main_cms_1_nl_nl_parmigiano_reggiano_cw01_2024",
    "beschikbaar": true,
    "promoEnd": null,
    "link": "https://www.aldi.nl/parmigiano-reggiano-1226167.html"
  },
  {
    "id": "1226165",
    "title": "VALBLANC Verse roomkaas met knoflook & kruiden 150 g",
    "category": "Zuivel, eieren",
    "price": 1.19,
    "promoPrice": null,
    "price_per_unit": 7.93,
    "unit": "KG",
    "image": "https://s7g10.scene7.com/is/image/aldinord/product_1226165_main_cms_2_nl_nl_verse_roomkaas_met_knoflook_kruiden_cw01_2024",
    "beschikbaar": true,
    "promoEnd": null,
    "link": "https://www.aldi.nl/verse-roomkaas-met-knoflook-kruiden-1226165.html"
  },
  {
    "id": "1226162",
    "title": "MILSANI Smeerkaas 48+ naturel 200 g",
    "category": "Zuivel, eieren",
    "price": 1.39,
    "promoPrice": null,
    "price_per_unit": 6.95,
    "unit": "KG",
    "image": "https://s7g10.scene7.com/is/image/aldinord/product_1226162_main_cms_2_nl_nl_smeerkaas_48_naturel_cw01_2024",
    "beschikbaar": true,
    "promoEnd": null,
    "link": "https://www.aldi.nl/smeerkaas-48-naturel-1226162.html"
  },
  {
    "id": "1226159",
    "title": "SOLO 2-laags premium keukenpapier 4 rollen",
    "category": "Huishouden",
    "price": 2.99,
    "promoPrice": null,
    "price_per_unit": null,
    "unit": null,
    "image": "https://s7g10.scene7.com/is/image/aldinord/product_1226159_main_cms_1_nl_nl_2_laags_premium_keukenpapier_cw01_2024",
    "beschikbaar": true,
    "promoEnd": null,
    "link": "https://www.aldi.nl/2-laags-premium-keukenpapier-1226159.html"
  },
  {
    "id": "1226151",
    "title": "DESTRIER Camembert Destrier 250 g",
    "category": "Zuivel, eieren",
    "price": 1.99,
    "promoPrice": null,
    "price_per_unit": 7.96,
    "unit": "KG",
    "image": "https://s7g10.scene7.com/is/image/aldinord/product_1226151_main_cms_1_nl_nl_camembert_destrier_cw01_2024",
    "beschikbaar": true,
    "promoEnd": null,
    "link": "https://www.aldi.nl/camembert-destrier-1226151.html"
  },
  {
    "id": "1226142",
    "title": "MILNER Kaasplakken 30+ jong 150 g",
    "category": "Zuivel, eieren",
    "price": null,
    "promoPrice": null,
    "price_per_unit": null,
    "unit": null,
    "image": "https://s7g10.scene7.com/is/image/aldinord/product_1226142_main_cms_1_nl_nl_kaasplakken_30_jong_cw01_2024",
    "beschikbaar": true,
    "promoEnd": null,
    "link": "https://www.aldi.nl/kaasplakken-30-jong-1226142.html"
  },
  {
    "id": "1226140",
    "title": "MOLENLAND Goudse geraspte kaas 48+ jong belegen 250 g",
    "category": "Zuivel, eieren",
    "price": 2.99,
    "promoPrice": null,
    "price_per_unit": 11.96,
    "unit": "KG",
    "image": "https://s7g10.scene7.com/is/image/aldinord/product_1226140_main_cms_1_nl_nl_goudse_geraspte_kaas_48_jong_belegen_cw01_2024",
    "beschikbaar": true,
    "promoEnd": null,
    "link": "https://www.aldi.nl/goudse-geraspte-kaas-48-jong-belegen-1226140.html"
  },
  {
    "id": "1226139",
    "title": "MOLENLAND Goudse kaas 48+ oud Inhoud: 6 plakken, 200 g",
    "category": "Zuivel, eieren",
    "price": 2.95,
    "promoPrice": null,
    "price_per_unit": 14.75,
    "unit": "KG",
    "image": "https://s7g10.scene7.com/is/image/aldinord/product_1226139_main_cms_1_nl_nl_goudse_kaas_48_oud_cw01_2024",
    "beschikbaar": true,
    "promoEnd": null,
    "link": "https://www.aldi.nl/goudse-kaas-48-oud-1226139.html"
  },
  {
    "id": "1226138",
    "title": "MOLENLAND Goudse geraspte kaas 30+ jong belegen 200 g",
    "category": "Zuivel, eieren",
    "price": 2.39,
    "promoPrice": null,
    "price_per_unit": 11.95,
    "unit": "KG",
    "image": "https://s7g10.scene7.com/is/image/aldinord/product_1226138_main_cms_2_nl_nl_goudse_geraspte_kaas_30_jong_belegen_cw01_2024",
    "beschikbaar": true,
    "promoEnd": null,
    "link": "https://www.aldi.nl/goudse-geraspte-kaas-30-jong-belegen-1226138.html"
  },
  {
    "id": "1226136",
    "title": "CUCINA NOBILE Mascarpone 250 g",
    "category": "Zuivel, eieren",
    "price": 1.99,
    "promoPrice": null,
    "price_per_unit": 7.96,
    "unit": "KG",
    "image": "https://s7g10.scene7.com/is/image/aldinord/product_1226136_main_cms_2_nl_nl_mascarpone_cw01_2024",
    "beschikbaar": true,
    "promoEnd": null,
    "link": "https://www.aldi.nl/mascarpone-1226136.html"
  },
  {
    "id": "1226128",
    "title": "MOLENLAND Edammer kaas 40+ Ca. 1.7 kg",
    "category": "Zuivel, eieren",
    "price": 15.99,
    "promoPrice": null,
    "price_per_unit": 9.41,
    "unit": "KG",
    "image": "https://s7g10.scene7.com/is/image/aldinord/product_1226128_main_cms_1_nl_nl_edammer_kaas_40_cw01_2024",
    "beschikbaar": true,
    "promoEnd": null,
    "link": "https://www.aldi.nl/edammer-kaas-40-1226128.html"
  },
  {
    "id": "1226124",
    "title": "HOME CREATION Geurkaars in glas Per stuk",
    "category": "Speciaal assortiment",
    "price": 1.99,
    "promoPrice": 1.99,
    "price_per_unit": null,
    "unit": null,
    "image": "https://s7g10.scene7.com/is/image/aldinord/product_1226124_main_cms_15_nl_nl_geurkaars_in_glas_cw01_2024",
    "beschikbaar": true,
    "promoEnd": "2025-10-24",
    "link": "https://www.aldi.nl/geurkaars-in-glas-1226124.html"
  },
  {
    "id": "1226121",
    "title": "MOLENLAND Goudse kaas 48+ plakken jong Inhoud: ca. 15 plakken, 400 g",
    "category": "Zuivel, eieren",
    "price": 3.59,
    "promoPrice": null,
    "price_per_unit": 8.98,
    "unit": "KG",
    "image": "https://s7g10.scene7.com/is/image/aldinord/product_1226121_main_cms_4_nl_nl_goudse_kaas_48_plakken_jong_cw01_2024",
    "beschikbaar": true,
    "promoEnd": null,
    "link": "https://www.aldi.nl/goudse-kaas-48-plakken-jong-1226121.html"
  },
  {
    "id": "1226114",
    "title": "MOLENLAND Goudse kaas 48+ plakken jong belegen Inhoud: ca. 15 plakken, 400 g",
    "category": "Zuivel, eieren",
    "price": 3.79,
    "promoPrice": 3.19,
    "price_per_unit": 9.48,
    "unit": "KG",
    "image": "https://s7g10.scene7.com/is/image/aldinord/product_1226114_main_cms_4_nl_nl_goudse_kaas_48_plakken_jong_belegen_cw01_2024",
    "beschikbaar": true,
    "promoEnd": "2025-10-19",
    "link": "https://www.aldi.nl/goudse-kaas-48-plakken-jong-belegen-1226114.html"
  },
  {
    "id": "1226110",
    "title": "DAYLICIOUS Aardappelpartjes gekruid 450 g",
    "category": "Groente, aardappelen",
    "price": 1.29,
    "promoPrice": null,
    "price_per_unit": 2.87,
    "unit": "KG",
    "image": "https://s7g10.scene7.com/is/image/aldinord/product_1226110_main_cms_2_nl_nl_aardappelpartjes_gekruid_cw01_2024",
    "beschikbaar": true,
    "promoEnd": null,
    "link": "https://www.aldi.nl/aardappelpartjes-gekruid-1226110.html"
  },
  {
    "id": "1226094",
    "title": "MOLENLAND Goudse kaas 48+ extra belegen 800 g",
    "category": "Zuivel, eieren",
    "price": 7.99,
    "promoPrice": null,
    "price_per_unit": null,
    "unit": null,
    "image": "https://s7g10.scene7.com/is/image/aldinord/product_1226094_main_cms_2_nl_nl_goudse_kaas_48_extra_belegen_cw01_2024",
    "beschikbaar": true,
    "promoEnd": null,
    "link": "https://www.aldi.nl/goudse-kaas-48-extra-belegen-1226094.html"
  },
  {
    "id": "1225968",
    "title": "MILSANI Magere kwark 500 g",
    "category": "Zuivel, eieren",
    "price": 1.48,
    "promoPrice": null,
    "price_per_unit": 2.96,
    "unit": "KG",
    "image": "https://s7g10.scene7.com/is/image/aldinord/product_1225968_main_cms_10_nl_nl_magere_kwark_cw01_2024",
    "beschikbaar": true,
    "promoEnd": null,
    "link": "https://www.aldi.nl/magere-kwark-1225968.html"
  },
  {
    "id": "1225942",
    "title": "TRADER JOE'S Tortilla wraps naturel Inhoud: 6 stuks, 370 g",
    "category": "Maaltijden, salades",
    "price": 0.94,
    "promoPrice": null,
    "price_per_unit": 2.54,
    "unit": "KG",
    "image": "https://s7g10.scene7.com/is/image/aldinord/product_1225942_main_cms_1_nl_nl_tortilla_wraps_naturel_cw01_2024",
    "beschikbaar": true,
    "promoEnd": null,
    "link": "https://www.aldi.nl/tortilla-wraps-naturel-1225942.html"
  },
  {
    "id": "1225941",
    "title": "TRADER JOE'S Tortilla wraps naturel Inhoud: 8 stuks, 320 g",
    "category": "Maaltijden, salades",
    "price": 0.95,
    "promoPrice": null,
    "price_per_unit": 2.97,
    "unit": "KG",
    "image": "https://s7g10.scene7.com/is/image/aldinord/product_1225941_main_cms_1_nl_nl_tortilla_wraps_naturel_cw01_2024",
    "beschikbaar": true,
    "promoEnd": null,
    "link": "https://www.aldi.nl/tortilla-wraps-naturel-1225941.html"
  },
  {
    "id": "1225928",
    "title": "GOLDEN BRIDGE Zaden & pitten 120 g",
    "category": "Snoep, koek, chips",
    "price": 2.39,
    "promoPrice": null,
    "price_per_unit": 19.92,
    "unit": "KG",
    "image": "https://s7g10.scene7.com/is/image/aldinord/product_1225928_main_cms_1_nl_nl_zaden_pitten_cw01_2024",
    "beschikbaar": true,
    "promoEnd": null,
    "link": "https://www.aldi.nl/zaden-pitten-1225928.html"
  },
  {
    "id": "1225925",
    "title": "TRADER JOE'S Melkchocolade pinda's 200 g",
    "category": "Snoep, koek, chips",
    "price": 1.79,
    "promoPrice": null,
    "price_per_unit": 8.95,
    "unit": "KG",
    "image": "https://s7g10.scene7.com/is/image/aldinord/variant_1225925_1_main_cms_1_nl_nl_melkchocolade_pinda_s_cw01_2024",
    "beschikbaar": true,
    "promoEnd": null,
    "link": "https://www.aldi.nl/melkchocolade-pindas-1225925.html"
  },
  {
    "id": "1225913",
    "title": "BLUE BAND Halvarine 500 g",
    "category": "Zuivel, eieren",
    "price": null,
    "promoPrice": null,
    "price_per_unit": null,
    "unit": null,
    "image": "https://s7g10.scene7.com/is/image/aldinord/product_1225913_main_cms_2_nl_nl_halvarine_cw01_2024",
    "beschikbaar": true,
    "promoEnd": null,
    "link": "https://www.aldi.nl/halvarine-1225913.html"
  },
  {
    "id": "1225910",
    "title": "MAMA MANCINI Groenten- of zalmlasagne 400 g",
    "category": "Maaltijden, salades",
    "price": 2.99,
    "promoPrice": null,
    "price_per_unit": 7.48,
    "unit": "KG",
    "image": "https://s7g10.scene7.com/is/image/aldinord/product_1225910_main_cms_3_nl_nl_groenten_of_zalmlasagne_cw01_2024",
    "beschikbaar": true,
    "promoEnd": null,
    "link": "https://www.aldi.nl/groenten-of-zalmlasagne-1225910.html"
  },
  {
    "id": "1225909",
    "title": "FORTUNE EXPRESS Satésaus kant & klaar 500 g.",
    "category": "Maaltijden, salades",
    "price": 1.72,
    "promoPrice": null,
    "price_per_unit": 3.44,
    "unit": "KG",
    "image": "https://s7g10.scene7.com/is/image/aldinord/product_1225909_main_cms_7_nl_nl_satesaus_kant_klaar_cw01_2024",
    "beschikbaar": true,
    "promoEnd": null,
    "link": "https://www.aldi.nl/satsaus-kant-klaar-1225909.html"
  },
  {
    "id": "1225905",
    "title": "BELLASAN Olijfolie extra vierge 1 l",
    "category": "Maaltijden, salades",
    "price": 9.55,
    "promoPrice": null,
    "price_per_unit": 9.55,
    "unit": "L",
    "image": "https://s7g10.scene7.com/is/image/aldinord/variant_1225905_1_main_cms_2_nl_nl_olijfolie_extra_vierge_cw01_2024",
    "beschikbaar": true,
    "promoEnd": null,
    "link": "https://www.aldi.nl/olijfolie-extra-vierge-1225905.html"
  },
  {
    "id": "1225872",
    "title": "Koriander 20 g",
    "category": "Maaltijden, salades",
    "price": 0.69,
    "promoPrice": null,
    "price_per_unit": 34.5,
    "unit": "KG",
    "image": "https://s7g10.scene7.com/is/image/aldinord/product_1225872_main_cms_5_nl_nl_koriander_cw01_2024",
    "beschikbaar": true,
    "promoEnd": null,
    "link": "https://www.aldi.nl/koriander-1225872.html"
  },
  {
    "id": "1225860",
    "title": "MILSANI Vruchtenkwark 6x100 g",
    "category": "Zuivel, eieren",
    "price": 2.25,
    "promoPrice": null,
    "price_per_unit": 22.5,
    "unit": "KG",
    "image": "https://s7g10.scene7.com/is/image/aldinord/product_1225860_main_cms_3_nl_nl_vruchtenkwark_cw01_2024",
    "beschikbaar": true,
    "promoEnd": null,
    "link": "https://www.aldi.nl/vruchtenkwark-1225860.html"
  },
  {
    "id": "1225859",
    "title": "RIO D'ORO koel het beste sinaas mango sap 1l 1 l",
    "category": "Groente, aardappelen",
    "price": 2.09,
    "promoPrice": null,
    "price_per_unit": 2.09,
    "unit": "L",
    "image": "https://s7g10.scene7.com/is/image/aldinord/product_1225859_main_cms_2_nl_nl_koel_het_beste_sinaas_mango_sap_1l_cw01_2024",
    "beschikbaar": true,
    "promoEnd": null,
    "link": "https://www.aldi.nl/koel-het-beste-sinaas-mango-sap-1l-1225859.html"
  },
  {
    "id": "1225858",
    "title": "RIO D'ORO Koel het beste 1 l",
    "category": "Groente, aardappelen",
    "price": 1.99,
    "promoPrice": null,
    "price_per_unit": 1.99,
    "unit": "L",
    "image": "https://s7g10.scene7.com/is/image/aldinord/product_1225858_main_cms_2_nl_nl_koel_het_beste_cw01_2024",
    "beschikbaar": true,
    "promoEnd": null,
    "link": "https://www.aldi.nl/koel-het-beste-1225858.html"
  },
  {
    "id": "1225836",
    "title": "BROUWMEESTER 6-pack bier 6x33 cl",
    "category": "Bier, wijn, sterke drank",
    "price": 2.65,
    "promoPrice": null,
    "price_per_unit": 6.02,
    "unit": "L",
    "image": "https://s7g10.scene7.com/is/image/aldinord/product_1225836_main_cms_7_nl_nl_6_pack_bier_cw01_2024",
    "beschikbaar": true,
    "promoEnd": null,
    "link": "https://www.aldi.nl/6-pack-bier-1225836.html"
  },
  {
    "id": "1225827",
    "title": "MAMA MANCINI Pizza baguette salami of bolognese Inhoud: 6 stuks, 750 g",
    "category": "Snoep, koek, chips",
    "price": null,
    "promoPrice": null,
    "price_per_unit": null,
    "unit": null,
    "image": "https://s7g10.scene7.com/is/image/aldinord/product_1225827_main_cms_1_nl_nl_pizza_baguette_salami_of_bolognese_cw01_2024",
    "beschikbaar": true,
    "promoEnd": null,
    "link": "https://www.aldi.nl/pizza-baguette-salami-of-bolognese-1225827.html"
  },
  {
    "id": "1225823",
    "title": "Börek spinazie-feta Per stuk",
    "category": "Snoep, koek, chips",
    "price": 0.99,
    "promoPrice": null,
    "price_per_unit": null,
    "unit": null,
    "image": "https://s7g10.scene7.com/is/image/aldinord/product_1225823_main_cms_4_nl_nl_borek_spinazie_feta_cw01_2024",
    "beschikbaar": true,
    "promoEnd": null,
    "link": "https://www.aldi.nl/brek-spinazie-feta-1225823.html"
  },
  {
    "id": "1225822",
    "title": "HEERLIJCK BANKET Roomboter vulkoeken Inhoud: 6 stuks, 420 g",
    "category": "Snoep, koek, chips",
    "price": 2.19,
    "promoPrice": null,
    "price_per_unit": 5.21,
    "unit": "KG",
    "image": "https://s7g10.scene7.com/is/image/aldinord/product_1225822_main_cms_1_nl_nl_roomboter_vulkoeken_cw01_2024",
    "beschikbaar": true,
    "promoEnd": null,
    "link": "https://www.aldi.nl/roomboter-vulkoeken-1225822.html"
  },
  {
    "id": "1225817",
    "title": "DAYLICIOUS Huzarensalade 750 g",
    "category": "Speciaal assortiment",
    "price": null,
    "promoPrice": null,
    "price_per_unit": null,
    "unit": null,
    "image": "https://s7g10.scene7.com/is/image/aldinord/product_1225817_main_cms_2_nl_nl_huzarensalade_cw01_2024",
    "beschikbaar": true,
    "promoEnd": null,
    "link": "https://www.aldi.nl/huzarensalade-1225817.html"
  },
  {
    "id": "1225805",
    "title": "LAY'S Max chips paprika 185 g",
    "category": "Snoep, koek, chips",
    "price": null,
    "promoPrice": null,
    "price_per_unit": null,
    "unit": null,
    "image": "https://s7g10.scene7.com/is/image/aldinord/product_1225805_main_cms_1_nl_nl_max_chips_paprika_cw01_2024",
    "beschikbaar": true,
    "promoEnd": null,
    "link": "https://www.aldi.nl/max-chips-paprika-1225805.html"
  },
  {
    "id": "1225804",
    "title": "LAY'S Max chips naturel 185 g",
    "category": "Snoep, koek, chips",
    "price": null,
    "promoPrice": null,
    "price_per_unit": null,
    "unit": null,
    "image": "https://s7g10.scene7.com/is/image/aldinord/product_1225804_main_cms_1_nl_nl_max_chips_naturel_cw01_2024",
    "beschikbaar": true,
    "promoEnd": null,
    "link": "https://www.aldi.nl/max-chips-naturel-1225804.html"
  },
  {
    "id": "1225791",
    "title": "ROMEO Hondensnacks 5-20 stuks",
    "category": "Huisdieren",
    "price": 0.89,
    "promoPrice": null,
    "price_per_unit": 4.45,
    "unit": "KG",
    "image": "https://s7g10.scene7.com/is/image/aldinord/product_1225791_main_cms_11_nl_nl_hondensnacks_cw01_2024",
    "beschikbaar": true,
    "promoEnd": null,
    "link": "https://www.aldi.nl/hondensnacks-1225791.html"
  },
  {
    "id": "1225776",
    "title": "CHOCEUR Super knicks mini Inhoud: 15 stuks, 225 g",
    "category": "Snoep, koek, chips",
    "price": 1.99,
    "promoPrice": null,
    "price_per_unit": 8.84,
    "unit": "KG",
    "image": "https://s7g10.scene7.com/is/image/aldinord/variant_1225776_1_main_cms_1_nl_nl_super_knicks_mini_cw01_2024",
    "beschikbaar": true,
    "promoEnd": null,
    "link": "https://www.aldi.nl/super-knicks-mini-1225776.html"
  },
  {
    "id": "1225758",
    "title": "LYTTOS Griekse stijl yoghurt 10% vet 1 kg",
    "category": "Zuivel, eieren",
    "price": 2.29,
    "promoPrice": null,
    "price_per_unit": 2.29,
    "unit": "KG",
    "image": "https://s7g10.scene7.com/is/image/aldinord/variant_1225758_1_main_cms_2_nl_nl_griekse_stijl_yoghurt_10_vet_cw01_2024",
    "beschikbaar": true,
    "promoEnd": null,
    "link": "https://www.aldi.nl/griekse-stijl-yoghurt-10-vet-1225758.html"
  },
  {
    "id": "1225757",
    "title": "LYTTOS Griekse stijl yoghurt 2% vet 1 kg",
    "category": "Zuivel, eieren",
    "price": 2.19,
    "promoPrice": null,
    "price_per_unit": 2.19,
    "unit": "KG",
    "image": "https://s7g10.scene7.com/is/image/aldinord/product_1225757_main_cms_5_nl_nl_griekse_stijl_yoghurt_2_vet_cw01_2024",
    "beschikbaar": true,
    "promoEnd": null,
    "link": "https://www.aldi.nl/griekse-stijl-yoghurt-2-vet-1225757.html"
  },
  {
    "id": "1225756",
    "title": "MILSANI 8-pack optifit active drink 8x100 g",
    "category": "Zuivel, eieren",
    "price": 1.99,
    "promoPrice": null,
    "price_per_unit": 19.9,
    "unit": "KG",
    "image": "https://s7g10.scene7.com/is/image/aldinord/product_1225756_main_cms_7_nl_nl_8_pack_optifit_active_drink_cw01_2024",
    "beschikbaar": true,
    "promoEnd": null,
    "link": "https://www.aldi.nl/8-pack-optifit-active-drink-1225756.html"
  },
  {
    "id": "1225750",
    "title": "OLA 6-pack Cornetto classico 6x90 ml",
    "category": "Speciaal assortiment",
    "price": 4.15,
    "promoPrice": null,
    "price_per_unit": 7.69,
    "unit": "L",
    "image": "https://s7g10.scene7.com/is/image/aldinord/variant_1225750_2_main_cms_1_nl_nl_6_pack_cornetto_classico_cw01_2024",
    "beschikbaar": true,
    "promoEnd": null,
    "link": "https://www.aldi.nl/6-pack-cornetto-classico-1225750.html"
  },
  {
    "id": "1225746",
    "title": "SUN SNACKS Paprika- of naturelchips 50 g",
    "category": "Snoep, koek, chips",
    "price": 0.49,
    "promoPrice": null,
    "price_per_unit": null,
    "unit": null,
    "image": "https://s7g10.scene7.com/is/image/aldinord/product_1225746_main_cms_1_nl_nl_paprika_of_naturelchips_cw01_2024",
    "beschikbaar": true,
    "promoEnd": null,
    "link": "https://www.aldi.nl/paprika-of-naturelchips-1225746.html"
  },
  {
    "id": "1225739",
    "title": "MILSANI Magere drinkyoghurt aardbei-kers 1 l",
    "category": "Zuivel, eieren",
    "price": 0.99,
    "promoPrice": 0.99,
    "price_per_unit": 0.99,
    "unit": "L",
    "image": "https://s7g10.scene7.com/is/image/aldinord/product_1225739_main_cms_3_nl_nl_magere_drinkyoghurt_aardbei_kers_cw01_2024",
    "beschikbaar": true,
    "promoEnd": "2025-10-12",
    "link": "https://www.aldi.nl/magere-drinkyoghurt-aardbei-kers-1225739.html"
  },
  {
    "id": "1225738",
    "title": "MILSANI Magere drinkyoghurt framboos 1 l",
    "category": "Zuivel, eieren",
    "price": 0.99,
    "promoPrice": 0.99,
    "price_per_unit": 0.99,
    "unit": "L",
    "image": "https://s7g10.scene7.com/is/image/aldinord/product_1225738_main_cms_3_nl_nl_magere_drinkyoghurt_framboos_cw01_2024",
    "beschikbaar": true,
    "promoEnd": "2025-10-12",
    "link": "https://www.aldi.nl/magere-drinkyoghurt-framboos-1225738.html"
  },
  {
    "id": "1225737",
    "title": "MILSANI Magere drinkyoghurt mango-passie 1 l",
    "category": "Zuivel, eieren",
    "price": 0.99,
    "promoPrice": 0.99,
    "price_per_unit": 0.99,
    "unit": "L",
    "image": "https://s7g10.scene7.com/is/image/aldinord/product_1225737_main_cms_4_nl_nl_magere_drinkyoghurt_mango_passie_cw01_2024",
    "beschikbaar": true,
    "promoEnd": "2025-10-12",
    "link": "https://www.aldi.nl/magere-drinkyoghurt-mango-passie-1225737.html"
  },
  {
    "id": "1225733",
    "title": "ASIA GREEN GARDEN Sambal oelek 560 g",
    "category": "Maaltijden, salades",
    "price": 1.69,
    "promoPrice": null,
    "price_per_unit": 3.02,
    "unit": "KG",
    "image": "https://s7g10.scene7.com/is/image/aldinord/product_1225733_main_cms_2_nl_nl_sambal_oelek_cw01_2024",
    "beschikbaar": true,
    "promoEnd": null,
    "link": "https://www.aldi.nl/sambal-oelek-1225733.html"
  },
  {
    "id": "1225728",
    "title": "ASIA GREEN GARDEN Woksaus 200 ml",
    "category": "Maaltijden, salades",
    "price": 1.25,
    "promoPrice": null,
    "price_per_unit": 6.25,
    "unit": "L",
    "image": "https://s7g10.scene7.com/is/image/aldinord/product_1225728_main_cms_4_nl_nl_woksaus_cw01_2024",
    "beschikbaar": true,
    "promoEnd": null,
    "link": "https://www.aldi.nl/woksaus-1225728.html"
  },
  {
    "id": "1225723",
    "title": "HOFSTEE DE DRIE EIKEN Kalfs-, kippen- of champignonragout 400 g",
    "category": "Vlees, vis, vega",
    "price": 1.55,
    "promoPrice": null,
    "price_per_unit": 3.88,
    "unit": "KG",
    "image": "https://s7g10.scene7.com/is/image/aldinord/product_1225723_main_cms_6_nl_nl_kalfs_kippen_of_champignonragout_cw01_2024",
    "beschikbaar": true,
    "promoEnd": null,
    "link": "https://www.aldi.nl/kalfs-kippen-of-champignonragout-1225723.html"
  },
  {
    "id": "1225722",
    "title": "TROPHY SMAAKMAKERS Tafelsaus 250 ml",
    "category": "Maaltijden, salades",
    "price": 0.99,
    "promoPrice": null,
    "price_per_unit": 3.96,
    "unit": "L",
    "image": "https://s7g10.scene7.com/is/image/aldinord/product_1225722_main_cms_11_nl_nl_tafelsaus_cw01_2024",
    "beschikbaar": true,
    "promoEnd": null,
    "link": "https://www.aldi.nl/tafelsaus-1225722.html"
  },
  {
    "id": "1225721",
    "title": "ORIENTAL DELIGHT Aziatische maaltijd 500 g",
    "category": "Maaltijden, salades",
    "price": 3.79,
    "promoPrice": null,
    "price_per_unit": 7.58,
    "unit": "KG",
    "image": "https://s7g10.scene7.com/is/image/aldinord/product_1225721_main_cms_5_nl_nl_aziatische_maaltijd_cw01_2024",
    "beschikbaar": true,
    "promoEnd": null,
    "link": "https://www.aldi.nl/aziatische-maaltijd-1225721.html"
  },
  {
    "id": "1225717",
    "title": "HONIG Basis voor soep 53-87 g",
    "category": "Maaltijden, salades",
    "price": null,
    "promoPrice": null,
    "price_per_unit": null,
    "unit": null,
    "image": "https://s7g10.scene7.com/is/image/aldinord/product_1225717_main_cms_7_nl_nl_basis_voor_soep_cw01_2024",
    "beschikbaar": true,
    "promoEnd": null,
    "link": "https://www.aldi.nl/basis-voor-soep-1225717.html"
  },
  {
    "id": "1225704",
    "title": "GOLDEN POWER Energydrink watermeloen* 25 cl",
    "category": "Frisdrank, sappen",
    "price": 0.79,
    "promoPrice": null,
    "price_per_unit": null,
    "unit": null,
    "image": "https://s7g10.scene7.com/is/image/aldinord/product_1225704_main_cms_1_nl_nl_energydrink_watermeloen_cw01_2024",
    "beschikbaar": true,
    "promoEnd": null,
    "link": "https://www.aldi.nl/energydrink-watermeloen-1225704.html"
  },
  {
    "id": "1225703",
    "title": "GOLDEN POWER Energydrink mango* 25 cl",
    "category": "Frisdrank, sappen",
    "price": 0.79,
    "promoPrice": null,
    "price_per_unit": null,
    "unit": null,
    "image": "https://s7g10.scene7.com/is/image/aldinord/product_1225703_main_cms_1_nl_nl_energydrink_mango_cw01_2024",
    "beschikbaar": true,
    "promoEnd": null,
    "link": "https://www.aldi.nl/energydrink-mango-1225703.html"
  },
  {
    "id": "1225702",
    "title": "GOLDEN POWER Energydrink regular 25 cl",
    "category": "Frisdrank, sappen",
    "price": 0.79,
    "promoPrice": null,
    "price_per_unit": null,
    "unit": null,
    "image": "https://s7g10.scene7.com/is/image/aldinord/product_1225702_main_cms_1_nl_nl_energydrink_regular_cw01_2024",
    "beschikbaar": true,
    "promoEnd": null,
    "link": "https://www.aldi.nl/energydrink-regular-1225702.html"
  },
  {
    "id": "1225694",
    "title": "GOURMET Mini-biefstuk bistro 5-pack",
    "category": "Vlees, vis, vega",
    "price": 0.99,
    "promoPrice": null,
    "price_per_unit": 6.6,
    "unit": "KG",
    "image": "https://s7g10.scene7.com/is/image/aldinord/product_1225694_main_cms_2_nl_nl_mini_biefstuk_bistro_cw01_2024",
    "beschikbaar": true,
    "promoEnd": null,
    "link": "https://www.aldi.nl/mini-biefstuk-bistro-1225694.html"
  },
  {
    "id": "1225677",
    "title": "SCHULTENBRÄU Premium pilsener 0.5 l",
    "category": "Bier, wijn, sterke drank",
    "price": 0.75,
    "promoPrice": null,
    "price_per_unit": 1.5,
    "unit": "L",
    "image": "https://s7g10.scene7.com/is/image/aldinord/product_1225677_main_cms_4_nl_nl_premium_pilsener_cw01_2024",
    "beschikbaar": true,
    "promoEnd": null,
    "link": "https://www.aldi.nl/premium-pilsener-1225677.html"
  },
  {
    "id": "1225676",
    "title": "SCHULTENBRÄU Hefe weizen 50 cl",
    "category": "Bier, wijn, sterke drank",
    "price": 0.89,
    "promoPrice": null,
    "price_per_unit": 1.78,
    "unit": "L",
    "image": "https://s7g10.scene7.com/is/image/aldinord/product_1225676_main_cms_2_nl_nl_hefe_weizen_cw01_2024",
    "beschikbaar": true,
    "promoEnd": null,
    "link": "https://www.aldi.nl/hefe-weizen-1225676.html"
  },
  {
    "id": "1225674",
    "title": "SCHULTENBRÄU Strong 8% 0.5 l",
    "category": "Bier, wijn, sterke drank",
    "price": 1.19,
    "promoPrice": null,
    "price_per_unit": 2.38,
    "unit": "L",
    "image": "https://s7g10.scene7.com/is/image/aldinord/product_1225674_main_cms_3_nl_nl_strong_8_cw01_2024",
    "beschikbaar": true,
    "promoEnd": null,
    "link": "https://www.aldi.nl/strong-8-1225674.html"
  },
  {
    "id": "1225672",
    "title": "HOFSTEE DE DRIE EIKEN Knakworsten Inhoud: 10 stuks, 400 g",
    "category": "Vlees, vis, vega",
    "price": 1.89,
    "promoPrice": null,
    "price_per_unit": null,
    "unit": null,
    "image": "https://s7g10.scene7.com/is/image/aldinord/product_1225672_main_cms_3_nl_nl_knakworsten_cw01_2024",
    "beschikbaar": true,
    "promoEnd": null,
    "link": "https://www.aldi.nl/knakworsten-1225672.html"
  },
  {
    "id": "1225671",
    "title": "GOLDEN SEAFOOD Tonijnfilets in zonnebloemolie 185 g",
    "category": "Vlees, vis, vega",
    "price": 1.79,
    "promoPrice": null,
    "price_per_unit": 9.68,
    "unit": "KG",
    "image": "https://s7g10.scene7.com/is/image/aldinord/product_1225671_main_cms_2_nl_nl_tonijnfilets_in_zonnebloemolie_cw01_2024",
    "beschikbaar": true,
    "promoEnd": null,
    "link": "https://www.aldi.nl/tonijnfilets-in-zonnebloemolie-1225671.html"
  },
  {
    "id": "1225669",
    "title": "GOLDEN SEAFOOD Tonijnfilets in eigen vocht 195 g",
    "category": "Vlees, vis, vega",
    "price": 1.79,
    "promoPrice": null,
    "price_per_unit": 9.18,
    "unit": "KG",
    "image": "https://s7g10.scene7.com/is/image/aldinord/product_1225669_main_cms_1_nl_nl_tonijnfilets_in_eigen_vocht_cw01_2024",
    "beschikbaar": true,
    "promoEnd": null,
    "link": "https://www.aldi.nl/tonijnfilets-in-eigen-vocht-1225669.html"
  },
  {
    "id": "1225625",
    "title": "MILSANI Smeerbaar met roomboter 250 g",
    "category": "Zuivel, eieren",
    "price": 2.89,
    "promoPrice": null,
    "price_per_unit": 11.56,
    "unit": "KG",
    "image": "https://s7g10.scene7.com/is/image/aldinord/variant_1225625_1_main_cms_3_nl_nl_smeerbaar_met_roomboter_cw01_2024",
    "beschikbaar": true,
    "promoEnd": null,
    "link": "https://www.aldi.nl/smeerbaar-met-roomboter-1225625.html"
  },
  {
    "id": "1225612",
    "title": "STORMY Pastilles 75 g",
    "category": "Snoep, koek, chips",
    "price": 1.49,
    "promoPrice": null,
    "price_per_unit": 19.87,
    "unit": "KG",
    "image": "https://s7g10.scene7.com/is/image/aldinord/product_1225612_main_cms_5_nl_nl_pastilles_cw01_2024",
    "beschikbaar": true,
    "promoEnd": null,
    "link": "https://www.aldi.nl/pastilles-1225612.html"
  },
  {
    "id": "1225599",
    "title": "Mager half-om-half gehakt 1 kg",
    "category": "Vlees, vis, vega",
    "price": 8.45,
    "promoPrice": null,
    "price_per_unit": 8.45,
    "unit": "KG",
    "image": "https://s7g10.scene7.com/is/image/aldinord/product_1225599_main_cms_1_nl_nl_mager_half_om_half_gehakt_cw01_2024",
    "beschikbaar": true,
    "promoEnd": null,
    "link": "https://www.aldi.nl/mager-half-om-half-gehakt-1225599.html"
  },
  {
    "id": "1225598",
    "title": "GOLDEN SEAFOOD Gerookte makreelfilet naturel Ca. 250 g",
    "category": "Vlees, vis, vega",
    "price": 3.75,
    "promoPrice": null,
    "price_per_unit": null,
    "unit": null,
    "image": "https://s7g10.scene7.com/is/image/aldinord/product_1225598_main_cms_1_nl_nl_gerookte_makreelfilet_naturel_cw01_2024",
    "beschikbaar": true,
    "promoEnd": null,
    "link": "https://www.aldi.nl/gerookte-makreelfilet-naturel-1225598.html"
  },
  {
    "id": "1225597",
    "title": "GOLDEN SEAFOOD Gerookte makreelfilet peper Ca. 250 g",
    "category": "Vlees, vis, vega",
    "price": 3.75,
    "promoPrice": null,
    "price_per_unit": null,
    "unit": null,
    "image": "https://s7g10.scene7.com/is/image/aldinord/product_1225597_main_cms_1_nl_nl_gerookte_makreelfilet_peper_cw01_2024",
    "beschikbaar": true,
    "promoEnd": null,
    "link": "https://www.aldi.nl/gerookte-makreelfilet-peper-1225597.html"
  },
  {
    "id": "1225595",
    "title": "Gerookte scharrelkipfilet Ca. 150 g",
    "category": "Vlees, vis, vega",
    "price": 2.5,
    "promoPrice": null,
    "price_per_unit": 16.67,
    "unit": "KG",
    "image": "https://s7g10.scene7.com/is/image/aldinord/product_1225595_main_cms_1_nl_nl_gerookte_scharrelkipfilet_cw01_2024",
    "beschikbaar": true,
    "promoEnd": null,
    "link": "https://www.aldi.nl/gerookte-scharrelkipfilet-1225595.html"
  },
  {
    "id": "1225594",
    "title": "Spareribs western style Ca. 750 g",
    "category": "Vlees, vis, vega",
    "price": 9.49,
    "promoPrice": null,
    "price_per_unit": null,
    "unit": null,
    "image": "https://s7g10.scene7.com/is/image/aldinord/product_1225594_main_cms_1_nl_nl_spareribs_western_style_cw01_2024",
    "beschikbaar": true,
    "promoEnd": null,
    "link": "https://www.aldi.nl/spareribs-western-style-1225594.html"
  },
  {
    "id": "1225593",
    "title": "Spareribs American style Ca. 750 g",
    "category": "Vlees, vis, vega",
    "price": 9.49,
    "promoPrice": null,
    "price_per_unit": null,
    "unit": null,
    "image": "https://s7g10.scene7.com/is/image/aldinord/product_1225593_main_cms_2_nl_nl_spareribs_american_style_cw01_2024",
    "beschikbaar": true,
    "promoEnd": null,
    "link": "https://www.aldi.nl/spareribs-american-style-1225593.html"
  },
  {
    "id": "1225582",
    "title": "GOLDEN SEAFOOD Gerookte hele makreel Ca. 300 g",
    "category": "Vlees, vis, vega",
    "price": 2.79,
    "promoPrice": null,
    "price_per_unit": null,
    "unit": null,
    "image": "https://s7g10.scene7.com/is/image/aldinord/product_1225582_main_cms_1_nl_nl_gerookte_hele_makreel_cw01_2024",
    "beschikbaar": true,
    "promoEnd": null,
    "link": "https://www.aldi.nl/gerookte-hele-makreel-1225582.html"
  },
  {
    "id": "1225539",
    "title": "TESOROS DEL SUR Fuet 150 g",
    "category": "Vlees, vis, vega",
    "price": 1.99,
    "promoPrice": null,
    "price_per_unit": null,
    "unit": null,
    "image": "https://s7g10.scene7.com/is/image/aldinord/product_1225539_main_cms_2_nl_nl_fuet_cw01_2024",
    "beschikbaar": true,
    "promoEnd": null,
    "link": "https://www.aldi.nl/fuet-1225539.html"
  },
  {
    "id": "1225486",
    "title": "Börek sticky chicken Per stuk",
    "category": "Brood, ontbijtgranen",
    "price": 0.99,
    "promoPrice": null,
    "price_per_unit": null,
    "unit": null,
    "image": "https://s7g10.scene7.com/is/image/aldinord/product_1225486_main_cms_1_nl_nl_borek_sticky_chicken_cw01_2024",
    "beschikbaar": true,
    "promoEnd": null,
    "link": "https://www.aldi.nl/brek-sticky-chicken-1225486.html"
  },
  {
    "id": "1225478",
    "title": "ALL SEASONS Appelmoes 710 g",
    "category": "Groente, aardappelen",
    "price": 0.62,
    "promoPrice": null,
    "price_per_unit": 0.87,
    "unit": "KG",
    "image": "https://s7g10.scene7.com/is/image/aldinord/variant_1225478_1_main_cms_2_nl_nl_appelmoes_cw01_2024",
    "beschikbaar": true,
    "promoEnd": null,
    "link": "https://www.aldi.nl/appelmoes-1225478.html"
  },
  {
    "id": "1225443",
    "title": "MUCCI IJsbeker cookie dough 500 ml",
    "category": "Maaltijden, salades",
    "price": 2.99,
    "promoPrice": null,
    "price_per_unit": 5.98,
    "unit": "L",
    "image": "https://s7g10.scene7.com/is/image/aldinord/product_1225443_main_cms_2_nl_nl_ijsbeker_cookie_dough_cw01_2024",
    "beschikbaar": true,
    "promoEnd": null,
    "link": "https://www.aldi.nl/ijsbeker-cookie-dough-1225443.html"
  },
  {
    "id": "1225432",
    "title": "Chocoladeletter Melk 135 g",
    "category": "Speciaal assortiment",
    "price": 2.09,
    "promoPrice": null,
    "price_per_unit": 15.48,
    "unit": "KG",
    "image": "https://s7g10.scene7.com/is/image/aldinord/product_1225432_main_cms_2_nl_nl_chocoladeletter_melk_cw01_2024",
    "beschikbaar": true,
    "promoEnd": null,
    "link": "https://www.aldi.nl/chocoladeletter-melk-1225432.html"
  },
  {
    "id": "1225420",
    "title": "Chocoladeletter 135 g",
    "category": "Speciaal assortiment",
    "price": 2.09,
    "promoPrice": null,
    "price_per_unit": 15.48,
    "unit": "KG",
    "image": "https://s7g10.scene7.com/is/image/aldinord/product_1225420_main_cms_4_nl_nl_chocoladeletter_cw01_2024",
    "beschikbaar": true,
    "promoEnd": null,
    "link": "https://www.aldi.nl/chocoladeletter-1225420.html"
  },
  {
    "id": "1225414",
    "title": "TRADER JOE'S Cashewnoten 250 g",
    "category": "Snoep, koek, chips",
    "price": 2.29,
    "promoPrice": 2.29,
    "price_per_unit": 9.16,
    "unit": "KG",
    "image": "https://s7g10.scene7.com/is/image/aldinord/variant_1225414_1_main_cms_1_nl_nl_cashewnoten_cw01_2024",
    "beschikbaar": true,
    "promoEnd": "2025-10-12",
    "link": "https://www.aldi.nl/cashewnoten-1225414.html"
  },
  {
    "id": "1225413",
    "title": "MOLENLAND Goudse kaasplakken 48+ belegen Inhoud: ca. 8 plakken, 250 g",
    "category": "Zuivel, eieren",
    "price": 2.74,
    "promoPrice": null,
    "price_per_unit": 10.96,
    "unit": "KG",
    "image": "https://s7g10.scene7.com/is/image/aldinord/product_1225413_main_cms_1_nl_nl_goudse_kaasplakken_48_belegen_cw01_2024",
    "beschikbaar": true,
    "promoEnd": null,
    "link": "https://www.aldi.nl/goudse-kaasplakken-48-belegen-1225413.html"
  },
  {
    "id": "1225412",
    "title": "MOLENLAND Goudse kaas 48+ extra belegen Inhoud: ca. 8 plakken, 250 g",
    "category": "Zuivel, eieren",
    "price": 3.19,
    "promoPrice": null,
    "price_per_unit": 12.76,
    "unit": "KG",
    "image": "https://s7g10.scene7.com/is/image/aldinord/product_1225412_main_cms_3_nl_nl_goudse_kaas_48_extra_belegen_cw01_2024",
    "beschikbaar": true,
    "promoEnd": null,
    "link": "https://www.aldi.nl/goudse-kaas-48-extra-belegen-1225412.html"
  },
  {
    "id": "1225410",
    "title": "TONY'S CHOCOLONELY Chocoladereep 180 g",
    "category": "Snoep, koek, chips",
    "price": null,
    "promoPrice": null,
    "price_per_unit": null,
    "unit": null,
    "image": "https://s7g10.scene7.com/is/image/aldinord/product_1225410_main_cms_5_nl_nl_chocoladereep_cw01_2024",
    "beschikbaar": true,
    "promoEnd": null,
    "link": "https://www.aldi.nl/chocoladereep-1225410.html"
  },
  {
    "id": "1225402",
    "title": "MOLENLAND Kaasblokjes jong belegen 48+ 250 g",
    "category": "Zuivel, eieren",
    "price": 2.79,
    "promoPrice": null,
    "price_per_unit": 11.16,
    "unit": "KG",
    "image": "https://s7g10.scene7.com/is/image/aldinord/product_1225402_main_cms_1_nl_nl_kaasblokjes_jong_belegen_48_cw01_2024",
    "beschikbaar": true,
    "promoEnd": null,
    "link": "https://www.aldi.nl/kaasblokjes-jong-belegen-48-1225402.html"
  },
  {
    "id": "1225399",
    "title": "MOLENLAND Goudse kaasblokjes 48+ extra belegen 250 g",
    "category": "Zuivel, eieren",
    "price": 3.19,
    "promoPrice": null,
    "price_per_unit": 12.76,
    "unit": "KG",
    "image": "https://s7g10.scene7.com/is/image/aldinord/product_1225399_main_cms_1_nl_nl_goudse_kaasblokjes_48_extra_belegen_cw01_2024",
    "beschikbaar": true,
    "promoEnd": null,
    "link": "https://www.aldi.nl/goudse-kaasblokjes-48-extra-belegen-1225399.html"
  },
  {
    "id": "1225392",
    "title": "CHOCEUR Chocolade wit 200 g",
    "category": "Snoep, koek, chips",
    "price": 2.79,
    "promoPrice": 2.49,
    "price_per_unit": 13.95,
    "unit": "KG",
    "image": "https://s7g10.scene7.com/is/image/aldinord/variant_1225392_1_main_cms_2_nl_nl_chocolade_wit_cw01_2024",
    "beschikbaar": true,
    "promoEnd": "2025-10-19",
    "link": "https://www.aldi.nl/chocolade-wit-1225392.html"
  },
  {
    "id": "1225388",
    "title": "TRADER JOE'S Cashewnoten 250 g",
    "category": "Snoep, koek, chips",
    "price": 2.99,
    "promoPrice": null,
    "price_per_unit": 11.96,
    "unit": "KG",
    "image": "https://s7g10.scene7.com/is/image/aldinord/variant_1225388_1_main_cms_1_nl_nl_cashewnoten_cw01_2024",
    "beschikbaar": true,
    "promoEnd": null,
    "link": "https://www.aldi.nl/cashewnoten-1225388.html"
  },
  {
    "id": "1225382",
    "title": "CHOCEUR Melkchocolade 2x200 g",
    "category": "Snoep, koek, chips",
    "price": 4.49,
    "promoPrice": null,
    "price_per_unit": 22.45,
    "unit": "KG",
    "image": "https://s7g10.scene7.com/is/image/aldinord/product_1225382_main_cms_4_nl_nl_melkchocolade_cw01_2024",
    "beschikbaar": true,
    "promoEnd": null,
    "link": "https://www.aldi.nl/melkchocolade-1225382.html"
  },
  {
    "id": "1225381",
    "title": "CHOCEUR Chocolade melk-hazelnoot 200 g",
    "category": "Snoep, koek, chips",
    "price": 2.49,
    "promoPrice": 2.29,
    "price_per_unit": 12.45,
    "unit": "KG",
    "image": "https://s7g10.scene7.com/is/image/aldinord/variant_1225381_1_main_cms_1_nl_nl_chocolade_melk_hazelnoot_cw01_2024",
    "beschikbaar": true,
    "promoEnd": "2025-10-19",
    "link": "https://www.aldi.nl/chocolade-melk-hazelnoot-1225381.html"
  },
  {
    "id": "1225380",
    "title": "CHOCEUR Chocolade 200 g",
    "category": "Snoep, koek, chips",
    "price": 2.69,
    "promoPrice": 2.49,
    "price_per_unit": 13.45,
    "unit": "KG",
    "image": "https://s7g10.scene7.com/is/image/aldinord/variant_1225380_1_main_cms_1_nl_nl_chocolade_cw01_2024",
    "beschikbaar": true,
    "promoEnd": "2025-10-19",
    "link": "https://www.aldi.nl/chocolade-1225380.html"
  },
  {
    "id": "1225379",
    "title": "CHOCEUR Chocolade wit crisp 200 g",
    "category": "Snoep, koek, chips",
    "price": 2.99,
    "promoPrice": 2.75,
    "price_per_unit": 14.95,
    "unit": "KG",
    "image": "https://s7g10.scene7.com/is/image/aldinord/variant_1225379_1_main_cms_1_nl_nl_chocolade_wit_crisp_cw01_2024",
    "beschikbaar": true,
    "promoEnd": "2025-10-19",
    "link": "https://www.aldi.nl/chocolade-wit-crisp-1225379.html"
  },
  {
    "id": "1225375",
    "title": "CHOCEUR Chocolade puur-hazelnoot 200 g",
    "category": "Snoep, koek, chips",
    "price": 2.59,
    "promoPrice": 2.39,
    "price_per_unit": 12.95,
    "unit": "KG",
    "image": "https://s7g10.scene7.com/is/image/aldinord/variant_1225375_1_main_cms_1_nl_nl_chocolade_puur_hazelnoot_cw01_2024",
    "beschikbaar": true,
    "promoEnd": "2025-10-19",
    "link": "https://www.aldi.nl/chocolade-puur-hazelnoot-1225375.html"
  },
  {
    "id": "1225374",
    "title": "CHOCEUR Chocolade mokkaroom 200 g",
    "category": "Snoep, koek, chips",
    "price": 3.99,
    "promoPrice": 3.49,
    "price_per_unit": 19.95,
    "unit": "KG",
    "image": "https://s7g10.scene7.com/is/image/aldinord/variant_1225374_1_main_cms_2_nl_nl_chocolade_mokkaroom_cw01_2024",
    "beschikbaar": true,
    "promoEnd": "2025-10-19",
    "link": "https://www.aldi.nl/chocolade-mokkaroom-1225374.html"
  },
  {
    "id": "1225373",
    "title": "CHOCEUR Pure chocolade 200 g",
    "category": "Snoep, koek, chips",
    "price": 2.49,
    "promoPrice": 2.29,
    "price_per_unit": 12.45,
    "unit": "KG",
    "image": "https://s7g10.scene7.com/is/image/aldinord/variant_1225373_1_main_cms_1_nl_nl_pure_chocolade_cw01_2024",
    "beschikbaar": true,
    "promoEnd": "2025-10-19",
    "link": "https://www.aldi.nl/pure-chocolade-1225373.html"
  },
  {
    "id": "1225372",
    "title": "CHOCEUR Alpenroom chocolade 200 g",
    "category": "Snoep, koek, chips",
    "price": 2.49,
    "promoPrice": 2.29,
    "price_per_unit": 12.45,
    "unit": "KG",
    "image": "https://s7g10.scene7.com/is/image/aldinord/variant_1225372_1_main_cms_1_nl_nl_alpenroom_chocolade_cw01_2024",
    "beschikbaar": true,
    "promoEnd": "2025-10-19",
    "link": "https://www.aldi.nl/alpenroom-chocolade-1225372.html"
  },
  {
    "id": "1225371",
    "title": "CHOCEUR Chocolade karamel-zeezout 200 g",
    "category": "Snoep, koek, chips",
    "price": 2.99,
    "promoPrice": 2.79,
    "price_per_unit": 14.95,
    "unit": "KG",
    "image": "https://s7g10.scene7.com/is/image/aldinord/product_1225371_main_cms_6_nl_nl_chocolade_karamel_zeezout_cw01_2024",
    "beschikbaar": true,
    "promoEnd": "2025-10-19",
    "link": "https://www.aldi.nl/chocolade-karamel-zeezout-1225371.html"
  },
  {
    "id": "1225370",
    "title": "CHOCEUR Chocolade karamel 200 g",
    "category": "Snoep, koek, chips",
    "price": 2.49,
    "promoPrice": 2.29,
    "price_per_unit": 12.45,
    "unit": "KG",
    "image": "https://s7g10.scene7.com/is/image/aldinord/variant_1225370_1_main_cms_2_nl_nl_chocolade_karamel_cw01_2024",
    "beschikbaar": true,
    "promoEnd": "2025-10-19",
    "link": "https://www.aldi.nl/chocolade-karamel-1225370.html"
  },
  {
    "id": "1225368",
    "title": "Scharrelkipschnitzels ham & kaas Inhoud: 2 stuks, 250 g",
    "category": "Vlees, vis, vega",
    "price": 3.29,
    "promoPrice": null,
    "price_per_unit": 13.16,
    "unit": "KG",
    "image": "https://s7g10.scene7.com/is/image/aldinord/product_1225368_main_cms_6_nl_nl_scharrelkipschnitzels_ham_kaas_cw01_2024",
    "beschikbaar": true,
    "promoEnd": null,
    "link": "https://www.aldi.nl/scharrelkipschnitzels-ham-kaas-1225368.html"
  },
  {
    "id": "1225367",
    "title": "TRADER JOE'S American style pizza BBQ-chicken 455 g",
    "category": "Snoep, koek, chips",
    "price": 3.45,
    "promoPrice": null,
    "price_per_unit": 7.58,
    "unit": "KG",
    "image": "https://s7g10.scene7.com/is/image/aldinord/variant_1225367_1_main_cms_1_nl_nl_american_style_pizza_bbq_chicken_cw01_2024",
    "beschikbaar": true,
    "promoEnd": null,
    "link": "https://www.aldi.nl/american-style-pizza-bbq-chicken-1225367.html"
  },
  {
    "id": "1225366",
    "title": "TRADER JOE'S American style pizza Hawaiï 465 g",
    "category": "Snoep, koek, chips",
    "price": 2.49,
    "promoPrice": null,
    "price_per_unit": 5.35,
    "unit": "KG",
    "image": "https://s7g10.scene7.com/is/image/aldinord/product_1225366_main_cms_1_nl_nl_american_style_pizza_hawaii_cw01_2024",
    "beschikbaar": true,
    "promoEnd": null,
    "link": "https://www.aldi.nl/american-style-pizza-hawai-1225366.html"
  },
  {
    "id": "1225365",
    "title": "MUCCI Aardbeien roomijs 1 l",
    "category": "Maaltijden, salades",
    "price": 2.49,
    "promoPrice": null,
    "price_per_unit": 2.49,
    "unit": "L",
    "image": "https://s7g10.scene7.com/is/image/aldinord/product_1225365_main_cms_2_nl_nl_aardbeien_roomijs_cw01_2024",
    "beschikbaar": true,
    "promoEnd": null,
    "link": "https://www.aldi.nl/aardbeien-roomijs-1225365.html"
  },
  {
    "id": "1225364",
    "title": "TRADER JOE'S American style pizza pepperoni 435 g",
    "category": "Snoep, koek, chips",
    "price": 3.19,
    "promoPrice": null,
    "price_per_unit": 7.33,
    "unit": "KG",
    "image": "https://s7g10.scene7.com/is/image/aldinord/variant_1225364_1_main_cms_1_nl_nl_american_style_pizza_pepperoni_cw01_2024",
    "beschikbaar": true,
    "promoEnd": null,
    "link": "https://www.aldi.nl/american-style-pizza-pepperoni-1225364.html"
  },
  {
    "id": "1225360",
    "title": "ALL SEASONS Spinazie 800 g",
    "category": "Groente, aardappelen",
    "price": 1.19,
    "promoPrice": null,
    "price_per_unit": 1.49,
    "unit": "KG",
    "image": "https://s7g10.scene7.com/is/image/aldinord/variant_1225360_1_main_cms_2_nl_nl_spinazie_cw01_2024",
    "beschikbaar": true,
    "promoEnd": null,
    "link": "https://www.aldi.nl/spinazie-1225360.html"
  },
  {
    "id": "1225358",
    "title": "RIO D'ORO Grenadine- of sinaasappelsiroop 0.75 l",
    "category": "Frisdrank, sappen",
    "price": 3.49,
    "promoPrice": null,
    "price_per_unit": 4.65,
    "unit": "L",
    "image": "https://s7g10.scene7.com/is/image/aldinord/product_1225358_main_cms_5_nl_nl_grenadine_of_sinaasappelsiroop_cw01_2024",
    "beschikbaar": true,
    "promoEnd": null,
    "link": "https://www.aldi.nl/grenadine-of-sinaasappelsiroop-1225358.html"
  },
  {
    "id": "1225356",
    "title": "MUCCI Bananensplit roomijs 900 ml",
    "category": "Maaltijden, salades",
    "price": 3.29,
    "promoPrice": null,
    "price_per_unit": 3.66,
    "unit": "L",
    "image": "https://s7g10.scene7.com/is/image/aldinord/variant_1225356_1_main_cms_2_nl_nl_bananensplit_roomijs_cw01_2024",
    "beschikbaar": true,
    "promoEnd": null,
    "link": "https://www.aldi.nl/bananensplit-roomijs-1225356.html"
  },
  {
    "id": "1225353",
    "title": "MUCCI Vanille roomijs 1 l",
    "category": "Maaltijden, salades",
    "price": 2.79,
    "promoPrice": null,
    "price_per_unit": 2.79,
    "unit": "L",
    "image": "https://s7g10.scene7.com/is/image/aldinord/variant_1225353_1_main_cms_2_nl_nl_vanille_roomijs_cw01_2024",
    "beschikbaar": true,
    "promoEnd": null,
    "link": "https://www.aldi.nl/vanille-roomijs-1225353.html"
  },
  {
    "id": "1225352",
    "title": "MUCCI Slagroomijs 1 l",
    "category": "Maaltijden, salades",
    "price": 2.49,
    "promoPrice": null,
    "price_per_unit": 2.49,
    "unit": "L",
    "image": "https://s7g10.scene7.com/is/image/aldinord/variant_1225352_1_main_cms_2_nl_nl_slagroomijs_cw01_2024",
    "beschikbaar": true,
    "promoEnd": null,
    "link": "https://www.aldi.nl/slagroomijs-1225352.html"
  },
  {
    "id": "1225351",
    "title": "MAMA MANCINI Pizza Hawaiï Inhoud: 2 stuks, 710 g",
    "category": "Snoep, koek, chips",
    "price": 3.69,
    "promoPrice": null,
    "price_per_unit": 5.2,
    "unit": "KG",
    "image": "https://s7g10.scene7.com/is/image/aldinord/variant_1225351_1_main_cms_1_nl_nl_pizza_hawaii_cw01_2024",
    "beschikbaar": true,
    "promoEnd": null,
    "link": "https://www.aldi.nl/pizza-hawai-1225351.html"
  },
  {
    "id": "1225349",
    "title": "RIVER Ice tea 1.5 l",
    "category": "Frisdrank, sappen",
    "price": 1.49,
    "promoPrice": null,
    "price_per_unit": 0.99,
    "unit": "L",
    "image": "https://s7g10.scene7.com/is/image/aldinord/product_1225349_main_cms_5_nl_nl_ice_tea_cw01_2024",
    "beschikbaar": true,
    "promoEnd": null,
    "link": "https://www.aldi.nl/ice-tea-1225349.html"
  },
  {
    "id": "1225347",
    "title": "RIVER Ice tea citroen 1.5 l",
    "category": "Frisdrank, sappen",
    "price": 1.29,
    "promoPrice": null,
    "price_per_unit": 0.86,
    "unit": "L",
    "image": "https://s7g10.scene7.com/is/image/aldinord/product_1225347_main_cms_3_nl_nl_ice_tea_citroen_cw01_2024",
    "beschikbaar": true,
    "promoEnd": null,
    "link": "https://www.aldi.nl/ice-tea-citroen-1225347.html"
  },
  {
    "id": "1225345",
    "title": "PARTY GEBAK Mokkastam Inhoud: 8 porties, 500 g",
    "category": "Brood, ontbijtgranen",
    "price": 4.45,
    "promoPrice": null,
    "price_per_unit": 8.9,
    "unit": "KG",
    "image": "https://s7g10.scene7.com/is/image/aldinord/variant_1225345_1_main_cms_2_nl_nl_mokkastam_cw01_2024",
    "beschikbaar": true,
    "promoEnd": null,
    "link": "https://www.aldi.nl/mokkastam-1225345.html"
  },
  {
    "id": "1225344",
    "title": "PARTY GEBAK Margarine bladerdeeg Inhoud: 10 plakjes, 450 g",
    "category": "Brood, ontbijtgranen",
    "price": 1.19,
    "promoPrice": null,
    "price_per_unit": 2.64,
    "unit": "KG",
    "image": "https://s7g10.scene7.com/is/image/aldinord/variant_1225344_1_main_cms_1_nl_nl_margarine_bladerdeeg_cw01_2024",
    "beschikbaar": true,
    "promoEnd": null,
    "link": "https://www.aldi.nl/margarine-bladerdeeg-1225344.html"
  },
  {
    "id": "1225343",
    "title": "PARTY GEBAK Roomboter bladerdeegplakjes Inhoud: 10 plakjes, 450 g",
    "category": "Brood, ontbijtgranen",
    "price": 2.49,
    "promoPrice": null,
    "price_per_unit": 5.53,
    "unit": "KG",
    "image": "https://s7g10.scene7.com/is/image/aldinord/variant_1225343_1_main_cms_3_nl_nl_roomboter_bladerdeegplakjes_cw01_2024",
    "beschikbaar": true,
    "promoEnd": null,
    "link": "https://www.aldi.nl/roomboter-bladerdeegplakjes-1225343.html"
  },
  {
    "id": "1225341",
    "title": "MUCCI Roomijs salted caramel 900 ml",
    "category": "Maaltijden, salades",
    "price": 2.99,
    "promoPrice": null,
    "price_per_unit": 3.32,
    "unit": "L",
    "image": "https://s7g10.scene7.com/is/image/aldinord/product_1225341_main_cms_3_nl_nl_roomijs_salted_caramel_cw01_2024",
    "beschikbaar": true,
    "promoEnd": null,
    "link": "https://www.aldi.nl/roomijs-salted-caramel-1225341.html"
  },
  {
    "id": "1225338",
    "title": "MUCCI Slagroomijs mango 900 ml",
    "category": "Maaltijden, salades",
    "price": 3.19,
    "promoPrice": null,
    "price_per_unit": 3.54,
    "unit": "L",
    "image": "https://s7g10.scene7.com/is/image/aldinord/product_1225338_main_cms_3_nl_nl_slagroomijs_mango_cw01_2024",
    "beschikbaar": true,
    "promoEnd": null,
    "link": "https://www.aldi.nl/slagroomijs-mango-1225338.html"
  },
  {
    "id": "1225337",
    "title": "RIO D'ORO Cassis- of aardbeiensiroop 0.75 l",
    "category": "Frisdrank, sappen",
    "price": 3.49,
    "promoPrice": null,
    "price_per_unit": 4.65,
    "unit": "L",
    "image": "https://s7g10.scene7.com/is/image/aldinord/product_1225337_main_cms_6_nl_nl_cassis_of_aardbeiensiroop_cw01_2024",
    "beschikbaar": true,
    "promoEnd": null,
    "link": "https://www.aldi.nl/cassis-of-aardbeiensiroop-1225337.html"
  },
  {
    "id": "1225336",
    "title": "ALL SEASONS Spinazie à la crème 800 g",
    "category": "Groente, aardappelen",
    "price": 0.91,
    "promoPrice": null,
    "price_per_unit": 1.14,
    "unit": "KG",
    "image": "https://s7g10.scene7.com/is/image/aldinord/variant_1225336_1_main_cms_4_nl_nl_spinazie_a_la_creme_cw01_2024",
    "beschikbaar": true,
    "promoEnd": null,
    "link": "https://www.aldi.nl/spinazie-la-crme-1225336.html"
  },
  {
    "id": "1225335",
    "title": "RIVER Ice tea perzik 1.5 l",
    "category": "Frisdrank, sappen",
    "price": 1.29,
    "promoPrice": null,
    "price_per_unit": 0.86,
    "unit": "L",
    "image": "https://s7g10.scene7.com/is/image/aldinord/variant_1225335_1_main_cms_3_nl_nl_ice_tea_perzik_cw01_2024",
    "beschikbaar": true,
    "promoEnd": null,
    "link": "https://www.aldi.nl/ice-tea-perzik-1225335.html"
  },
  {
    "id": "1225334",
    "title": "MUCCI Roomijs vanille & pistache 900 ml",
    "category": "Maaltijden, salades",
    "price": 3.29,
    "promoPrice": null,
    "price_per_unit": 3.66,
    "unit": "L",
    "image": "https://s7g10.scene7.com/is/image/aldinord/product_1225334_main_cms_3_nl_nl_roomijs_vanille_pistache_cw01_2024",
    "beschikbaar": true,
    "promoEnd": null,
    "link": "https://www.aldi.nl/roomijs-vanille-pistache-1225334.html"
  },
  {
    "id": "1225333",
    "title": "PARTY GEBAK Slagroomstam Inhoud: 8 porties, 500 g",
    "category": "Brood, ontbijtgranen",
    "price": 3.99,
    "promoPrice": null,
    "price_per_unit": null,
    "unit": null,
    "image": "https://s7g10.scene7.com/is/image/aldinord/variant_1225333_1_main_cms_2_nl_nl_slagroomstam_cw01_2024",
    "beschikbaar": true,
    "promoEnd": null,
    "link": "https://www.aldi.nl/slagroomstam-1225333.html"
  },
  {
    "id": "1225331",
    "title": "TRADER JOE'S Amandelen 200 g",
    "category": "Snoep, koek, chips",
    "price": 2.29,
    "promoPrice": null,
    "price_per_unit": 11.45,
    "unit": "KG",
    "image": "https://s7g10.scene7.com/is/image/aldinord/variant_1225331_1_main_cms_1_nl_nl_amandelen_cw01_2024",
    "beschikbaar": true,
    "promoEnd": null,
    "link": "https://www.aldi.nl/amandelen-1225331.html"
  },
  {
    "id": "1225328",
    "title": "RIO D'ORO Siroop 0% suiker 750 ml",
    "category": "Frisdrank, sappen",
    "price": 2.49,
    "promoPrice": null,
    "price_per_unit": 3.32,
    "unit": "L",
    "image": "https://s7g10.scene7.com/is/image/aldinord/product_1225328_main_cms_8_nl_nl_siroop_0_suiker_cw01_2024",
    "beschikbaar": true,
    "promoEnd": null,
    "link": "https://www.aldi.nl/siroop-0-suiker-1225328.html"
  },
  {
    "id": "1225324",
    "title": "MUCCI Chocoladeroomijs 900 ml",
    "category": "Maaltijden, salades",
    "price": 3.59,
    "promoPrice": null,
    "price_per_unit": 3.99,
    "unit": "L",
    "image": "https://s7g10.scene7.com/is/image/aldinord/product_1225324_main_cms_3_nl_nl_chocoladeroomijs_cw01_2024",
    "beschikbaar": true,
    "promoEnd": null,
    "link": "https://www.aldi.nl/chocoladeroomijs-1225324.html"
  },
  {
    "id": "1225322",
    "title": "RIO D'ORO Appelsap 1.5 l",
    "category": "Groente, aardappelen",
    "price": 1.49,
    "promoPrice": null,
    "price_per_unit": 0.99,
    "unit": "L",
    "image": "https://s7g10.scene7.com/is/image/aldinord/variant_1225322_1_main_cms_2_nl_nl_appelsap_cw01_2024",
    "beschikbaar": true,
    "promoEnd": null,
    "link": "https://www.aldi.nl/appelsap-1225322.html"
  },
  {
    "id": "1225321",
    "title": "RIO D'ORO Sinaasappelsap 1.5 l",
    "category": "Groente, aardappelen",
    "price": 2.45,
    "promoPrice": null,
    "price_per_unit": 1.63,
    "unit": "L",
    "image": "https://s7g10.scene7.com/is/image/aldinord/product_1225321_main_cms_3_nl_nl_sinaasappelsap_cw01_2024",
    "beschikbaar": true,
    "promoEnd": null,
    "link": "https://www.aldi.nl/sinaasappelsap-1225321.html"
  },
  {
    "id": "1225320",
    "title": "MUCCI Chocolade roomijs 1 l",
    "category": "Maaltijden, salades",
    "price": 2.49,
    "promoPrice": null,
    "price_per_unit": 2.49,
    "unit": "L",
    "image": "https://s7g10.scene7.com/is/image/aldinord/product_1225320_main_cms_3_nl_nl_chocolade_roomijs_cw01_2024",
    "beschikbaar": true,
    "promoEnd": null,
    "link": "https://www.aldi.nl/chocolade-roomijs-1225320.html"
  },
  {
    "id": "1225319",
    "title": "CHOCEUR Melkchocolade druif hazelnoot 200 g",
    "category": "Snoep, koek, chips",
    "price": 2.59,
    "promoPrice": 2.39,
    "price_per_unit": 12.95,
    "unit": "KG",
    "image": "https://s7g10.scene7.com/is/image/aldinord/product_1225319_main_cms_3_nl_nl_melkchocolade_druif_hazelnoot_cw01_2024",
    "beschikbaar": true,
    "promoEnd": "2025-10-19",
    "link": "https://www.aldi.nl/melkchocolade-druif-hazelnoot-1225319.html"
  },
  {
    "id": "1225316",
    "title": "MAMA MANCINI Pizza tonijn Inhoud: 2 stuks, 710 g",
    "category": "Snoep, koek, chips",
    "price": 3.69,
    "promoPrice": null,
    "price_per_unit": 5.2,
    "unit": "KG",
    "image": "https://s7g10.scene7.com/is/image/aldinord/product_1225316_main_cms_1_nl_nl_pizza_tonijn_cw01_2024",
    "beschikbaar": true,
    "promoEnd": null,
    "link": "https://www.aldi.nl/pizza-tonijn-1225316.html"
  },
  {
    "id": "1225313",
    "title": "MILSANI Halfvolle yoghurt 1 l",
    "category": "Zuivel, eieren",
    "price": 1.18,
    "promoPrice": null,
    "price_per_unit": 1.18,
    "unit": "L",
    "image": "https://s7g10.scene7.com/is/image/aldinord/product_1225313_main_cms_4_nl_nl_halfvolle_yoghurt_cw01_2024",
    "beschikbaar": true,
    "promoEnd": null,
    "link": "https://www.aldi.nl/halfvolle-yoghurt-1225313.html"
  },
  {
    "id": "1225312",
    "title": "BELLASAN Bak & braad 500 ml",
    "category": "Maaltijden, salades",
    "price": 1.73,
    "promoPrice": null,
    "price_per_unit": 3.46,
    "unit": "L",
    "image": "https://s7g10.scene7.com/is/image/aldinord/variant_1225312_1_main_cms_2_nl_nl_bak_braad_cw01_2024",
    "beschikbaar": true,
    "promoEnd": null,
    "link": "https://www.aldi.nl/bak-braad-1225312.html"
  },
  {
    "id": "1225310",
    "title": "MILSANI Frambozenvla 1 l",
    "category": "Zuivel, eieren",
    "price": 1.79,
    "promoPrice": null,
    "price_per_unit": 1.79,
    "unit": "L",
    "image": "https://s7g10.scene7.com/is/image/aldinord/product_1225310_main_cms_2_nl_nl_frambozenvla_cw01_2024",
    "beschikbaar": true,
    "promoEnd": null,
    "link": "https://www.aldi.nl/frambozenvla-1225310.html"
  },
  {
    "id": "1225309",
    "title": "MILSANI Halfvolle chocomelk 1 l",
    "category": "Zuivel, eieren",
    "price": 0.95,
    "promoPrice": null,
    "price_per_unit": 0.95,
    "unit": "L",
    "image": "https://s7g10.scene7.com/is/image/aldinord/product_1225309_main_cms_3_nl_nl_halfvolle_chocomelk_cw01_2024",
    "beschikbaar": true,
    "promoEnd": null,
    "link": "https://www.aldi.nl/halfvolle-chocomelk-1225309.html"
  },
  {
    "id": "1225308",
    "title": "MILSANI Dubbelvla chocolade-vanille 1 l",
    "category": "Zuivel, eieren",
    "price": 1.65,
    "promoPrice": null,
    "price_per_unit": 1.65,
    "unit": "L",
    "image": "https://s7g10.scene7.com/is/image/aldinord/product_1225308_main_cms_3_nl_nl_dubbelvla_chocolade_vanille_cw01_2024",
    "beschikbaar": true,
    "promoEnd": null,
    "link": "https://www.aldi.nl/dubbelvla-chocolade-vanille-1225308.html"
  },
  {
    "id": "1225307",
    "title": "MILSANI Romige chocoladevla 1 l",
    "category": "Zuivel, eieren",
    "price": 1.49,
    "promoPrice": null,
    "price_per_unit": 1.49,
    "unit": "L",
    "image": "https://s7g10.scene7.com/is/image/aldinord/product_1225307_main_cms_2_nl_nl_romige_chocoladevla_cw01_2024",
    "beschikbaar": true,
    "promoEnd": null,
    "link": "https://www.aldi.nl/romige-chocoladevla-1225307.html"
  },
  {
    "id": "1225306",
    "title": "MILSANI Houdbare volle melk 1 l",
    "category": "Zuivel, eieren",
    "price": 1.19,
    "promoPrice": 0.79,
    "price_per_unit": 1.19,
    "unit": "L",
    "image": "https://s7g10.scene7.com/is/image/aldinord/product_1225306_main_cms_4_nl_nl_houdbare_volle_melk_cw01_2024",
    "beschikbaar": true,
    "promoEnd": "2025-10-19",
    "link": "https://www.aldi.nl/houdbare-volle-melk-1225306.html"
  },
  {
    "id": "1225304",
    "title": "BIO Verse volle yoghurt 1 l",
    "category": "Zuivel, eieren",
    "price": 1.49,
    "promoPrice": null,
    "price_per_unit": 1.49,
    "unit": "L",
    "image": "https://s7g10.scene7.com/is/image/aldinord/product_1225304_main_cms_3_nl_nl_verse_volle_yoghurt_cw01_2024",
    "beschikbaar": true,
    "promoEnd": null,
    "link": "https://www.aldi.nl/verse-volle-yoghurt-1225304.html"
  },
  {
    "id": "1225303",
    "title": "HELLA Margarine bewust 500 g",
    "category": "Zuivel, eieren",
    "price": 1.76,
    "promoPrice": null,
    "price_per_unit": null,
    "unit": null,
    "image": "https://s7g10.scene7.com/is/image/aldinord/variant_1225303_1_main_cms_2_nl_nl_margarine_bewust_cw01_2024",
    "beschikbaar": true,
    "promoEnd": null,
    "link": "https://www.aldi.nl/margarine-bewust-1225303.html"
  },
  {
    "id": "1225302",
    "title": "MILSANI Volle yoghurt 1 l",
    "category": "Zuivel, eieren",
    "price": 1.38,
    "promoPrice": null,
    "price_per_unit": 1.38,
    "unit": "L",
    "image": "https://s7g10.scene7.com/is/image/aldinord/product_1225302_main_cms_2_nl_nl_volle_yoghurt_cw01_2024",
    "beschikbaar": true,
    "promoEnd": null,
    "link": "https://www.aldi.nl/volle-yoghurt-1225302.html"
  },
  {
    "id": "1225299",
    "title": "MILSANI Halfvolle roomboter 250 g",
    "category": "Zuivel, eieren",
    "price": 2.49,
    "promoPrice": null,
    "price_per_unit": 9.96,
    "unit": "KG",
    "image": "https://s7g10.scene7.com/is/image/aldinord/variant_1225299_1_main_cms_2_nl_nl_halfvolle_roomboter_cw01_2024",
    "beschikbaar": true,
    "promoEnd": null,
    "link": "https://www.aldi.nl/halfvolle-roomboter-1225299.html"
  },
  {
    "id": "1225298",
    "title": "MILSANI Houdbare magere melk 1 l",
    "category": "Zuivel, eieren",
    "price": 0.99,
    "promoPrice": null,
    "price_per_unit": 0.99,
    "unit": "L",
    "image": "https://s7g10.scene7.com/is/image/aldinord/product_1225298_main_cms_8_nl_nl_houdbare_magere_melk_cw01_2024",
    "beschikbaar": true,
    "promoEnd": null,
    "link": "https://www.aldi.nl/houdbare-magere-melk-1225298.html"
  },
  {
    "id": "1225294",
    "title": "MILSANI Romige karamelvla 1 l",
    "category": "Zuivel, eieren",
    "price": 1.55,
    "promoPrice": null,
    "price_per_unit": 1.55,
    "unit": "L",
    "image": "https://s7g10.scene7.com/is/image/aldinord/product_1225294_main_cms_2_nl_nl_romige_karamelvla_cw01_2024",
    "beschikbaar": true,
    "promoEnd": null,
    "link": "https://www.aldi.nl/romige-karamelvla-1225294.html"
  },
  {
    "id": "1225293",
    "title": "BELLASAN Bak & braad bewust 500 ml",
    "category": "Zuivel, eieren",
    "price": 1.89,
    "promoPrice": null,
    "price_per_unit": 3.78,
    "unit": "L",
    "image": "https://s7g10.scene7.com/is/image/aldinord/variant_1225293_1_main_cms_3_nl_nl_bak_braad_bewust_cw01_2024",
    "beschikbaar": true,
    "promoEnd": null,
    "link": "https://www.aldi.nl/bak-braad-bewust-1225293.html"
  },
  {
    "id": "1225291",
    "title": "BELLASAN Bewust light 500 g",
    "category": "Zuivel, eieren",
    "price": 1.35,
    "promoPrice": null,
    "price_per_unit": 2.7,
    "unit": "KG",
    "image": "https://s7g10.scene7.com/is/image/aldinord/variant_1225291_1_main_cms_4_nl_nl_bewust_light_cw01_2024",
    "beschikbaar": true,
    "promoEnd": null,
    "link": "https://www.aldi.nl/bewust-light-1225291.html"
  },
  {
    "id": "1225287",
    "title": "MILSANI Gezouten roomboter 250 g",
    "category": "Zuivel, eieren",
    "price": 2.39,
    "promoPrice": null,
    "price_per_unit": 9.56,
    "unit": "KG",
    "image": "https://s7g10.scene7.com/is/image/aldinord/variant_1225287_1_main_cms_1_nl_nl_gezouten_roomboter_cw01_2024",
    "beschikbaar": true,
    "promoEnd": null,
    "link": "https://www.aldi.nl/gezouten-roomboter-1225287.html"
  },
  {
    "id": "1225283",
    "title": "MILSANI Verse halfvolle melk 1 l",
    "category": "Zuivel, eieren",
    "price": 0.89,
    "promoPrice": null,
    "price_per_unit": 0.89,
    "unit": "L",
    "image": "https://s7g10.scene7.com/is/image/aldinord/product_1225283_main_cms_2_nl_nl_verse_halfvolle_melk_cw01_2024",
    "beschikbaar": true,
    "promoEnd": null,
    "link": "https://www.aldi.nl/verse-halfvolle-melk-1225283.html"
  },
  {
    "id": "1225282",
    "title": "BIO Biologische magere yoghurt 1 l",
    "category": "Zuivel, eieren",
    "price": 1.39,
    "promoPrice": null,
    "price_per_unit": 1.39,
    "unit": "L",
    "image": "https://s7g10.scene7.com/is/image/aldinord/product_1225282_main_cms_2_nl_nl_biologische_magere_yoghurt_cw01_2024",
    "beschikbaar": true,
    "promoEnd": null,
    "link": "https://www.aldi.nl/biologische-magere-yoghurt-1225282.html"
  },
  {
    "id": "1225281",
    "title": "MILSANI Verse volle melk 1 l",
    "category": "Zuivel, eieren",
    "price": 0.95,
    "promoPrice": null,
    "price_per_unit": 0.95,
    "unit": "L",
    "image": "https://s7g10.scene7.com/is/image/aldinord/product_1225281_main_cms_2_nl_nl_verse_volle_melk_cw01_2024",
    "beschikbaar": true,
    "promoEnd": null,
    "link": "https://www.aldi.nl/verse-volle-melk-1225281.html"
  },
  {
    "id": "1225280",
    "title": "BELLASAN Halvarine 500 g",
    "category": "Zuivel, eieren",
    "price": 0.77,
    "promoPrice": null,
    "price_per_unit": 1.54,
    "unit": "KG",
    "image": "https://s7g10.scene7.com/is/image/aldinord/variant_1225280_1_main_cms_3_nl_nl_halvarine_cw01_2024",
    "beschikbaar": true,
    "promoEnd": null,
    "link": "https://www.aldi.nl/halvarine-1225280.html"
  },
  {
    "id": "1225279",
    "title": "CHOCOMEL Vol 1.5 l",
    "category": "Zuivel, eieren",
    "price": null,
    "promoPrice": null,
    "price_per_unit": null,
    "unit": null,
    "image": "https://s7g10.scene7.com/is/image/aldinord/variant_1225279_1_main_cms_1_nl_nl_vol_cw01_2024",
    "beschikbaar": true,
    "promoEnd": null,
    "link": "https://www.aldi.nl/vol-1225279.html"
  },
  {
    "id": "1225278",
    "title": "MILSANI Magere yoghurt 1 l",
    "category": "Zuivel, eieren",
    "price": 0.85,
    "promoPrice": null,
    "price_per_unit": 0.85,
    "unit": "L",
    "image": "https://s7g10.scene7.com/is/image/aldinord/product_1225278_main_cms_3_nl_nl_magere_yoghurt_cw01_2024",
    "beschikbaar": true,
    "promoEnd": null,
    "link": "https://www.aldi.nl/magere-yoghurt-1225278.html"
  },
  {
    "id": "1225276",
    "title": "MILSANI Volle chocolademelk 1 l",
    "category": "Zuivel, eieren",
    "price": 1.08,
    "promoPrice": null,
    "price_per_unit": 1.08,
    "unit": "L",
    "image": "https://s7g10.scene7.com/is/image/aldinord/product_1225276_main_cms_6_nl_nl_volle_chocolademelk_cw01_2024",
    "beschikbaar": true,
    "promoEnd": null,
    "link": "https://www.aldi.nl/volle-chocolademelk-1225276.html"
  },
  {
    "id": "1225275",
    "title": "BELLASAN Bakken & braden olijf 500 ml",
    "category": "Maaltijden, salades",
    "price": 2.45,
    "promoPrice": null,
    "price_per_unit": 4.9,
    "unit": "L",
    "image": "https://s7g10.scene7.com/is/image/aldinord/variant_1225275_1_main_cms_3_nl_nl_bakken_braden_olijf_cw01_2024",
    "beschikbaar": true,
    "promoEnd": null,
    "link": "https://www.aldi.nl/bakken-braden-olijf-1225275.html"
  },
  {
    "id": "1225274",
    "title": "MILSANI Houdbare halfvolle melk 1 l",
    "category": "Zuivel, eieren",
    "price": 0.92,
    "promoPrice": 0.79,
    "price_per_unit": 0.92,
    "unit": "L",
    "image": "https://s7g10.scene7.com/is/image/aldinord/product_1225274_main_cms_7_nl_nl_houdbare_halfvolle_melk_cw01_2024",
    "beschikbaar": true,
    "promoEnd": "2025-10-19",
    "link": "https://www.aldi.nl/houdbare-halfvolle-melk-1225274.html"
  },
  {
    "id": "1225273",
    "title": "MILSANI Vanillevla 1 l",
    "category": "Zuivel, eieren",
    "price": 0.99,
    "promoPrice": null,
    "price_per_unit": 0.99,
    "unit": "L",
    "image": "https://s7g10.scene7.com/is/image/aldinord/product_1225273_main_cms_2_nl_nl_vanillevla_cw01_2024",
    "beschikbaar": true,
    "promoEnd": null,
    "link": "https://www.aldi.nl/vanillevla-1225273.html"
  },
  {
    "id": "1225272",
    "title": "MILSANI Roomboter 250 g",
    "category": "Zuivel, eieren",
    "price": 2.45,
    "promoPrice": null,
    "price_per_unit": 9.8,
    "unit": "KG",
    "image": "https://s7g10.scene7.com/is/image/aldinord/variant_1225272_1_main_cms_1_nl_nl_roomboter_cw01_2024",
    "beschikbaar": true,
    "promoEnd": null,
    "link": "https://www.aldi.nl/roomboter-1225272.html"
  },
  {
    "id": "1225270",
    "title": "BELLASAN Goede basis 500 g",
    "category": "Zuivel, eieren",
    "price": 1.38,
    "promoPrice": null,
    "price_per_unit": 2.76,
    "unit": "KG",
    "image": "https://s7g10.scene7.com/is/image/aldinord/variant_1225270_1_main_cms_3_nl_nl_goede_basis_cw01_2024",
    "beschikbaar": true,
    "promoEnd": null,
    "link": "https://www.aldi.nl/goede-basis-1225270.html"
  },
  {
    "id": "1225266",
    "title": "ZOETE ZON Bosvruchtenjam 450 g",
    "category": "Brood, ontbijtgranen",
    "price": 1.59,
    "promoPrice": null,
    "price_per_unit": 3.53,
    "unit": "KG",
    "image": "https://s7g10.scene7.com/is/image/aldinord/variant_1225266_1_main_cms_2_nl_nl_bosvruchtenjam_cw01_2024",
    "beschikbaar": true,
    "promoEnd": null,
    "link": "https://www.aldi.nl/bosvruchtenjam-1225266.html"
  },
  {
    "id": "1225265",
    "title": "CALVÉ Calvé pindakaas met stukjes pinda 650 g",
    "category": "Brood, ontbijtgranen",
    "price": null,
    "promoPrice": null,
    "price_per_unit": null,
    "unit": null,
    "image": "https://s7g10.scene7.com/is/image/aldinord/variant_1225265_1_main_cms_2_nl_nl_calve_pindakaas_met_stukjes_pinda_cw01_2024",
    "beschikbaar": true,
    "promoEnd": null,
    "link": "https://www.aldi.nl/calv-pindakaas-met-stukjes-pinda-1225265.html"
  },
  {
    "id": "1225264",
    "title": "DE ZOETE ZON Aardbeienjam 450 g",
    "category": "Brood, ontbijtgranen",
    "price": 1.08,
    "promoPrice": null,
    "price_per_unit": 2.4,
    "unit": "KG",
    "image": "https://s7g10.scene7.com/is/image/aldinord/variant_1225264_1_main_cms_2_nl_nl_aardbeienjam_cw01_2024",
    "beschikbaar": true,
    "promoEnd": null,
    "link": "https://www.aldi.nl/aardbeienjam-1225264.html"
  },
  {
    "id": "1225263",
    "title": "DE ZOETE ZON Viervruchten- of abrikozenjam 450 g",
    "category": "Brood, ontbijtgranen",
    "price": 1.42,
    "promoPrice": null,
    "price_per_unit": 3.16,
    "unit": "KG",
    "image": "https://s7g10.scene7.com/is/image/aldinord/product_1225263_main_cms_8_nl_nl_viervruchten_of_abrikozenjam_cw01_2024",
    "beschikbaar": true,
    "promoEnd": null,
    "link": "https://www.aldi.nl/viervruchten-of-abrikozenjam-1225263.html"
  },
  {
    "id": "1225261",
    "title": "DE ZOETE ZON Kersenjam 450 g",
    "category": "Brood, ontbijtgranen",
    "price": 1.42,
    "promoPrice": null,
    "price_per_unit": 3.16,
    "unit": "KG",
    "image": "https://s7g10.scene7.com/is/image/aldinord/product_1225261_main_cms_2_nl_nl_kersenjam_cw01_2024",
    "beschikbaar": true,
    "promoEnd": null,
    "link": "https://www.aldi.nl/kersenjam-1225261.html"
  },
  {
    "id": "1225259",
    "title": "GOLDEN BRIDGE Krokante muesli 4 noten 900 g",
    "category": "Brood, ontbijtgranen",
    "price": 3.29,
    "promoPrice": null,
    "price_per_unit": 3.66,
    "unit": "KG",
    "image": "https://s7g10.scene7.com/is/image/aldinord/variant_1225259_1_main_cms_2_nl_nl_krokante_muesli_4_noten_cw01_2024",
    "beschikbaar": true,
    "promoEnd": null,
    "link": "https://www.aldi.nl/krokante-muesli-4-noten-1225259.html"
  },
  {
    "id": "1225258",
    "title": "Vezelrijke volkoren bollen 6 stuks",
    "category": "Brood, ontbijtgranen",
    "price": 1.49,
    "promoPrice": null,
    "price_per_unit": null,
    "unit": null,
    "image": "https://s7g10.scene7.com/is/image/aldinord/product_1225258_main_cms_7_nl_nl_vezelrijke_volkoren_bollen_cw01_2024",
    "beschikbaar": true,
    "promoEnd": null,
    "link": "https://www.aldi.nl/vezelrijke-volkoren-bollen-1225258.html"
  },
  {
    "id": "1225257",
    "title": "Witte bollen 6 stuks",
    "category": "Brood, ontbijtgranen",
    "price": 0.99,
    "promoPrice": null,
    "price_per_unit": null,
    "unit": null,
    "image": "https://s7g10.scene7.com/is/image/aldinord/variant_1225257_1_main_cms_1_nl_nl_witte_bollen_cw01_2024",
    "beschikbaar": true,
    "promoEnd": null,
    "link": "https://www.aldi.nl/witte-bollen-1225257.html"
  },
  {
    "id": "1225256",
    "title": "WESTMINSTER Engelse thee melange 20 zakjes",
    "category": "Koffie, thee",
    "price": 0.42,
    "promoPrice": null,
    "price_per_unit": null,
    "unit": null,
    "image": "https://s7g10.scene7.com/is/image/aldinord/variant_1225256_1_main_cms_2_nl_nl_engelse_thee_melange_cw01_2024",
    "beschikbaar": true,
    "promoEnd": null,
    "link": "https://www.aldi.nl/engelse-thee-melange-1225256.html"
  },
  {
    "id": "1225254",
    "title": "DE AFBAKKER Saucijzenbroodjes Inhoud: 4 stuks, 280 g",
    "category": "Brood, ontbijtgranen",
    "price": 1.69,
    "promoPrice": null,
    "price_per_unit": 6.04,
    "unit": "KG",
    "image": "https://s7g10.scene7.com/is/image/aldinord/variant_1225254_1_main_cms_1_nl_nl_saucijzenbroodjes_cw01_2024",
    "beschikbaar": true,
    "promoEnd": null,
    "link": "https://www.aldi.nl/saucijzenbroodjes-1225254.html"
  },
  {
    "id": "1225252",
    "title": "BARISSIMO Koffiecapsules ristretto 20 stuks",
    "category": "Koffie, thee",
    "price": 1.5,
    "promoPrice": null,
    "price_per_unit": null,
    "unit": null,
    "image": "https://s7g10.scene7.com/is/image/aldinord/product_1225252_main_cms_2_nl_nl_koffiecapsules_ristretto_cw01_2024",
    "beschikbaar": true,
    "promoEnd": null,
    "link": "https://www.aldi.nl/koffiecapsules-ristretto-1225252.html"
  },
  {
    "id": "1225251",
    "title": "CALVÉ Calvé pindakaas regular 650 g",
    "category": "Brood, ontbijtgranen",
    "price": null,
    "promoPrice": null,
    "price_per_unit": null,
    "unit": null,
    "image": "https://s7g10.scene7.com/is/image/aldinord/variant_1225251_1_main_cms_1_nl_nl_calve_pindakaas_regular_cw01_2024",
    "beschikbaar": true,
    "promoEnd": null,
    "link": "https://www.aldi.nl/calv-pindakaas-regular-1225251.html"
  },
  {
    "id": "1225249",
    "title": "Witte bollen 12 stuks",
    "category": "Brood, ontbijtgranen",
    "price": 1.6,
    "promoPrice": null,
    "price_per_unit": null,
    "unit": null,
    "image": "https://s7g10.scene7.com/is/image/aldinord/variant_1225249_1_main_cms_1_nl_nl_witte_bollen_cw01_2024",
    "beschikbaar": true,
    "promoEnd": null,
    "link": "https://www.aldi.nl/witte-bollen-1225249.html"
  },
  {
    "id": "1225248",
    "title": "Boeren tijger wit Heel",
    "category": "Brood, ontbijtgranen",
    "price": 1.25,
    "promoPrice": null,
    "price_per_unit": null,
    "unit": null,
    "image": "https://s7g10.scene7.com/is/image/aldinord/variant_1225248_1_main_cms_1_nl_nl_boeren_tijger_wit_cw01_2024",
    "beschikbaar": true,
    "promoEnd": null,
    "link": "https://www.aldi.nl/boeren-tijger-wit-1225248.html"
  },
  {
    "id": "1225247",
    "title": "WESTMINSTER Earl grey thee 20 x 4 g",
    "category": "Koffie, thee",
    "price": 0.75,
    "promoPrice": null,
    "price_per_unit": 187.5,
    "unit": "KG",
    "image": "https://s7g10.scene7.com/is/image/aldinord/variant_1225247_1_main_cms_2_nl_nl_earl_grey_thee_cw01_2024",
    "beschikbaar": true,
    "promoEnd": null,
    "link": "https://www.aldi.nl/earl-grey-thee-1225247.html"
  },
  {
    "id": "1225236",
    "title": "Luxe vloerbrood zonnebloem Heel",
    "category": "Brood, ontbijtgranen",
    "price": 2.19,
    "promoPrice": null,
    "price_per_unit": null,
    "unit": null,
    "image": "https://s7g10.scene7.com/is/image/aldinord/variant_1225236_1_main_cms_3_nl_nl_luxe_vloerbrood_zonnebloem_cw01_2024",
    "beschikbaar": true,
    "promoEnd": null,
    "link": "https://www.aldi.nl/luxe-vloerbrood-zonnebloem-1225236.html"
  },
  {
    "id": "1225235",
    "title": "Boeren tijger volkoren Heel",
    "category": "Brood, ontbijtgranen",
    "price": 1.25,
    "promoPrice": null,
    "price_per_unit": null,
    "unit": null,
    "image": "https://s7g10.scene7.com/is/image/aldinord/variant_1225235_1_main_cms_1_nl_nl_boeren_tijger_volkoren_cw01_2024",
    "beschikbaar": true,
    "promoEnd": null,
    "link": "https://www.aldi.nl/boeren-tijger-volkoren-1225235.html"
  },
  {
    "id": "1225234",
    "title": "Bruine bollen 12 stuks",
    "category": "Brood, ontbijtgranen",
    "price": 1.6,
    "promoPrice": null,
    "price_per_unit": null,
    "unit": null,
    "image": "https://s7g10.scene7.com/is/image/aldinord/variant_1225234_1_main_cms_1_nl_nl_bruine_bollen_cw01_2024",
    "beschikbaar": true,
    "promoEnd": null,
    "link": "https://www.aldi.nl/bruine-bollen-1225234.html"
  },
  {
    "id": "1225233",
    "title": "Luxe vloerbrood meergranen Heel",
    "category": "Brood, ontbijtgranen",
    "price": 1.99,
    "promoPrice": null,
    "price_per_unit": null,
    "unit": null,
    "image": "https://s7g10.scene7.com/is/image/aldinord/variant_1225233_1_main_cms_1_nl_nl_luxe_vloerbrood_meergranen_cw01_2024",
    "beschikbaar": true,
    "promoEnd": null,
    "link": "https://www.aldi.nl/luxe-vloerbrood-meergranen-1225233.html"
  },
  {
    "id": "1225232",
    "title": "Luxe vloerbrood maïs Heel",
    "category": "Brood, ontbijtgranen",
    "price": 2.19,
    "promoPrice": null,
    "price_per_unit": null,
    "unit": null,
    "image": "https://s7g10.scene7.com/is/image/aldinord/variant_1225232_1_main_cms_1_nl_nl_luxe_vloerbrood_mais_cw01_2024",
    "beschikbaar": true,
    "promoEnd": null,
    "link": "https://www.aldi.nl/luxe-vloerbrood-mas-1225232.html"
  },
  {
    "id": "1225231",
    "title": "GOLDEN BRIDGE Krokante muesli chocolade 900 g",
    "category": "Brood, ontbijtgranen",
    "price": 3.49,
    "promoPrice": null,
    "price_per_unit": 3.88,
    "unit": "KG",
    "image": "https://s7g10.scene7.com/is/image/aldinord/variant_1225231_1_main_cms_2_nl_nl_krokante_muesli_chocolade_cw01_2024",
    "beschikbaar": true,
    "promoEnd": null,
    "link": "https://www.aldi.nl/krokante-muesli-chocolade-1225231.html"
  },
  {
    "id": "1225219",
    "title": "Boeren tijger bruin Heel",
    "category": "Brood, ontbijtgranen",
    "price": 1.25,
    "promoPrice": null,
    "price_per_unit": null,
    "unit": null,
    "image": "https://s7g10.scene7.com/is/image/aldinord/variant_1225219_1_main_cms_1_nl_nl_boeren_tijger_bruin_cw01_2024",
    "beschikbaar": true,
    "promoEnd": null,
    "link": "https://www.aldi.nl/boeren-tijger-bruin-1225219.html"
  },
  {
    "id": "1225218",
    "title": "DE AFBAKKER Turks brood 500 g",
    "category": "Brood, ontbijtgranen",
    "price": 1.29,
    "promoPrice": null,
    "price_per_unit": 2.58,
    "unit": "KG",
    "image": "https://s7g10.scene7.com/is/image/aldinord/variant_1225218_1_main_cms_1_nl_nl_turks_brood_cw01_2024",
    "beschikbaar": true,
    "promoEnd": null,
    "link": "https://www.aldi.nl/turks-brood-1225218.html"
  },
  {
    "id": "1225216",
    "title": "Mini-roomboterrozijnenbollen 9 stuks",
    "category": "Brood, ontbijtgranen",
    "price": 1.99,
    "promoPrice": null,
    "price_per_unit": null,
    "unit": null,
    "image": "https://s7g10.scene7.com/is/image/aldinord/variant_1225216_1_main_cms_2_nl_nl_mini_roomboterrozijnenbollen_cw01_2024",
    "beschikbaar": true,
    "promoEnd": null,
    "link": "https://www.aldi.nl/mini-roomboterrozijnenbollen-1225216.html"
  },
  {
    "id": "1225211",
    "title": "KOEK&BAKKER Gesneden ontbijtkoek naturel 485 g",
    "category": "Brood, ontbijtgranen",
    "price": 1.45,
    "promoPrice": null,
    "price_per_unit": 2.99,
    "unit": "KG",
    "image": "https://s7g10.scene7.com/is/image/aldinord/variant_1225211_1_main_cms_2_nl_nl_gesneden_ontbijtkoek_naturel_cw01_2024",
    "beschikbaar": true,
    "promoEnd": null,
    "link": "https://www.aldi.nl/gesneden-ontbijtkoek-naturel-1225211.html"
  },
  {
    "id": "1225210",
    "title": "KOEK&BAKKER Gesneden volkoren ontbijtkoek 485 g",
    "category": "Brood, ontbijtgranen",
    "price": 1.39,
    "promoPrice": null,
    "price_per_unit": 2.87,
    "unit": "KG",
    "image": "https://s7g10.scene7.com/is/image/aldinord/variant_1225210_1_main_cms_2_nl_nl_gesneden_volkoren_ontbijtkoek_cw01_2024",
    "beschikbaar": true,
    "promoEnd": null,
    "link": "https://www.aldi.nl/gesneden-volkoren-ontbijtkoek-1225210.html"
  },
  {
    "id": "1225209",
    "title": "KOEK&BAKKER Gesneden ontbijtkoek zero 485 g",
    "category": "Brood, ontbijtgranen",
    "price": 1.89,
    "promoPrice": null,
    "price_per_unit": 3.9,
    "unit": "KG",
    "image": "https://s7g10.scene7.com/is/image/aldinord/variant_1225209_1_main_cms_2_nl_nl_gesneden_ontbijtkoek_zero_cw01_2024",
    "beschikbaar": true,
    "promoEnd": null,
    "link": "https://www.aldi.nl/gesneden-ontbijtkoek-zero-1225209.html"
  },
  {
    "id": "1225202",
    "title": "Roomboter croissant Per stuk",
    "category": "Brood, ontbijtgranen",
    "price": 0.45,
    "promoPrice": null,
    "price_per_unit": null,
    "unit": null,
    "image": "https://s7g10.scene7.com/is/image/aldinord/product_1225202_main_cms_7_nl_nl_roomboter_croissant_cw01_2024",
    "beschikbaar": true,
    "promoEnd": null,
    "link": "https://www.aldi.nl/roomboter-croissant-1225202.html"
  },
  {
    "id": "1225194",
    "title": "SCHULTENBRÄU Premium pils 0.3 l",
    "category": "Bier, wijn, sterke drank",
    "price": 0.34,
    "promoPrice": null,
    "price_per_unit": null,
    "unit": null,
    "image": "https://s7g10.scene7.com/is/image/aldinord/product_1225194_main_cms_2_nl_nl_premium_pils_cw01_2024",
    "beschikbaar": true,
    "promoEnd": null,
    "link": "https://www.aldi.nl/premium-pils-1225194.html"
  },
  {
    "id": "1225177",
    "title": "SUN SNACKS Crackers 75 g",
    "category": "Brood, ontbijtgranen",
    "price": 1.39,
    "promoPrice": null,
    "price_per_unit": 18.53,
    "unit": "KG",
    "image": "https://s7g10.scene7.com/is/image/aldinord/product_1225177_main_cms_5_nl_nl_crackers_cw01_2024",
    "beschikbaar": true,
    "promoEnd": null,
    "link": "https://www.aldi.nl/crackers-1225177.html"
  },
  {
    "id": "1225174",
    "title": "BISCOTTO Mini biscuits 225 g",
    "category": "Snoep, koek, chips",
    "price": 1.99,
    "promoPrice": null,
    "price_per_unit": 8.84,
    "unit": "KG",
    "image": "https://s7g10.scene7.com/is/image/aldinord/product_1225174_main_cms_3_nl_nl_mini_biscuits_cw01_2024",
    "beschikbaar": true,
    "promoEnd": null,
    "link": "https://www.aldi.nl/mini-biscuits-1225174.html"
  },
  {
    "id": "1225168",
    "title": "FUN Kauwgomballen 75 g",
    "category": "Snoep, koek, chips",
    "price": 0.39,
    "promoPrice": null,
    "price_per_unit": 5.2,
    "unit": "KG",
    "image": "https://s7g10.scene7.com/is/image/aldinord/product_1225168_main_cms_1_nl_nl_kauwgomballen_cw01_2024",
    "beschikbaar": true,
    "promoEnd": null,
    "link": "https://www.aldi.nl/kauwgomballen-1225168.html"
  },
  {
    "id": "1225150",
    "title": "BECEL Margarine light 600 g",
    "category": "Zuivel, eieren",
    "price": null,
    "promoPrice": null,
    "price_per_unit": null,
    "unit": null,
    "image": "https://s7g10.scene7.com/is/image/aldinord/product_1225150_main_cms_1_nl_nl_margarine_light_cw01_2024",
    "beschikbaar": true,
    "promoEnd": null,
    "link": "https://www.aldi.nl/margarine-light-1225150.html"
  },
  {
    "id": "1225149",
    "title": "MILSANI IJskoffie latte macchiato 250 ml",
    "category": "Koffie, thee",
    "price": 0.75,
    "promoPrice": null,
    "price_per_unit": 3.0,
    "unit": "L",
    "image": "https://s7g10.scene7.com/is/image/aldinord/product_1225149_main_cms_1_nl_nl_ijskoffie_latte_macchiato_cw01_2024",
    "beschikbaar": true,
    "promoEnd": null,
    "link": "https://www.aldi.nl/ijskoffie-latte-macchiato-1225149.html"
  },
  {
    "id": "1225145",
    "title": "BARISSIMO IJskoffie  latte espresso 250 ml",
    "category": "Koffie, thee",
    "price": 0.75,
    "promoPrice": null,
    "price_per_unit": 3.0,
    "unit": "L",
    "image": "https://s7g10.scene7.com/is/image/aldinord/product_1225145_main_cms_1_nl_nl_ijskoffie_latte_espresso_cw01_2024",
    "beschikbaar": true,
    "promoEnd": null,
    "link": "https://www.aldi.nl/ijskoffie-latte-espresso-1225145.html"
  },
  {
    "id": "1225144",
    "title": "BARISSIMO IJskoffie latte cappuccino 250 ml",
    "category": "Koffie, thee",
    "price": 0.75,
    "promoPrice": null,
    "price_per_unit": 3.0,
    "unit": "L",
    "image": "https://s7g10.scene7.com/is/image/aldinord/product_1225144_main_cms_1_nl_nl_ijskoffie_latte_cappuccino_cw01_2024",
    "beschikbaar": true,
    "promoEnd": null,
    "link": "https://www.aldi.nl/ijskoffie-latte-cappuccino-1225144.html"
  },
  {
    "id": "1225132",
    "title": "BECEL Margarine original 600 g",
    "category": "Zuivel, eieren",
    "price": null,
    "promoPrice": null,
    "price_per_unit": null,
    "unit": null,
    "image": "https://s7g10.scene7.com/is/image/aldinord/product_1225132_main_cms_1_nl_nl_margarine_original_cw01_2024",
    "beschikbaar": true,
    "promoEnd": null,
    "link": "https://www.aldi.nl/margarine-original-1225132.html"
  },
  {
    "id": "1225088",
    "title": "CHOCEUR Melk muis reep 200 g",
    "category": "Zuivel, eieren",
    "price": 1.99,
    "promoPrice": 1.99,
    "price_per_unit": 9.95,
    "unit": "KG",
    "image": "https://s7g10.scene7.com/is/image/aldinord/product_1225088_main_cms_5_nl_nl_melk_muis_reep_cw01_2024",
    "beschikbaar": true,
    "promoEnd": "2025-10-12",
    "link": "https://www.aldi.nl/melk-muis-reep-1225088.html"
  },
  {
    "id": "1225009",
    "title": "SUN SNACKS Hoppies naturel 125 g",
    "category": "Snoep, koek, chips",
    "price": 0.99,
    "promoPrice": null,
    "price_per_unit": 7.92,
    "unit": "KG",
    "image": "https://s7g10.scene7.com/is/image/aldinord/product_1225009_main_cms_1_nl_nl_hoppies_naturel_cw01_2024",
    "beschikbaar": true,
    "promoEnd": null,
    "link": "https://www.aldi.nl/hoppies-naturel-1225009.html"
  },
  {
    "id": "1225007",
    "title": "ASIA GREEN GARDEN Sambal oelek 200 g",
    "category": "Speciaal assortiment",
    "price": 1.39,
    "promoPrice": 1.39,
    "price_per_unit": 6.95,
    "unit": "KG",
    "image": "https://s7g10.scene7.com/is/image/aldinord/product_1225007_main_cms_9_nl_nl_sambal_oelek_cw01_2024",
    "beschikbaar": true,
    "promoEnd": "2025-10-19",
    "link": "https://www.aldi.nl/sambal-oelek-1225007.html"
  },
  {
    "id": "1224973",
    "title": "MILSANI Milkshake aardbei of vanille 200 ml",
    "category": "Zuivel, eieren",
    "price": 0.99,
    "promoPrice": null,
    "price_per_unit": 4.95,
    "unit": "L",
    "image": "https://s7g10.scene7.com/is/image/aldinord/product_1224973_main_cms_6_nl_nl_milkshake_aardbei_of_vanille_cw01_2024",
    "beschikbaar": true,
    "promoEnd": null,
    "link": "https://www.aldi.nl/milkshake-aardbei-of-vanille-1224973.html"
  },
  {
    "id": "1224971",
    "title": "Beenham- of ham-preisalade 250 g",
    "category": "Maaltijden, salades",
    "price": 1.66,
    "promoPrice": null,
    "price_per_unit": 6.64,
    "unit": "KG",
    "image": "https://s7g10.scene7.com/is/image/aldinord/product_1224971_main_cms_11_nl_nl_beenham_of_ham_preisalade_cw01_2024",
    "beschikbaar": true,
    "promoEnd": null,
    "link": "https://www.aldi.nl/beenham-of-ham-preisalade-1224971.html"
  },
  {
    "id": "1224970",
    "title": "LOOK-O-LOOK Snoepveters aardbeismaak 125 g",
    "category": "Snoep, koek, chips",
    "price": null,
    "promoPrice": null,
    "price_per_unit": null,
    "unit": null,
    "image": "https://s7g10.scene7.com/is/image/aldinord/product_1224970_main_cms_1_nl_nl_snoepveters_aardbeismaak_cw01_2024",
    "beschikbaar": true,
    "promoEnd": null,
    "link": "https://www.aldi.nl/snoepveters-aardbeismaak-1224970.html"
  },
  {
    "id": "1224938",
    "title": "Grillworst 250 g",
    "category": "Vlees, vis, vega",
    "price": 2.79,
    "promoPrice": null,
    "price_per_unit": 11.16,
    "unit": "KG",
    "image": "https://s7g10.scene7.com/is/image/aldinord/product_1224938_main_cms_5_nl_nl_grillworst_cw01_2024",
    "beschikbaar": true,
    "promoEnd": null,
    "link": "https://www.aldi.nl/grillworst-1224938.html"
  },
  {
    "id": "1224937",
    "title": "Zeeuws spek 150 g",
    "category": "Vlees, vis, vega",
    "price": 2.08,
    "promoPrice": null,
    "price_per_unit": null,
    "unit": null,
    "image": "https://s7g10.scene7.com/is/image/aldinord/product_1224937_main_cms_1_nl_nl_zeeuws_spek_cw01_2024",
    "beschikbaar": true,
    "promoEnd": null,
    "link": "https://www.aldi.nl/zeeuws-spek-1224937.html"
  },
  {
    "id": "1224936",
    "title": "FEE Waspoeder wit 22 wasbeurten",
    "category": "Huishouden",
    "price": 1.89,
    "promoPrice": null,
    "price_per_unit": null,
    "unit": null,
    "image": "https://s7g10.scene7.com/is/image/aldinord/product_1224936_main_cms_1_nl_nl_waspoeder_wit_cw01_2024",
    "beschikbaar": true,
    "promoEnd": null,
    "link": "https://www.aldi.nl/waspoeder-wit-1224936.html"
  },
  {
    "id": "1224935",
    "title": "FEE Waspoeder kleur 22 wasbeurten",
    "category": "Huishouden",
    "price": 1.34,
    "promoPrice": null,
    "price_per_unit": null,
    "unit": null,
    "image": "https://s7g10.scene7.com/is/image/aldinord/product_1224935_main_cms_1_nl_nl_waspoeder_kleur_cw01_2024",
    "beschikbaar": true,
    "promoEnd": null,
    "link": "https://www.aldi.nl/waspoeder-kleur-1224935.html"
  },
  {
    "id": "1224930",
    "title": "BLACKSTONE Hazelnut creamlikeur 0.7 l",
    "category": "Speciaal assortiment",
    "price": 5.99,
    "promoPrice": null,
    "price_per_unit": null,
    "unit": null,
    "image": "https://s7g10.scene7.com/is/image/aldinord/product_1224930_main_cms_6_nl_nl_hazelnut_creamlikeur_cw01_2024",
    "beschikbaar": true,
    "promoEnd": null,
    "link": "https://www.aldi.nl/hazelnut-creamlikeur-1224930.html"
  },
  {
    "id": "1224918",
    "title": "DE KRUIDEN COMPANY Pepermolen 50 g",
    "category": "Maaltijden, salades",
    "price": 1.49,
    "promoPrice": null,
    "price_per_unit": 29.8,
    "unit": "KG",
    "image": "https://s7g10.scene7.com/is/image/aldinord/product_1224918_main_cms_5_nl_nl_pepermolen_cw01_2024",
    "beschikbaar": true,
    "promoEnd": null,
    "link": "https://www.aldi.nl/pepermolen-1224918.html"
  },
  {
    "id": "1224917",
    "title": "DE KRUIDEN COMPANY Zeezoutmolen 110 g",
    "category": "Maaltijden, salades",
    "price": 1.49,
    "promoPrice": null,
    "price_per_unit": 13.55,
    "unit": "KG",
    "image": "https://s7g10.scene7.com/is/image/aldinord/variant_1224917_1_main_cms_2_nl_nl_zeezoutmolen_cw01_2024",
    "beschikbaar": true,
    "promoEnd": null,
    "link": "https://www.aldi.nl/zeezoutmolen-1224917.html"
  },
  {
    "id": "1224916",
    "title": "ASIA GREEN GARDEN Instant noodles 65 g",
    "category": "Maaltijden, salades",
    "price": 0.99,
    "promoPrice": null,
    "price_per_unit": null,
    "unit": null,
    "image": "https://s7g10.scene7.com/is/image/aldinord/product_1224916_main_cms_5_nl_nl_instant_noodles_cw01_2024",
    "beschikbaar": true,
    "promoEnd": null,
    "link": "https://www.aldi.nl/instant-noodles-1224916.html"
  },
  {
    "id": "1224906",
    "title": "TROPHY SMAAKMAKERS Mayonaise 750 ml",
    "category": "Maaltijden, salades",
    "price": 2.45,
    "promoPrice": null,
    "price_per_unit": 3.27,
    "unit": "L",
    "image": "https://s7g10.scene7.com/is/image/aldinord/variant_1224906_1_main_cms_2_nl_nl_mayonaise_cw01_2024",
    "beschikbaar": true,
    "promoEnd": null,
    "link": "https://www.aldi.nl/mayonaise-1224906.html"
  },
  {
    "id": "1224886",
    "title": "FRESH LIFE Hoestbonbons of pepermunt 200 g",
    "category": "Snoep, koek, chips",
    "price": 1.59,
    "promoPrice": null,
    "price_per_unit": 7.95,
    "unit": "KG",
    "image": "https://s7g10.scene7.com/is/image/aldinord/product_1224886_main_cms_3_nl_nl_hoestbonbons_of_pepermunt_cw01_2024",
    "beschikbaar": true,
    "promoEnd": null,
    "link": "https://www.aldi.nl/hoestbonbons-of-pepermunt-1224886.html"
  },
  {
    "id": "1224868",
    "title": "Roquefort 150 g",
    "category": "Zuivel, eieren",
    "price": 2.99,
    "promoPrice": null,
    "price_per_unit": null,
    "unit": null,
    "image": "https://s7g10.scene7.com/is/image/aldinord/product_1224868_main_cms_1_nl_nl_roquefort_cw01_2024",
    "beschikbaar": true,
    "promoEnd": null,
    "link": "https://www.aldi.nl/roquefort-1224868.html"
  },
  {
    "id": "1224865",
    "title": "MY VAY Plantaardig Goudse plakken Inhoud: 8 plakken, 200 g",
    "category": "Zuivel, eieren",
    "price": 1.69,
    "promoPrice": null,
    "price_per_unit": 8.45,
    "unit": "KG",
    "image": "https://s7g10.scene7.com/is/image/aldinord/variant_1224865_1_main_cms_1_nl_nl_plantaardig_goudse_plakken_cw01_2024",
    "beschikbaar": true,
    "promoEnd": null,
    "link": "https://www.aldi.nl/plantaardig-goudse-plakken-1224865.html"
  },
  {
    "id": "1224862",
    "title": "MY VAY Plantaardig alternatief voor Goudse rasp 200 g",
    "category": "Zuivel, eieren",
    "price": 1.49,
    "promoPrice": null,
    "price_per_unit": 7.45,
    "unit": "KG",
    "image": "https://s7g10.scene7.com/is/image/aldinord/product_1224862_main_cms_1_nl_nl_plantaardig_alternatief_voor_goudse_rasp_cw01_2024",
    "beschikbaar": true,
    "promoEnd": null,
    "link": "https://www.aldi.nl/plantaardig-alternatief-voor-goudse-rasp-1224862.html"
  },
  {
    "id": "1224849",
    "title": "TRADER JOE'S Gezouten notenmix 150 g",
    "category": "Snoep, koek, chips",
    "price": 1.39,
    "promoPrice": null,
    "price_per_unit": 9.27,
    "unit": "KG",
    "image": "https://s7g10.scene7.com/is/image/aldinord/product_1224849_main_cms_1_nl_nl_gezouten_notenmix_cw01_2024",
    "beschikbaar": true,
    "promoEnd": null,
    "link": "https://www.aldi.nl/gezouten-notenmix-1224849.html"
  },
  {
    "id": "1224844",
    "title": "HARIBO Snoep 300 g",
    "category": "Snoep, koek, chips",
    "price": null,
    "promoPrice": null,
    "price_per_unit": null,
    "unit": null,
    "image": "https://s7g10.scene7.com/is/image/aldinord/product_1224844_main_cms_1_nl_nl_snoep_cw01_2024",
    "beschikbaar": true,
    "promoEnd": null,
    "link": "https://www.aldi.nl/snoep-1224844.html"
  },
  {
    "id": "1224841",
    "title": "RIVER Cola regular 1.5 l",
    "category": "Frisdrank, sappen",
    "price": 0.79,
    "promoPrice": null,
    "price_per_unit": 0.53,
    "unit": "L",
    "image": "https://s7g10.scene7.com/is/image/aldinord/product_1224841_main_cms_11_nl_nl_cola_regular_cw01_2024",
    "beschikbaar": true,
    "promoEnd": null,
    "link": "https://www.aldi.nl/cola-regular-1224841.html"
  },
  {
    "id": "1224840",
    "title": "RIVER Lemon 1.5 l",
    "category": "Frisdrank, sappen",
    "price": 0.92,
    "promoPrice": null,
    "price_per_unit": 0.61,
    "unit": "L",
    "image": "https://s7g10.scene7.com/is/image/aldinord/product_1224840_main_cms_8_nl_nl_lemon_cw01_2024",
    "beschikbaar": true,
    "promoEnd": null,
    "link": "https://www.aldi.nl/lemon-1224840.html"
  },
  {
    "id": "1224839",
    "title": "RIVER Orange 1.5 l",
    "category": "Frisdrank, sappen",
    "price": 0.75,
    "promoPrice": null,
    "price_per_unit": 0.5,
    "unit": "L",
    "image": "https://s7g10.scene7.com/is/image/aldinord/product_1224839_main_cms_2_nl_nl_orange_cw01_2024",
    "beschikbaar": true,
    "promoEnd": null,
    "link": "https://www.aldi.nl/orange-1224839.html"
  },
  {
    "id": "1224831",
    "title": "STEENBRUGGE 4-pack tripel 4x33 cl",
    "category": "Bier, wijn, sterke drank",
    "price": 4.69,
    "promoPrice": null,
    "price_per_unit": null,
    "unit": null,
    "image": "https://s7g10.scene7.com/is/image/aldinord/product_1224831_main_cms_1_nl_nl_4_pack_tripel_cw01_2024",
    "beschikbaar": true,
    "promoEnd": null,
    "link": "https://www.aldi.nl/4-pack-tripel-1224831.html"
  },
  {
    "id": "1224830",
    "title": "STEENBRUGGE 4-pack bruin 4x33 cl",
    "category": "Bier, wijn, sterke drank",
    "price": 4.39,
    "promoPrice": null,
    "price_per_unit": null,
    "unit": null,
    "image": "https://s7g10.scene7.com/is/image/aldinord/product_1224830_main_cms_3_nl_nl_4_pack_bruin_cw01_2024",
    "beschikbaar": true,
    "promoEnd": null,
    "link": "https://www.aldi.nl/4-pack-bruin-1224830.html"
  },
  {
    "id": "1224829",
    "title": "STEENBRUGGE 4-pack blond 4x33 cl",
    "category": "Bier, wijn, sterke drank",
    "price": 4.39,
    "promoPrice": null,
    "price_per_unit": null,
    "unit": null,
    "image": "https://s7g10.scene7.com/is/image/aldinord/product_1224829_main_cms_11_nl_nl_4_pack_blond_cw01_2024",
    "beschikbaar": true,
    "promoEnd": null,
    "link": "https://www.aldi.nl/4-pack-blond-1224829.html"
  },
  {
    "id": "1224827",
    "title": "RIVER Cola light 1.5 l",
    "category": "Frisdrank, sappen",
    "price": 1.15,
    "promoPrice": null,
    "price_per_unit": null,
    "unit": null,
    "image": "https://s7g10.scene7.com/is/image/aldinord/product_1224827_main_cms_3_nl_nl_cola_light_cw01_2024",
    "beschikbaar": true,
    "promoEnd": null,
    "link": "https://www.aldi.nl/cola-light-1224827.html"
  },
  {
    "id": "1224825",
    "title": "RIVER Cassis 1.5 l",
    "category": "Frisdrank, sappen",
    "price": 1.69,
    "promoPrice": null,
    "price_per_unit": null,
    "unit": null,
    "image": "https://s7g10.scene7.com/is/image/aldinord/product_1224825_main_cms_4_nl_nl_cassis_cw01_2024",
    "beschikbaar": true,
    "promoEnd": null,
    "link": "https://www.aldi.nl/cassis-1224825.html"
  },
  {
    "id": "1224820",
    "title": "RIVER Lemon Zero 1.5 l",
    "category": "Frisdrank, sappen",
    "price": 0.92,
    "promoPrice": null,
    "price_per_unit": null,
    "unit": null,
    "image": "https://s7g10.scene7.com/is/image/aldinord/product_1224820_main_cms_2_nl_nl_lemon_zero_cw01_2024",
    "beschikbaar": true,
    "promoEnd": null,
    "link": "https://www.aldi.nl/lemon-zero-1224820.html"
  },
  {
    "id": "1224818",
    "title": "RIVER Orange Zero 1.5 l",
    "category": "Frisdrank, sappen",
    "price": 0.92,
    "promoPrice": null,
    "price_per_unit": null,
    "unit": null,
    "image": "https://s7g10.scene7.com/is/image/aldinord/product_1224818_main_cms_2_nl_nl_orange_zero_cw01_2024",
    "beschikbaar": true,
    "promoEnd": null,
    "link": "https://www.aldi.nl/orange-zero-1224818.html"
  },
  {
    "id": "1224817",
    "title": "RIVER Cola zero 1.5 l",
    "category": "Frisdrank, sappen",
    "price": 1.09,
    "promoPrice": null,
    "price_per_unit": null,
    "unit": null,
    "image": "https://s7g10.scene7.com/is/image/aldinord/product_1224817_main_cms_3_nl_nl_cola_zero_cw01_2024",
    "beschikbaar": true,
    "promoEnd": null,
    "link": "https://www.aldi.nl/cola-zero-1224817.html"
  },
  {
    "id": "1224816",
    "title": "RIVER Cassis zero 1.5 l",
    "category": "Frisdrank, sappen",
    "price": 1.69,
    "promoPrice": null,
    "price_per_unit": null,
    "unit": null,
    "image": "https://s7g10.scene7.com/is/image/aldinord/product_1224816_main_cms_2_nl_nl_cassis_zero_cw01_2024",
    "beschikbaar": true,
    "promoEnd": null,
    "link": "https://www.aldi.nl/cassis-zero-1224816.html"
  },
  {
    "id": "1224815",
    "title": "GOUD GEBAKKEN Koekhappers minder suiker of rozijn 6 stuks",
    "category": "Snoep, koek, chips",
    "price": 1.59,
    "promoPrice": null,
    "price_per_unit": null,
    "unit": null,
    "image": "https://s7g10.scene7.com/is/image/aldinord/product_1224815_main_cms_5_nl_nl_koekhappers_minder_suiker_of_rozijn_cw01_2024",
    "beschikbaar": true,
    "promoEnd": null,
    "link": "https://www.aldi.nl/koekhappers-minder-suiker-of-rozijn-1224815.html"
  },
  {
    "id": "1224814",
    "title": "GOUD GEBAKKEN Koekhappers kruid- of ontbijtkoek 6 stuks",
    "category": "Snoep, koek, chips",
    "price": 1.39,
    "promoPrice": null,
    "price_per_unit": null,
    "unit": null,
    "image": "https://s7g10.scene7.com/is/image/aldinord/product_1224814_main_cms_5_nl_nl_koekhappers_kruid_of_ontbijtkoek_cw01_2024",
    "beschikbaar": true,
    "promoEnd": null,
    "link": "https://www.aldi.nl/koekhappers-kruid-of-ontbijtkoek-1224814.html"
  },
  {
    "id": "1224807",
    "title": "TRADER JOE'S Pinda-maïsmix 150 g",
    "category": "Snoep, koek, chips",
    "price": 1.39,
    "promoPrice": null,
    "price_per_unit": 9.27,
    "unit": "KG",
    "image": "https://s7g10.scene7.com/is/image/aldinord/product_1224807_main_cms_1_nl_nl_pinda_maismix_cw01_2024",
    "beschikbaar": true,
    "promoEnd": null,
    "link": "https://www.aldi.nl/pinda-masmix-1224807.html"
  },
  {
    "id": "1224806",
    "title": "ASIA GREEN GARDEN Sushi-norivellen Inhoud: 10 vellen, 26 g",
    "category": "Speciaal assortiment",
    "price": 1.99,
    "promoPrice": 1.99,
    "price_per_unit": 76.54,
    "unit": "KG",
    "image": "https://s7g10.scene7.com/is/image/aldinord/product_1224806_main_cms_2_nl_nl_sushi_norivellen_cw01_2024",
    "beschikbaar": true,
    "promoEnd": "2025-10-19",
    "link": "https://www.aldi.nl/sushi-norivellen-1224806.html"
  },
  {
    "id": "1224805",
    "title": "ASIA GREEN GARDEN Rijstpapier 250 g",
    "category": "Speciaal assortiment",
    "price": 1.49,
    "promoPrice": 1.49,
    "price_per_unit": 5.96,
    "unit": "KG",
    "image": "https://s7g10.scene7.com/is/image/aldinord/product_1224805_main_cms_1_nl_nl_rijstpapier_cw01_2024",
    "beschikbaar": true,
    "promoEnd": "2025-10-19",
    "link": "https://www.aldi.nl/rijstpapier-1224805.html"
  },
  {
    "id": "1224804",
    "title": "ASIA GREEN GARDEN Udonnoedels 249-252 g",
    "category": "Speciaal assortiment",
    "price": 1.49,
    "promoPrice": 1.49,
    "price_per_unit": 5.91,
    "unit": "KG",
    "image": "https://s7g10.scene7.com/is/image/aldinord/product_1224804_main_cms_7_nl_nl_udonnoedels_cw01_2024",
    "beschikbaar": true,
    "promoEnd": "2025-10-19",
    "link": "https://www.aldi.nl/udonnoedels-1224804.html"
  },
  {
    "id": "1224803",
    "title": "ASIA GREEN GARDEN Aziatisch noedelgerecht 120 g",
    "category": "Speciaal assortiment",
    "price": 0.99,
    "promoPrice": 0.99,
    "price_per_unit": 8.25,
    "unit": "KG",
    "image": "https://s7g10.scene7.com/is/image/aldinord/product_1224803_main_cms_3_nl_nl_aziatisch_noedelgerecht_cw01_2024",
    "beschikbaar": true,
    "promoEnd": "2025-10-19",
    "link": "https://www.aldi.nl/aziatisch-noedelgerecht-1224803.html"
  },
  {
    "id": "1224801",
    "title": "TRADER JOE'S Geroosterde notenmix 200 g",
    "category": "Snoep, koek, chips",
    "price": 2.69,
    "promoPrice": null,
    "price_per_unit": 13.45,
    "unit": "KG",
    "image": "https://s7g10.scene7.com/is/image/aldinord/product_1224801_main_cms_1_nl_nl_geroosterde_notenmix_cw01_2024",
    "beschikbaar": true,
    "promoEnd": null,
    "link": "https://www.aldi.nl/geroosterde-notenmix-1224801.html"
  },
  {
    "id": "1224798",
    "title": "HARIBO Mega-roulette 45 g",
    "category": "Snoep, koek, chips",
    "price": null,
    "promoPrice": null,
    "price_per_unit": null,
    "unit": null,
    "image": "https://s7g10.scene7.com/is/image/aldinord/product_1224798_main_cms_1_nl_nl_mega_roulette_cw01_2024",
    "beschikbaar": true,
    "promoEnd": null,
    "link": "https://www.aldi.nl/mega-roulette-1224798.html"
  },
  {
    "id": "1224795",
    "title": "ASIA GREEN GARDEN Ramen of udonnoedels 200 g",
    "category": "Speciaal assortiment",
    "price": 0.99,
    "promoPrice": 0.99,
    "price_per_unit": 4.95,
    "unit": "KG",
    "image": "https://s7g10.scene7.com/is/image/aldinord/product_1224795_main_cms_3_nl_nl_ramen_of_udonnoedels_cw01_2024",
    "beschikbaar": true,
    "promoEnd": "2025-10-19",
    "link": "https://www.aldi.nl/ramen-of-udonnoedels-1224795.html"
  },
  {
    "id": "1224790",
    "title": "Pinot Grigio Blush bag-in-box 3 l",
    "category": "Speciaal assortiment",
    "price": null,
    "promoPrice": null,
    "price_per_unit": null,
    "unit": null,
    "image": "https://s7g10.scene7.com/is/image/aldinord/product_1224790_main_cms_5_nl_nl_pinot_grigio_blush_bag_in_box_cw01_2024",
    "beschikbaar": true,
    "promoEnd": null,
    "link": "https://www.aldi.nl/pinot-grigio-blush-bag-in-box-1224790.html"
  },
  {
    "id": "1224715",
    "title": "BARISSIMO Koffiefilters nr.4 100 stuks",
    "category": "Koffie, thee",
    "price": 0.85,
    "promoPrice": null,
    "price_per_unit": null,
    "unit": null,
    "image": "https://s7g10.scene7.com/is/image/aldinord/product_1224715_main_cms_2_nl_nl_koffiefilters_nr_4_cw01_2024",
    "beschikbaar": true,
    "promoEnd": null,
    "link": "https://www.aldi.nl/koffiefilters-nr4-1224715.html"
  },
  {
    "id": "1224711",
    "title": "MY VAY Plantaardig alternatief voor roomkaas 150 g",
    "category": "Zuivel, eieren",
    "price": 1.49,
    "promoPrice": null,
    "price_per_unit": 9.93,
    "unit": "KG",
    "image": "https://s7g10.scene7.com/is/image/aldinord/product_1224711_main_cms_7_nl_nl_plantaardig_alternatief_voor_roomkaas_cw01_2024",
    "beschikbaar": true,
    "promoEnd": null,
    "link": "https://www.aldi.nl/plantaardig-alternatief-voor-roomkaas-1224711.html"
  },
  {
    "id": "1224710",
    "title": "DROPMAKERS Dropsticks 250 g",
    "category": "Speciaal assortiment",
    "price": 1.49,
    "promoPrice": 1.49,
    "price_per_unit": 5.96,
    "unit": "KG",
    "image": "https://s7g10.scene7.com/is/image/aldinord/product_1224710_main_cms_3_nl_nl_dropsticks_cw01_2024",
    "beschikbaar": true,
    "promoEnd": "2025-10-19",
    "link": "https://www.aldi.nl/dropsticks-1224710.html"
  },
  {
    "id": "1224667",
    "title": "WESTMINSTER Ice Tea Sparkling Lemon Zero 1.5 l",
    "category": "Frisdrank, sappen",
    "price": 0.99,
    "promoPrice": null,
    "price_per_unit": null,
    "unit": null,
    "image": "https://s7g10.scene7.com/is/image/aldinord/product_1224667_main_cms_1_nl_nl_ice_tea_sparkling_lemon_zero_cw01_2024",
    "beschikbaar": true,
    "promoEnd": null,
    "link": "https://www.aldi.nl/ice-tea-sparkling-lemon-zero-1224667.html"
  },
  {
    "id": "1224659",
    "title": "NOVITESSE Badmat structuur chenille Per stuk",
    "category": "Speciaal assortiment",
    "price": 5.99,
    "promoPrice": 5.99,
    "price_per_unit": null,
    "unit": null,
    "image": "https://s7g10.scene7.com/is/image/aldinord/product_1224659_main_cms_8_nl_nl_badmat_structuur_chenille_cw01_2024",
    "beschikbaar": true,
    "promoEnd": "2025-10-24",
    "link": "https://www.aldi.nl/badmat-structuur-chenille-1224659.html"
  },
  {
    "id": "1224640",
    "title": "ORIENTAL DELIGHT Foe yong hai of saté ajam 350 g",
    "category": "Maaltijden, salades",
    "price": 3.49,
    "promoPrice": null,
    "price_per_unit": 9.97,
    "unit": "KG",
    "image": "https://s7g10.scene7.com/is/image/aldinord/product_1224640_main_cms_4_nl_nl_foe_yong_hai_of_sate_ajam_cw01_2024",
    "beschikbaar": true,
    "promoEnd": null,
    "link": "https://www.aldi.nl/foe-yong-hai-of-sat-ajam-1224640.html"
  },
  {
    "id": "1224636",
    "title": "ORIENTAL DELIGHT Aziatische maaltijd 350 g",
    "category": "Maaltijden, salades",
    "price": 3.49,
    "promoPrice": null,
    "price_per_unit": 9.97,
    "unit": "KG",
    "image": "https://s7g10.scene7.com/is/image/aldinord/product_1224636_main_cms_3_nl_nl_aziatische_maaltijd_cw01_2024",
    "beschikbaar": true,
    "promoEnd": null,
    "link": "https://www.aldi.nl/aziatische-maaltijd-1224636.html"
  },
  {
    "id": "1224635",
    "title": "ORIENTAL DELIGHT Nasi goreng 350 g",
    "category": "Maaltijden, salades",
    "price": 2.99,
    "promoPrice": null,
    "price_per_unit": 8.54,
    "unit": "KG",
    "image": "https://s7g10.scene7.com/is/image/aldinord/product_1224635_main_cms_1_nl_nl_nasi_goreng_cw01_2024",
    "beschikbaar": true,
    "promoEnd": null,
    "link": "https://www.aldi.nl/nasi-goreng-1224635.html"
  },
  {
    "id": "1224634",
    "title": "FRESH LIFE Duo mints 44 g",
    "category": "Snoep, koek, chips",
    "price": 0.65,
    "promoPrice": null,
    "price_per_unit": 14.77,
    "unit": "KG",
    "image": "https://s7g10.scene7.com/is/image/aldinord/product_1224634_main_cms_4_nl_nl_duo_mints_cw01_2024",
    "beschikbaar": true,
    "promoEnd": null,
    "link": "https://www.aldi.nl/duo-mints-1224634.html"
  },
  {
    "id": "1224609",
    "title": "GOUD GEBAKKEN Robuuste crackers 200 g",
    "category": "Brood, ontbijtgranen",
    "price": 1.89,
    "promoPrice": null,
    "price_per_unit": 9.45,
    "unit": "KG",
    "image": "https://s7g10.scene7.com/is/image/aldinord/product_1224609_main_cms_5_nl_nl_robuuste_crackers_cw01_2024",
    "beschikbaar": true,
    "promoEnd": null,
    "link": "https://www.aldi.nl/robuuste-crackers-1224609.html"
  },
  {
    "id": "1224608",
    "title": "GOUD GEBAKKEN Robuuste crackers 200 g",
    "category": "Brood, ontbijtgranen",
    "price": 1.89,
    "promoPrice": null,
    "price_per_unit": 9.45,
    "unit": "KG",
    "image": "https://s7g10.scene7.com/is/image/aldinord/product_1224608_main_cms_5_nl_nl_robuuste_crackers_cw01_2024",
    "beschikbaar": true,
    "promoEnd": null,
    "link": "https://www.aldi.nl/robuuste-crackers-1224608.html"
  },
  {
    "id": "1224606",
    "title": "RIVER Ginger ale 1 l",
    "category": "Frisdrank, sappen",
    "price": 1.19,
    "promoPrice": null,
    "price_per_unit": null,
    "unit": null,
    "image": "https://s7g10.scene7.com/is/image/aldinord/product_1224606_main_cms_2_nl_nl_ginger_ale_cw01_2024",
    "beschikbaar": true,
    "promoEnd": null,
    "link": "https://www.aldi.nl/ginger-ale-1224606.html"
  },
  {
    "id": "1224601",
    "title": "Sprinkles melk of puur 300 g",
    "category": "Brood, ontbijtgranen",
    "price": 1.29,
    "promoPrice": null,
    "price_per_unit": null,
    "unit": null,
    "image": "https://s7g10.scene7.com/is/image/aldinord/product_1224601_main_cms_1_nl_nl_sprinkles_melk_of_puur_cw01_2024",
    "beschikbaar": true,
    "promoEnd": null,
    "link": "https://www.aldi.nl/sprinkles-melk-of-puur-1224601.html"
  },
  {
    "id": "1224588",
    "title": "RIVER Bitter lemon 1 l",
    "category": "Frisdrank, sappen",
    "price": 1.19,
    "promoPrice": null,
    "price_per_unit": null,
    "unit": null,
    "image": "https://s7g10.scene7.com/is/image/aldinord/product_1224588_main_cms_2_nl_nl_bitter_lemon_cw01_2024",
    "beschikbaar": true,
    "promoEnd": null,
    "link": "https://www.aldi.nl/bitter-lemon-1224588.html"
  },
  {
    "id": "1224571",
    "title": "RIVER Tonic 1 l",
    "category": "Frisdrank, sappen",
    "price": 1.19,
    "promoPrice": null,
    "price_per_unit": null,
    "unit": null,
    "image": "https://s7g10.scene7.com/is/image/aldinord/product_1224571_main_cms_2_nl_nl_tonic_cw01_2024",
    "beschikbaar": true,
    "promoEnd": null,
    "link": "https://www.aldi.nl/tonic-1224571.html"
  },
  {
    "id": "1224534",
    "title": "WESTMINSTER Ice Tea Sparkling Lemon 1.5 l",
    "category": "Frisdrank, sappen",
    "price": 0.99,
    "promoPrice": null,
    "price_per_unit": null,
    "unit": null,
    "image": "https://s7g10.scene7.com/is/image/aldinord/product_1224534_main_cms_1_nl_nl_ice_tea_sparkling_lemon_cw01_2024",
    "beschikbaar": true,
    "promoEnd": null,
    "link": "https://www.aldi.nl/ice-tea-sparkling-lemon-1224534.html"
  },
  {
    "id": "1224515",
    "title": "ASIA GREEN GARDEN Gekonfijte gember 200 g",
    "category": "Speciaal assortiment",
    "price": 1.99,
    "promoPrice": 1.99,
    "price_per_unit": 9.95,
    "unit": "KG",
    "image": "https://s7g10.scene7.com/is/image/aldinord/product_1224515_main_cms_1_nl_nl_gekonfijte_gember_cw01_2024",
    "beschikbaar": true,
    "promoEnd": "2025-10-19",
    "link": "https://www.aldi.nl/gekonfijte-gember-1224515.html"
  },
  {
    "id": "1224513",
    "title": "ORIENTAL DELIGHT Bami goreng 350 g",
    "category": "Maaltijden, salades",
    "price": 2.99,
    "promoPrice": null,
    "price_per_unit": 8.54,
    "unit": "KG",
    "image": "https://s7g10.scene7.com/is/image/aldinord/product_1224513_main_cms_1_nl_nl_bami_goreng_cw01_2024",
    "beschikbaar": true,
    "promoEnd": null,
    "link": "https://www.aldi.nl/bami-goreng-1224513.html"
  },
  {
    "id": "1224498",
    "title": "KINDER Bueno wit Inhoud: 2 stuks, 43 g",
    "category": "Snoep, koek, chips",
    "price": null,
    "promoPrice": null,
    "price_per_unit": null,
    "unit": null,
    "image": "https://s7g10.scene7.com/is/image/aldinord/variant_1224498_1_main_cms_1_nl_nl_bueno_wit_cw01_2024",
    "beschikbaar": true,
    "promoEnd": null,
    "link": "https://www.aldi.nl/bueno-wit-1224498.html"
  },
  {
    "id": "1224494",
    "title": "BARISSIMO Koffiebonen espresso 1 kg",
    "category": "Koffie, thee",
    "price": 16.99,
    "promoPrice": null,
    "price_per_unit": 16.99,
    "unit": "KG",
    "image": "https://s7g10.scene7.com/is/image/aldinord/product_1224494_main_cms_3_nl_nl_koffiebonen_espresso_cw01_2024",
    "beschikbaar": true,
    "promoEnd": null,
    "link": "https://www.aldi.nl/koffiebonen-espresso-1224494.html"
  },
  {
    "id": "1224493",
    "title": "BARISSIMO Koffiebonen gustoso 1 kg",
    "category": "Koffie, thee",
    "price": 14.99,
    "promoPrice": null,
    "price_per_unit": 14.99,
    "unit": "KG",
    "image": "https://s7g10.scene7.com/is/image/aldinord/variant_1224493_1_main_cms_2_nl_nl_koffiebonen_gustoso_cw01_2024",
    "beschikbaar": true,
    "promoEnd": null,
    "link": "https://www.aldi.nl/koffiebonen-gustoso-1224493.html"
  },
  {
    "id": "1224484",
    "title": "Macaroni 1 kg",
    "category": "Maaltijden, salades",
    "price": 1.24,
    "promoPrice": null,
    "price_per_unit": 1.24,
    "unit": "KG",
    "image": "https://s7g10.scene7.com/is/image/aldinord/variant_1224484_1_main_cms_1_nl_nl_macaroni_cw01_2024",
    "beschikbaar": true,
    "promoEnd": null,
    "link": "https://www.aldi.nl/macaroni-1224484.html"
  },
  {
    "id": "1224394",
    "title": "BIENVENIDO MEXICO!, BUONA TERRA OF FORTUNE EXPRESS Maaltijdkit 223 g",
    "category": "Maaltijden, salades",
    "price": 1.59,
    "promoPrice": null,
    "price_per_unit": 7.13,
    "unit": "KG",
    "image": "https://s7g10.scene7.com/is/image/aldinord/product_1224394_main_cms_7_nl_nl_maaltijdkit_cw01_2024",
    "beschikbaar": true,
    "promoEnd": null,
    "link": "https://www.aldi.nl/maaltijdkit-1224394.html"
  },
  {
    "id": "1224383",
    "title": "ROMEO Brokjes in saus 12x100 g",
    "category": "Huisdieren",
    "price": 3.89,
    "promoPrice": null,
    "price_per_unit": 38.9,
    "unit": "KG",
    "image": "https://s7g10.scene7.com/is/image/aldinord/product_1224383_main_cms_3_nl_nl_brokjes_in_saus_cw01_2024",
    "beschikbaar": true,
    "promoEnd": null,
    "link": "https://www.aldi.nl/brokjes-in-saus-1224383.html"
  },
  {
    "id": "1224347",
    "title": "CHOCEUR Chocolade 185-200 g",
    "category": "Snoep, koek, chips",
    "price": 2.39,
    "promoPrice": 2.29,
    "price_per_unit": 11.95,
    "unit": "KG",
    "image": "https://s7g10.scene7.com/is/image/aldinord/product_1224347_main_cms_7_nl_nl_chocolade_cw01_2024",
    "beschikbaar": true,
    "promoEnd": "2025-10-19",
    "link": "https://www.aldi.nl/chocolade-1224347.html"
  },
  {
    "id": "1224343",
    "title": "Varkenshaas Ca. 250 g",
    "category": "Vlees, vis, vega",
    "price": 11.99,
    "promoPrice": null,
    "price_per_unit": 11.99,
    "unit": "KG",
    "image": "https://s7g10.scene7.com/is/image/aldinord/product_1224343_main_cms_1_nl_nl_varkenshaas_cw01_2024",
    "beschikbaar": true,
    "promoEnd": null,
    "link": "https://www.aldi.nl/varkenshaas-1224343.html"
  },
  {
    "id": "1224283",
    "title": "LIPTON Ice tea Green 1.5 l",
    "category": "Frisdrank, sappen",
    "price": null,
    "promoPrice": null,
    "price_per_unit": null,
    "unit": null,
    "image": "https://s7g10.scene7.com/is/image/aldinord/product_1224283_main_cms_1_nl_nl_ice_tea_green_cw01_2024",
    "beschikbaar": true,
    "promoEnd": null,
    "link": "https://www.aldi.nl/ice-tea-green-1224283.html"
  },
  {
    "id": "1224263",
    "title": "RIVER Kristal helder cranberry 1.5 l",
    "category": "Frisdrank, sappen",
    "price": 1.19,
    "promoPrice": null,
    "price_per_unit": null,
    "unit": null,
    "image": "https://s7g10.scene7.com/is/image/aldinord/product_1224263_main_cms_2_nl_nl_kristal_helder_cranberry_cw01_2024",
    "beschikbaar": true,
    "promoEnd": null,
    "link": "https://www.aldi.nl/kristal-helder-cranberry-1224263.html"
  },
  {
    "id": "1224256",
    "title": "RIVER 6-pack vitaminewater mango-guave 6x50 cl",
    "category": "Frisdrank, sappen",
    "price": 3.79,
    "promoPrice": null,
    "price_per_unit": null,
    "unit": null,
    "image": "https://s7g10.scene7.com/is/image/aldinord/product_1224256_main_cms_2_nl_nl_6_pack_vitaminewater_mango_guave_cw01_2024",
    "beschikbaar": true,
    "promoEnd": null,
    "link": "https://www.aldi.nl/6-pack-vitaminewater-mango-guave-1224256.html"
  },
  {
    "id": "1224253",
    "title": "RIVER Kristal helder perzik 1.5 l",
    "category": "Frisdrank, sappen",
    "price": 1.19,
    "promoPrice": null,
    "price_per_unit": null,
    "unit": null,
    "image": "https://s7g10.scene7.com/is/image/aldinord/product_1224253_main_cms_2_nl_nl_kristal_helder_perzik_cw01_2024",
    "beschikbaar": true,
    "promoEnd": null,
    "link": "https://www.aldi.nl/kristal-helder-perzik-1224253.html"
  },
  {
    "id": "1224252",
    "title": "LIPTON Ice tea sparkling 1.5 l",
    "category": "Frisdrank, sappen",
    "price": null,
    "promoPrice": null,
    "price_per_unit": null,
    "unit": null,
    "image": "https://s7g10.scene7.com/is/image/aldinord/product_1224252_main_cms_1_nl_nl_ice_tea_sparkling_cw01_2024",
    "beschikbaar": true,
    "promoEnd": null,
    "link": "https://www.aldi.nl/ice-tea-sparkling-1224252.html"
  },
  {
    "id": "1224243",
    "title": "QUELLBRUNN 6-pack water met smaak munt 6x0.5 l",
    "category": "Frisdrank, sappen",
    "price": 2.85,
    "promoPrice": null,
    "price_per_unit": null,
    "unit": null,
    "image": "https://s7g10.scene7.com/is/image/aldinord/product_1224243_main_cms_2_nl_nl_6_pack_water_met_smaak_munt_cw01_2024",
    "beschikbaar": true,
    "promoEnd": null,
    "link": "https://www.aldi.nl/6-pack-water-met-smaak-munt-1224243.html"
  },
  {
    "id": "1224242",
    "title": "WESTMINSTER 6-pack ice tea green 6x50 cl",
    "category": "Frisdrank, sappen",
    "price": 3.49,
    "promoPrice": null,
    "price_per_unit": null,
    "unit": null,
    "image": "https://s7g10.scene7.com/is/image/aldinord/product_1224242_main_cms_2_nl_nl_6_pack_ice_tea_green_cw01_2024",
    "beschikbaar": true,
    "promoEnd": null,
    "link": "https://www.aldi.nl/6-pack-ice-tea-green-1224242.html"
  },
  {
    "id": "1224240",
    "title": "RIVER Kristal helder citroen 1.5 l",
    "category": "Frisdrank, sappen",
    "price": 1.19,
    "promoPrice": null,
    "price_per_unit": null,
    "unit": null,
    "image": "https://s7g10.scene7.com/is/image/aldinord/product_1224240_main_cms_2_nl_nl_kristal_helder_citroen_cw01_2024",
    "beschikbaar": true,
    "promoEnd": null,
    "link": "https://www.aldi.nl/kristal-helder-citroen-1224240.html"
  },
  {
    "id": "1224235",
    "title": "QUELLBRUNN 6-pack water met smaak citroen 6x0.5 l",
    "category": "Frisdrank, sappen",
    "price": 2.85,
    "promoPrice": null,
    "price_per_unit": null,
    "unit": null,
    "image": "https://s7g10.scene7.com/is/image/aldinord/product_1224235_main_cms_2_nl_nl_6_pack_water_met_smaak_citroen_cw01_2024",
    "beschikbaar": true,
    "promoEnd": null,
    "link": "https://www.aldi.nl/6-pack-water-met-smaak-citroen-1224235.html"
  },
  {
    "id": "1224233",
    "title": "RIVER 6-pack vitaminewater limoen-lychee 6x50 cl",
    "category": "Frisdrank, sappen",
    "price": 3.79,
    "promoPrice": null,
    "price_per_unit": null,
    "unit": null,
    "image": "https://s7g10.scene7.com/is/image/aldinord/product_1224233_main_cms_2_nl_nl_6_pack_vitaminewater_limoen_lychee_cw01_2024",
    "beschikbaar": true,
    "promoEnd": null,
    "link": "https://www.aldi.nl/6-pack-vitaminewater-limoen-lychee-1224233.html"
  },
  {
    "id": "1224230",
    "title": "WESTMINSTER 6-pack ice tea lemon 6x50 cl",
    "category": "Frisdrank, sappen",
    "price": 3.49,
    "promoPrice": null,
    "price_per_unit": null,
    "unit": null,
    "image": "https://s7g10.scene7.com/is/image/aldinord/product_1224230_main_cms_2_nl_nl_6_pack_ice_tea_lemon_cw01_2024",
    "beschikbaar": true,
    "promoEnd": null,
    "link": "https://www.aldi.nl/6-pack-ice-tea-lemon-1224230.html"
  },
  {
    "id": "1224228",
    "title": "FANTA Fanta Zero 1.5 l",
    "category": "Frisdrank, sappen",
    "price": null,
    "promoPrice": null,
    "price_per_unit": null,
    "unit": null,
    "image": "https://s7g10.scene7.com/is/image/aldinord/product_1224228_main_cms_1_nl_nl_fanta_zero_cw01_2024",
    "beschikbaar": true,
    "promoEnd": null,
    "link": "https://www.aldi.nl/fanta-zero-1224228.html"
  },
  {
    "id": "1224226",
    "title": "RIO D'ORO 6-pack multivitamine 6x33 cl",
    "category": "Groente, aardappelen",
    "price": 3.59,
    "promoPrice": null,
    "price_per_unit": null,
    "unit": null,
    "image": "https://s7g10.scene7.com/is/image/aldinord/product_1224226_main_cms_1_nl_nl_6_pack_multivitamine_cw01_2024",
    "beschikbaar": true,
    "promoEnd": null,
    "link": "https://www.aldi.nl/6-pack-multivitamine-1224226.html"
  },
  {
    "id": "1224223",
    "title": "QUELLBRUNN 6-pack water met smaak zwarte bes 6x0.5 l",
    "category": "Frisdrank, sappen",
    "price": 2.85,
    "promoPrice": null,
    "price_per_unit": null,
    "unit": null,
    "image": "https://s7g10.scene7.com/is/image/aldinord/product_1224223_main_cms_2_nl_nl_6_pack_water_met_smaak_zwarte_bes_cw01_2024",
    "beschikbaar": true,
    "promoEnd": null,
    "link": "https://www.aldi.nl/6-pack-water-met-smaak-zwarte-bes-1224223.html"
  },
  {
    "id": "1224221",
    "title": "SPRITE Sprite 1.5 l",
    "category": "Frisdrank, sappen",
    "price": null,
    "promoPrice": null,
    "price_per_unit": null,
    "unit": null,
    "image": "https://s7g10.scene7.com/is/image/aldinord/product_1224221_main_cms_1_nl_nl_sprite_cw01_2024",
    "beschikbaar": true,
    "promoEnd": null,
    "link": "https://www.aldi.nl/sprite-1224221.html"
  },
  {
    "id": "1224217",
    "title": "RIO D'ORO 6-pack sinaasappelsap 6x33 cl",
    "category": "Groente, aardappelen",
    "price": 3.59,
    "promoPrice": null,
    "price_per_unit": null,
    "unit": null,
    "image": "https://s7g10.scene7.com/is/image/aldinord/product_1224217_main_cms_1_nl_nl_6_pack_sinaasappelsap_cw01_2024",
    "beschikbaar": true,
    "promoEnd": null,
    "link": "https://www.aldi.nl/6-pack-sinaasappelsap-1224217.html"
  },
  {
    "id": "1224215",
    "title": "WESTMINSTER 6-pack ice tea peach 6x50 cl",
    "category": "Frisdrank, sappen",
    "price": 3.49,
    "promoPrice": null,
    "price_per_unit": null,
    "unit": null,
    "image": "https://s7g10.scene7.com/is/image/aldinord/product_1224215_main_cms_2_nl_nl_6_pack_ice_tea_peach_cw01_2024",
    "beschikbaar": true,
    "promoEnd": null,
    "link": "https://www.aldi.nl/6-pack-ice-tea-peach-1224215.html"
  },
  {
    "id": "1224214",
    "title": "RIVER 6-pack vitaminewater framboos-granaatappel 6x50 cl",
    "category": "Frisdrank, sappen",
    "price": 3.79,
    "promoPrice": null,
    "price_per_unit": null,
    "unit": null,
    "image": "https://s7g10.scene7.com/is/image/aldinord/product_1224214_main_cms_2_nl_nl_6_pack_vitaminewater_framboos_granaatapp_cw01_2024",
    "beschikbaar": true,
    "promoEnd": null,
    "link": "https://www.aldi.nl/6-pack-vitaminewater-framboos-granaatappel-1224214.html"
  },
  {
    "id": "1224213",
    "title": "PEPSI Pepsi cola 1.5 l",
    "category": "Frisdrank, sappen",
    "price": null,
    "promoPrice": null,
    "price_per_unit": null,
    "unit": null,
    "image": "https://s7g10.scene7.com/is/image/aldinord/product_1224213_main_cms_3_nl_nl_pepsi_cola_cw01_2024",
    "beschikbaar": true,
    "promoEnd": null,
    "link": "https://www.aldi.nl/pepsi-cola-1224213.html"
  },
  {
    "id": "1224209",
    "title": "RIO D'ORO 6-pack Appelsap 6x33 cl",
    "category": "Groente, aardappelen",
    "price": 3.59,
    "promoPrice": null,
    "price_per_unit": null,
    "unit": null,
    "image": "https://s7g10.scene7.com/is/image/aldinord/product_1224209_main_cms_1_nl_nl_6_pack_appelsap_cw01_2024",
    "beschikbaar": true,
    "promoEnd": null,
    "link": "https://www.aldi.nl/6-pack-appelsap-1224209.html"
  },
  {
    "id": "1224208",
    "title": "FANTA Fanta 1.5 l",
    "category": "Frisdrank, sappen",
    "price": null,
    "promoPrice": null,
    "price_per_unit": null,
    "unit": null,
    "image": "https://s7g10.scene7.com/is/image/aldinord/product_1224208_main_cms_1_nl_nl_fanta_cw01_2024",
    "beschikbaar": true,
    "promoEnd": null,
    "link": "https://www.aldi.nl/fanta-1224208.html"
  },
  {
    "id": "1224192",
    "title": "PREMIUM DUTCH Vodka-orange cocktail 25 cl",
    "category": "Frisdrank, sappen",
    "price": 1.29,
    "promoPrice": null,
    "price_per_unit": null,
    "unit": null,
    "image": "https://s7g10.scene7.com/is/image/aldinord/product_1224192_main_cms_1_nl_nl_vodka_orange_cocktail_cw01_2024",
    "beschikbaar": true,
    "promoEnd": null,
    "link": "https://www.aldi.nl/vodka-orange-cocktail-1224192.html"
  },
  {
    "id": "1224191",
    "title": "PREMIUM DUTCH Gin-tonic cocktail 25 cl",
    "category": "Frisdrank, sappen",
    "price": 1.29,
    "promoPrice": null,
    "price_per_unit": null,
    "unit": null,
    "image": "https://s7g10.scene7.com/is/image/aldinord/product_1224191_main_cms_1_nl_nl_gin_tonic_cocktail_cw01_2024",
    "beschikbaar": true,
    "promoEnd": null,
    "link": "https://www.aldi.nl/gin-tonic-cocktail-1224191.html"
  },
  {
    "id": "1224172",
    "title": "MILSANI Turkse stijl yoghurt 10% vet 1 kg",
    "category": "Zuivel, eieren",
    "price": 2.39,
    "promoPrice": null,
    "price_per_unit": 2.39,
    "unit": "KG",
    "image": "https://s7g10.scene7.com/is/image/aldinord/product_1224172_main_cms_1_nl_nl_turkse_stijl_yoghurt_10_vet_cw01_2024",
    "beschikbaar": true,
    "promoEnd": null,
    "link": "https://www.aldi.nl/turkse-stijl-yoghurt-10-vet-1224172.html"
  },
  {
    "id": "1224166",
    "title": "Primitivo Nero Di Troia 0.75 l",
    "category": "Bier, wijn, sterke drank",
    "price": 4.99,
    "promoPrice": null,
    "price_per_unit": 6.65,
    "unit": "L",
    "image": "https://s7g10.scene7.com/is/image/aldinord/product_1224166_main_cms_4_nl_nl_primitivo_nero_di_troia_cw01_2024",
    "beschikbaar": true,
    "promoEnd": null,
    "link": "https://www.aldi.nl/primitivo-nero-di-troia-1224166.html"
  },
  {
    "id": "1224165",
    "title": "APICE Aperitivo 0.7 l",
    "category": "Frisdrank, sappen",
    "price": 4.99,
    "promoPrice": null,
    "price_per_unit": 7.13,
    "unit": "L",
    "image": "https://s7g10.scene7.com/is/image/aldinord/product_1224165_main_cms_1_nl_nl_aperitivo_cw01_2024",
    "beschikbaar": true,
    "promoEnd": null,
    "link": "https://www.aldi.nl/aperitivo-1224165.html"
  },
  {
    "id": "1224141",
    "title": "CUCINA NOBILE Balsamicoazijn 250 ml",
    "category": "Maaltijden, salades",
    "price": 1.99,
    "promoPrice": null,
    "price_per_unit": 7.96,
    "unit": "L",
    "image": "https://s7g10.scene7.com/is/image/aldinord/product_1224141_main_cms_4_nl_nl_balsamicoazijn_cw01_2024",
    "beschikbaar": true,
    "promoEnd": null,
    "link": "https://www.aldi.nl/balsamicoazijn-1224141.html"
  },
  {
    "id": "1224138",
    "title": "Pepercervelaat 150 g",
    "category": "Vlees, vis, vega",
    "price": 2.19,
    "promoPrice": null,
    "price_per_unit": null,
    "unit": null,
    "image": "https://s7g10.scene7.com/is/image/aldinord/product_1224138_main_cms_1_nl_nl_pepercervelaat_cw01_2024",
    "beschikbaar": true,
    "promoEnd": null,
    "link": "https://www.aldi.nl/pepercervelaat-1224138.html"
  },
  {
    "id": "1224134",
    "title": "HEERLIJCK BANKET Crème-mergpijpjes Inhoud: 9 stuks, 270 g",
    "category": "Snoep, koek, chips",
    "price": 2.19,
    "promoPrice": null,
    "price_per_unit": 8.11,
    "unit": "KG",
    "image": "https://s7g10.scene7.com/is/image/aldinord/product_1224134_main_cms_2_nl_nl_creme_mergpijpjes_cw01_2024",
    "beschikbaar": true,
    "promoEnd": null,
    "link": "https://www.aldi.nl/crme-mergpijpjes-1224134.html"
  },
  {
    "id": "1224131",
    "title": "SAMSAM Duopasta 750 g",
    "category": "Brood, ontbijtgranen",
    "price": 3.59,
    "promoPrice": null,
    "price_per_unit": 4.79,
    "unit": "KG",
    "image": "https://s7g10.scene7.com/is/image/aldinord/variant_1224131_1_main_cms_2_nl_nl_duopasta_cw01_2024",
    "beschikbaar": true,
    "promoEnd": null,
    "link": "https://www.aldi.nl/duopasta-1224131.html"
  },
  {
    "id": "1224128",
    "title": "Varkenssaucijzen Inhoud: 5 stuks, 400 g",
    "category": "Vlees, vis, vega",
    "price": 3.19,
    "promoPrice": null,
    "price_per_unit": 7.98,
    "unit": "KG",
    "image": "https://s7g10.scene7.com/is/image/aldinord/variant_1224128_1_main_cms_1_nl_nl_varkenssaucijzen_cw01_2024",
    "beschikbaar": true,
    "promoEnd": null,
    "link": "https://www.aldi.nl/varkenssaucijzen-1224128.html"
  },
  {
    "id": "1224127",
    "title": "Mager half-om-half gehakt 500 g",
    "category": "Vlees, vis, vega",
    "price": 4.79,
    "promoPrice": null,
    "price_per_unit": 9.58,
    "unit": "KG",
    "image": "https://s7g10.scene7.com/is/image/aldinord/product_1224127_main_cms_4_nl_nl_mager_half_om_half_gehakt_cw01_2024",
    "beschikbaar": true,
    "promoEnd": null,
    "link": "https://www.aldi.nl/mager-half-om-half-gehakt-1224127.html"
  },
  {
    "id": "1224126",
    "title": "Speklappen Inhoud: 5 stuks, 400 g",
    "category": "Vlees, vis, vega",
    "price": 4.37,
    "promoPrice": null,
    "price_per_unit": 10.93,
    "unit": "KG",
    "image": "https://s7g10.scene7.com/is/image/aldinord/variant_1224126_1_main_cms_1_nl_nl_speklappen_cw01_2024",
    "beschikbaar": true,
    "promoEnd": null,
    "link": "https://www.aldi.nl/speklappen-1224126.html"
  },
  {
    "id": "1224123",
    "title": "Filetlapjes Inhoud: 2 stuks, 200 g",
    "category": "Vlees, vis, vega",
    "price": 2.99,
    "promoPrice": null,
    "price_per_unit": 14.95,
    "unit": "KG",
    "image": "https://s7g10.scene7.com/is/image/aldinord/variant_1224123_1_main_cms_1_nl_nl_filetlapjes_cw01_2024",
    "beschikbaar": true,
    "promoEnd": null,
    "link": "https://www.aldi.nl/filetlapjes-1224123.html"
  },
  {
    "id": "1224122",
    "title": "Sukadelappen 500 g",
    "category": "Vlees, vis, vega",
    "price": 7.79,
    "promoPrice": null,
    "price_per_unit": 15.58,
    "unit": "KG",
    "image": "https://s7g10.scene7.com/is/image/aldinord/variant_1224122_1_main_cms_1_nl_nl_sukadelappen_cw01_2024",
    "beschikbaar": true,
    "promoEnd": null,
    "link": "https://www.aldi.nl/sukadelappen-1224122.html"
  },
  {
    "id": "1224121",
    "title": "NUTELLA Hazelnootpasta 750 g",
    "category": "Brood, ontbijtgranen",
    "price": null,
    "promoPrice": null,
    "price_per_unit": null,
    "unit": null,
    "image": "https://s7g10.scene7.com/is/image/aldinord/variant_1224121_1_main_cms_2_nl_nl_hazelnootpasta_cw01_2024",
    "beschikbaar": true,
    "promoEnd": null,
    "link": "https://www.aldi.nl/hazelnootpasta-1224121.html"
  },
  {
    "id": "1224120",
    "title": "Schouderkarbonade 700 g",
    "category": "Vlees, vis, vega",
    "price": 5.59,
    "promoPrice": null,
    "price_per_unit": 7.99,
    "unit": "KG",
    "image": "https://s7g10.scene7.com/is/image/aldinord/variant_1224120_1_main_cms_1_nl_nl_schouderkarbonade_cw01_2024",
    "beschikbaar": true,
    "promoEnd": null,
    "link": "https://www.aldi.nl/schouderkarbonade-1224120.html"
  },
  {
    "id": "1224119",
    "title": "SAM Boterhampasta 750 g",
    "category": "Brood, ontbijtgranen",
    "price": 2.59,
    "promoPrice": null,
    "price_per_unit": 3.45,
    "unit": "KG",
    "image": "https://s7g10.scene7.com/is/image/aldinord/variant_1224119_1_main_cms_2_nl_nl_boterhampasta_cw01_2024",
    "beschikbaar": true,
    "promoEnd": null,
    "link": "https://www.aldi.nl/boterhampasta-1224119.html"
  },
  {
    "id": "1224118",
    "title": "Half-om-half gehakt 300 g",
    "category": "Vlees, vis, vega",
    "price": 3.49,
    "promoPrice": null,
    "price_per_unit": 11.63,
    "unit": "KG",
    "image": "https://s7g10.scene7.com/is/image/aldinord/variant_1224118_1_main_cms_2_nl_nl_half_om_half_gehakt_cw01_2024",
    "beschikbaar": true,
    "promoEnd": null,
    "link": "https://www.aldi.nl/half-om-half-gehakt-1224118.html"
  },
  {
    "id": "1224115",
    "title": "Varkensfiletlapjes Inhoud: 5 stuks, 400 g",
    "category": "Vlees, vis, vega",
    "price": 4.49,
    "promoPrice": null,
    "price_per_unit": 11.23,
    "unit": "KG",
    "image": "https://s7g10.scene7.com/is/image/aldinord/variant_1224115_1_main_cms_1_nl_nl_varkensfiletlapjes_cw01_2024",
    "beschikbaar": true,
    "promoEnd": null,
    "link": "https://www.aldi.nl/varkensfiletlapjes-1224115.html"
  },
  {
    "id": "1224114",
    "title": "SAM Chocopasta melk, puur of wit 400 g",
    "category": "Brood, ontbijtgranen",
    "price": 2.59,
    "promoPrice": null,
    "price_per_unit": 6.48,
    "unit": "KG",
    "image": "https://s7g10.scene7.com/is/image/aldinord/product_1224114_main_cms_6_nl_nl_chocopasta_melk_puur_of_wit_cw01_2024",
    "beschikbaar": true,
    "promoEnd": null,
    "link": "https://www.aldi.nl/chocopasta-melk-puur-of-wit-1224114.html"
  },
  {
    "id": "1224113",
    "title": "Varkenssaucijzen gekruid Inhoud: 10 stuks, 800 g",
    "category": "Vlees, vis, vega",
    "price": 5.99,
    "promoPrice": null,
    "price_per_unit": 7.49,
    "unit": "KG",
    "image": "https://s7g10.scene7.com/is/image/aldinord/variant_1224113_1_main_cms_1_nl_nl_varkenssaucijzen_gekruid_cw01_2024",
    "beschikbaar": true,
    "promoEnd": null,
    "link": "https://www.aldi.nl/varkenssaucijzen-gekruid-1224113.html"
  },
  {
    "id": "1224097",
    "title": "HOFSTEE DE DRIE EIKEN Regionale boeren metworst 240 g",
    "category": "Vlees, vis, vega",
    "price": 3.99,
    "promoPrice": null,
    "price_per_unit": 16.63,
    "unit": "KG",
    "image": "https://s7g10.scene7.com/is/image/aldinord/product_1224097_main_cms_3_nl_nl_regionale_boeren_metworst_cw01_2024",
    "beschikbaar": true,
    "promoEnd": null,
    "link": "https://www.aldi.nl/regionale-boeren-metworst-1224097.html"
  },
  {
    "id": "1224093",
    "title": "Kerrie saus 78 g",
    "category": "Maaltijden, salades",
    "price": 1.49,
    "promoPrice": null,
    "price_per_unit": null,
    "unit": null,
    "image": "https://s7g10.scene7.com/is/image/aldinord/product_1224093_main_cms_1_nl_nl_kerrie_saus_cw01_2024",
    "beschikbaar": true,
    "promoEnd": null,
    "link": "https://www.aldi.nl/kerrie-saus-1224093.html"
  },
  {
    "id": "1224092",
    "title": "TROPHY SMAAKMAKERS Slasaus halfvol 500 ml",
    "category": "Maaltijden, salades",
    "price": 1.49,
    "promoPrice": null,
    "price_per_unit": null,
    "unit": null,
    "image": "https://s7g10.scene7.com/is/image/aldinord/product_1224092_main_cms_1_nl_nl_slasaus_halfvol_cw01_2024",
    "beschikbaar": true,
    "promoEnd": null,
    "link": "https://www.aldi.nl/slasaus-halfvol-1224092.html"
  },
  {
    "id": "1224090",
    "title": "TROPHY SMAAKMAKERS Slasaus vol 500 ml",
    "category": "Maaltijden, salades",
    "price": 1.49,
    "promoPrice": null,
    "price_per_unit": null,
    "unit": null,
    "image": "https://s7g10.scene7.com/is/image/aldinord/product_1224090_main_cms_1_nl_nl_slasaus_vol_cw01_2024",
    "beschikbaar": true,
    "promoEnd": null,
    "link": "https://www.aldi.nl/slasaus-vol-1224090.html"
  },
  {
    "id": "1224089",
    "title": "TROPHY SMAAKMAKERS Room saus 129 g",
    "category": "Maaltijden, salades",
    "price": 1.49,
    "promoPrice": null,
    "price_per_unit": null,
    "unit": null,
    "image": "https://s7g10.scene7.com/is/image/aldinord/product_1224089_main_cms_2_nl_nl_room_saus_cw01_2024",
    "beschikbaar": true,
    "promoEnd": null,
    "link": "https://www.aldi.nl/room-saus-1224089.html"
  },
  {
    "id": "1224084",
    "title": "TRADER JOE'S Zongedroogde abrikozen 250 g",
    "category": "Groente, aardappelen",
    "price": 2.09,
    "promoPrice": null,
    "price_per_unit": null,
    "unit": null,
    "image": "https://s7g10.scene7.com/is/image/aldinord/product_1224084_main_cms_1_nl_nl_zongedroogde_abrikozen_cw01_2024",
    "beschikbaar": true,
    "promoEnd": null,
    "link": "https://www.aldi.nl/zongedroogde-abrikozen-1224084.html"
  },
  {
    "id": "1224081",
    "title": "SNOEPFABRIEK Vegan panda's 200 g",
    "category": "Snoep, koek, chips",
    "price": 1.49,
    "promoPrice": null,
    "price_per_unit": null,
    "unit": null,
    "image": "https://s7g10.scene7.com/is/image/aldinord/product_1224081_main_cms_1_nl_nl_vegan_panda_s_cw01_2024",
    "beschikbaar": true,
    "promoEnd": null,
    "link": "https://www.aldi.nl/vegan-pandas-1224081.html"
  },
  {
    "id": "1224080",
    "title": "TROPHY SMAAKMAKERS Kaas saus 111 g",
    "category": "Maaltijden, salades",
    "price": 1.49,
    "promoPrice": null,
    "price_per_unit": null,
    "unit": null,
    "image": "https://s7g10.scene7.com/is/image/aldinord/product_1224080_main_cms_2_nl_nl_kaas_saus_cw01_2024",
    "beschikbaar": true,
    "promoEnd": null,
    "link": "https://www.aldi.nl/kaas-saus-1224080.html"
  },
  {
    "id": "1224075",
    "title": "SNOEPFABRIEK Vegan uilen 200 g",
    "category": "Snoep, koek, chips",
    "price": 1.49,
    "promoPrice": null,
    "price_per_unit": null,
    "unit": null,
    "image": "https://s7g10.scene7.com/is/image/aldinord/product_1224075_main_cms_1_nl_nl_vegan_uilen_cw01_2024",
    "beschikbaar": true,
    "promoEnd": null,
    "link": "https://www.aldi.nl/vegan-uilen-1224075.html"
  },
  {
    "id": "1224072",
    "title": "TRADER JOE'S Zongedroogde vijgen 250 g",
    "category": "Groente, aardappelen",
    "price": 2.09,
    "promoPrice": null,
    "price_per_unit": null,
    "unit": null,
    "image": "https://s7g10.scene7.com/is/image/aldinord/product_1224072_main_cms_1_nl_nl_zongedroogde_vijgen_cw01_2024",
    "beschikbaar": true,
    "promoEnd": null,
    "link": "https://www.aldi.nl/zongedroogde-vijgen-1224072.html"
  },
  {
    "id": "1224071",
    "title": "TROPHY SMAAKMAKERS Tuinkruiden saus 75 g",
    "category": "Maaltijden, salades",
    "price": 1.49,
    "promoPrice": null,
    "price_per_unit": null,
    "unit": null,
    "image": "https://s7g10.scene7.com/is/image/aldinord/product_1224071_main_cms_2_nl_nl_tuinkruiden_saus_cw01_2024",
    "beschikbaar": true,
    "promoEnd": null,
    "link": "https://www.aldi.nl/tuinkruiden-saus-1224071.html"
  },
  {
    "id": "1224070",
    "title": "FRESH LIFE Pepermuntballen 380 g",
    "category": "Snoep, koek, chips",
    "price": 2.15,
    "promoPrice": null,
    "price_per_unit": null,
    "unit": null,
    "image": "https://s7g10.scene7.com/is/image/aldinord/product_1224070_main_cms_1_nl_nl_pepermuntballen_cw01_2024",
    "beschikbaar": true,
    "promoEnd": null,
    "link": "https://www.aldi.nl/pepermuntballen-1224070.html"
  },
  {
    "id": "1224063",
    "title": "DE SNOEPFABRIEK Fruittoffees 550 g",
    "category": "Snoep, koek, chips",
    "price": 2.79,
    "promoPrice": null,
    "price_per_unit": null,
    "unit": null,
    "image": "https://s7g10.scene7.com/is/image/aldinord/product_1224063_main_cms_2_nl_nl_fruittoffees_cw01_2024",
    "beschikbaar": true,
    "promoEnd": null,
    "link": "https://www.aldi.nl/fruittoffees-1224063.html"
  },
  {
    "id": "1224062",
    "title": "SUN SNACKS Ham-kaas knabbels 150 g",
    "category": "Snoep, koek, chips",
    "price": 0.93,
    "promoPrice": null,
    "price_per_unit": null,
    "unit": null,
    "image": "https://s7g10.scene7.com/is/image/aldinord/product_1224062_main_cms_4_nl_nl_ham_kaas_knabbels_cw01_2024",
    "beschikbaar": true,
    "promoEnd": null,
    "link": "https://www.aldi.nl/ham-kaas-knabbels-1224062.html"
  },
  {
    "id": "1224059",
    "title": "FRESH LIFE Pepermuntkussentjes 380 g",
    "category": "Snoep, koek, chips",
    "price": 2.15,
    "promoPrice": null,
    "price_per_unit": null,
    "unit": null,
    "image": "https://s7g10.scene7.com/is/image/aldinord/product_1224059_main_cms_1_nl_nl_pepermuntkussentjes_cw01_2024",
    "beschikbaar": true,
    "promoEnd": null,
    "link": "https://www.aldi.nl/pepermuntkussentjes-1224059.html"
  },
  {
    "id": "1224056",
    "title": "HEERLIJCK BANKET Kokosmakronen Inhoud: 6 stuks, 360 g",
    "category": "Snoep, koek, chips",
    "price": 1.99,
    "promoPrice": null,
    "price_per_unit": null,
    "unit": null,
    "image": "https://s7g10.scene7.com/is/image/aldinord/product_1224056_main_cms_1_nl_nl_kokosmakronen_cw01_2024",
    "beschikbaar": true,
    "promoEnd": null,
    "link": "https://www.aldi.nl/kokosmakronen-1224056.html"
  },
  {
    "id": "1224055",
    "title": "DROPMAKERS Drop van weleer 340 g",
    "category": "Snoep, koek, chips",
    "price": 2.42,
    "promoPrice": null,
    "price_per_unit": 7.12,
    "unit": "KG",
    "image": "https://s7g10.scene7.com/is/image/aldinord/product_1224055_main_cms_2_nl_nl_drop_van_weleer_cw01_2024",
    "beschikbaar": true,
    "promoEnd": null,
    "link": "https://www.aldi.nl/drop-van-weleer-1224055.html"
  },
  {
    "id": "1224054",
    "title": "TROPHY SMAAKMAKERS Champignon saus 102 g",
    "category": "Maaltijden, salades",
    "price": 1.49,
    "promoPrice": null,
    "price_per_unit": null,
    "unit": null,
    "image": "https://s7g10.scene7.com/is/image/aldinord/product_1224054_main_cms_2_nl_nl_champignon_saus_cw01_2024",
    "beschikbaar": true,
    "promoEnd": null,
    "link": "https://www.aldi.nl/champignon-saus-1224054.html"
  },
  {
    "id": "1224053",
    "title": "TRADER JOE'S Zongedroogde dadels 250 g",
    "category": "Groente, aardappelen",
    "price": 2.09,
    "promoPrice": null,
    "price_per_unit": null,
    "unit": null,
    "image": "https://s7g10.scene7.com/is/image/aldinord/product_1224053_main_cms_1_nl_nl_zongedroogde_dadels_cw01_2024",
    "beschikbaar": true,
    "promoEnd": null,
    "link": "https://www.aldi.nl/zongedroogde-dadels-1224053.html"
  },
  {
    "id": "1224048",
    "title": "QUICK BITE Cheeseburgers 2 stuks, 268 g",
    "category": "Maaltijden, salades",
    "price": 1.89,
    "promoPrice": null,
    "price_per_unit": null,
    "unit": null,
    "image": "https://s7g10.scene7.com/is/image/aldinord/product_1224048_main_cms_3_nl_nl_cheeseburgers_cw01_2024",
    "beschikbaar": true,
    "promoEnd": null,
    "link": "https://www.aldi.nl/cheeseburgers-1224048.html"
  },
  {
    "id": "1224047",
    "title": "HEERLIJCK BANKET Gevulde koeken 415 g",
    "category": "Snoep, koek, chips",
    "price": 1.99,
    "promoPrice": null,
    "price_per_unit": 4.8,
    "unit": "KG",
    "image": "https://s7g10.scene7.com/is/image/aldinord/product_1224047_main_cms_2_nl_nl_gevulde_koeken_cw01_2024",
    "beschikbaar": true,
    "promoEnd": null,
    "link": "https://www.aldi.nl/gevulde-koeken-1224047.html"
  },
  {
    "id": "1224045",
    "title": "TRADER JOE'S Pepitamix 250 g",
    "category": "Snoep, koek, chips",
    "price": 1.49,
    "promoPrice": null,
    "price_per_unit": null,
    "unit": null,
    "image": "https://s7g10.scene7.com/is/image/aldinord/product_1224045_main_cms_1_nl_nl_pepitamix_cw01_2024",
    "beschikbaar": true,
    "promoEnd": null,
    "link": "https://www.aldi.nl/pepitamix-1224045.html"
  },
  {
    "id": "1224044",
    "title": "SUN SNACKS Kaasflips 200 g",
    "category": "Snoep, koek, chips",
    "price": 0.93,
    "promoPrice": null,
    "price_per_unit": null,
    "unit": null,
    "image": "https://s7g10.scene7.com/is/image/aldinord/product_1224044_main_cms_5_nl_nl_kaasflips_cw01_2024",
    "beschikbaar": true,
    "promoEnd": null,
    "link": "https://www.aldi.nl/kaasflips-1224044.html"
  },
  {
    "id": "1224043",
    "title": "HEERLIJCK BANKET Roze koeken mini 8 stuks",
    "category": "Snoep, koek, chips",
    "price": 1.51,
    "promoPrice": null,
    "price_per_unit": null,
    "unit": null,
    "image": "https://s7g10.scene7.com/is/image/aldinord/product_1224043_main_cms_1_nl_nl_roze_koeken_mini_cw01_2024",
    "beschikbaar": true,
    "promoEnd": null,
    "link": "https://www.aldi.nl/roze-koeken-mini-1224043.html"
  },
  {
    "id": "1224039",
    "title": "HEERLIJCK BANKET Kokoskransen 6 stuks, 360 g",
    "category": "Snoep, koek, chips",
    "price": 1.99,
    "promoPrice": null,
    "price_per_unit": null,
    "unit": null,
    "image": "https://s7g10.scene7.com/is/image/aldinord/product_1224039_main_cms_1_nl_nl_kokoskransen_cw01_2024",
    "beschikbaar": true,
    "promoEnd": null,
    "link": "https://www.aldi.nl/kokoskransen-1224039.html"
  },
  {
    "id": "1224037",
    "title": "Luxe rundvlees saladeschotel 400 g",
    "category": "Maaltijden, salades",
    "price": 2.59,
    "promoPrice": null,
    "price_per_unit": null,
    "unit": null,
    "image": "https://s7g10.scene7.com/is/image/aldinord/product_1224037_main_cms_1_nl_nl_luxe_rundvlees_saladeschotel_cw01_2024",
    "beschikbaar": true,
    "promoEnd": null,
    "link": "https://www.aldi.nl/luxe-rundvlees-saladeschotel-1224037.html"
  },
  {
    "id": "1224036",
    "title": "TRADER JOE'S Rice cookies 175 g",
    "category": "Snoep, koek, chips",
    "price": 1.69,
    "promoPrice": null,
    "price_per_unit": null,
    "unit": null,
    "image": "https://s7g10.scene7.com/is/image/aldinord/product_1224036_main_cms_1_nl_nl_rice_cookies_cw01_2024",
    "beschikbaar": true,
    "promoEnd": null,
    "link": "https://www.aldi.nl/rice-cookies-1224036.html"
  },
  {
    "id": "1224034",
    "title": "QUICK BITE Chickenburgers 2 stuks, 268 g",
    "category": "Maaltijden, salades",
    "price": 1.89,
    "promoPrice": null,
    "price_per_unit": null,
    "unit": null,
    "image": "https://s7g10.scene7.com/is/image/aldinord/product_1224034_main_cms_2_nl_nl_chickenburgers_cw01_2024",
    "beschikbaar": true,
    "promoEnd": null,
    "link": "https://www.aldi.nl/chickenburgers-1224034.html"
  },
  {
    "id": "1224032",
    "title": "HARIBO Kikkers of starmix 300 g",
    "category": "Snoep, koek, chips",
    "price": null,
    "promoPrice": null,
    "price_per_unit": null,
    "unit": null,
    "image": "https://s7g10.scene7.com/is/image/aldinord/product_1224032_main_cms_2_nl_nl_kikkers_of_starmix_cw01_2024",
    "beschikbaar": true,
    "promoEnd": null,
    "link": "https://www.aldi.nl/kikkers-of-starmix-1224032.html"
  },
  {
    "id": "1224027",
    "title": "SUN SNACKS Kaasstengels 100 g",
    "category": "Snoep, koek, chips",
    "price": 1.39,
    "promoPrice": null,
    "price_per_unit": null,
    "unit": null,
    "image": "https://s7g10.scene7.com/is/image/aldinord/product_1224027_main_cms_1_nl_nl_kaasstengels_cw01_2024",
    "beschikbaar": true,
    "promoEnd": null,
    "link": "https://www.aldi.nl/kaasstengels-1224027.html"
  },
  {
    "id": "1224026",
    "title": "TRADER JOE'S Katjang pedis 250 g",
    "category": "Snoep, koek, chips",
    "price": 1.49,
    "promoPrice": null,
    "price_per_unit": null,
    "unit": null,
    "image": "https://s7g10.scene7.com/is/image/aldinord/product_1224026_main_cms_1_nl_nl_katjang_pedis_cw01_2024",
    "beschikbaar": true,
    "promoEnd": null,
    "link": "https://www.aldi.nl/katjang-pedis-1224026.html"
  },
  {
    "id": "1224025",
    "title": "DE SNOEPFABRIEK Toffees melange 600 g",
    "category": "Snoep, koek, chips",
    "price": 2.79,
    "promoPrice": null,
    "price_per_unit": null,
    "unit": null,
    "image": "https://s7g10.scene7.com/is/image/aldinord/product_1224025_main_cms_2_nl_nl_toffees_melange_cw01_2024",
    "beschikbaar": true,
    "promoEnd": null,
    "link": "https://www.aldi.nl/toffees-melange-1224025.html"
  },
  {
    "id": "1224024",
    "title": "HEERLIJCK BANKET Roze koeken groot 6 stuks",
    "category": "Snoep, koek, chips",
    "price": 1.51,
    "promoPrice": null,
    "price_per_unit": null,
    "unit": null,
    "image": "https://s7g10.scene7.com/is/image/aldinord/product_1224024_main_cms_1_nl_nl_roze_koeken_groot_cw01_2024",
    "beschikbaar": true,
    "promoEnd": null,
    "link": "https://www.aldi.nl/roze-koeken-groot-1224024.html"
  },
  {
    "id": "1224022",
    "title": "HEERLIJCK BANKET Confettini cakejes Inhoud: 6 stuks, 200 g",
    "category": "Snoep, koek, chips",
    "price": 1.75,
    "promoPrice": null,
    "price_per_unit": 8.75,
    "unit": "KG",
    "image": "https://s7g10.scene7.com/is/image/aldinord/product_1224022_main_cms_2_nl_nl_confettini_cakejes_cw01_2024",
    "beschikbaar": true,
    "promoEnd": null,
    "link": "https://www.aldi.nl/confettini-cakejes-1224022.html"
  },
  {
    "id": "1224020",
    "title": "Luxe zalm saladeschotel 400 g",
    "category": "Maaltijden, salades",
    "price": 2.59,
    "promoPrice": null,
    "price_per_unit": null,
    "unit": null,
    "image": "https://s7g10.scene7.com/is/image/aldinord/product_1224020_main_cms_1_nl_nl_luxe_zalm_saladeschotel_cw01_2024",
    "beschikbaar": true,
    "promoEnd": null,
    "link": "https://www.aldi.nl/luxe-zalm-saladeschotel-1224020.html"
  },
  {
    "id": "1224018",
    "title": "TRADER JOE'S Zongedroogde pruimen 250 g",
    "category": "Groente, aardappelen",
    "price": 2.09,
    "promoPrice": null,
    "price_per_unit": null,
    "unit": null,
    "image": "https://s7g10.scene7.com/is/image/aldinord/product_1224018_main_cms_1_nl_nl_zongedroogde_pruimen_cw01_2024",
    "beschikbaar": true,
    "promoEnd": null,
    "link": "https://www.aldi.nl/zongedroogde-pruimen-1224018.html"
  },
  {
    "id": "1224016",
    "title": "HEERLIJCK BANKET Roomboter midi gevulde- of appelkoeken Inhoud: 12 stuks, 360 g",
    "category": "Snoep, koek, chips",
    "price": 2.49,
    "promoPrice": null,
    "price_per_unit": 6.92,
    "unit": "KG",
    "image": "https://s7g10.scene7.com/is/image/aldinord/product_1224016_main_cms_2_nl_nl_roomboter_midi_gevulde_of_appelkoeken_cw01_2024",
    "beschikbaar": true,
    "promoEnd": null,
    "link": "https://www.aldi.nl/roomboter-midi-gevulde-of-appelkoeken-1224016.html"
  },
  {
    "id": "1224015",
    "title": "TRADER JOE'S Wasabi bollen 150 g",
    "category": "Snoep, koek, chips",
    "price": 1.69,
    "promoPrice": null,
    "price_per_unit": null,
    "unit": null,
    "image": "https://s7g10.scene7.com/is/image/aldinord/product_1224015_main_cms_1_nl_nl_wasabi_bollen_cw01_2024",
    "beschikbaar": true,
    "promoEnd": null,
    "link": "https://www.aldi.nl/wasabi-bollen-1224015.html"
  },
  {
    "id": "1224014",
    "title": "WRAPITT Hersluitbare diepvrieszakjes 1 l",
    "category": "Huishouden",
    "price": 1.99,
    "promoPrice": null,
    "price_per_unit": null,
    "unit": null,
    "image": "https://s7g10.scene7.com/is/image/aldinord/product_1224014_main_cms_1_nl_nl_hersluitbare_diepvrieszakjes_cw01_2024",
    "beschikbaar": true,
    "promoEnd": null,
    "link": "https://www.aldi.nl/hersluitbare-diepvrieszakjes-1224014.html"
  },
  {
    "id": "1224013",
    "title": "WRAPITT Hersluitbare diepvrieszakjes 3 l",
    "category": "Huishouden",
    "price": 1.99,
    "promoPrice": null,
    "price_per_unit": null,
    "unit": null,
    "image": "https://s7g10.scene7.com/is/image/aldinord/product_1224013_main_cms_1_nl_nl_hersluitbare_diepvrieszakjes_cw01_2024",
    "beschikbaar": true,
    "promoEnd": null,
    "link": "https://www.aldi.nl/hersluitbare-diepvrieszakjes-1224013.html"
  },
  {
    "id": "1223987",
    "title": "SCHULTENBRÄU Extra strong 10% 0.5 l",
    "category": "Bier, wijn, sterke drank",
    "price": 1.49,
    "promoPrice": null,
    "price_per_unit": 2.98,
    "unit": "L",
    "image": "https://s7g10.scene7.com/is/image/aldinord/product_1223987_main_cms_1_nl_nl_extra_strong_10_cw01_2024",
    "beschikbaar": true,
    "promoEnd": null,
    "link": "https://www.aldi.nl/extra-strong-10-1223987.html"
  },
  {
    "id": "1223941",
    "title": "Tapenade 125-150 g",
    "category": "Speciaal assortiment",
    "price": 1.59,
    "promoPrice": null,
    "price_per_unit": 10.6,
    "unit": "KG",
    "image": "https://s7g10.scene7.com/is/image/aldinord/product_1223941_main_cms_4_nl_nl_tapenade_cw01_2024",
    "beschikbaar": true,
    "promoEnd": null,
    "link": "https://www.aldi.nl/tapenade-1223941.html"
  },
  {
    "id": "1223915",
    "title": "Bounty mini's 333 g",
    "category": "Snoep, koek, chips",
    "price": 3.63,
    "promoPrice": null,
    "price_per_unit": null,
    "unit": null,
    "image": "https://s7g10.scene7.com/is/image/aldinord/product_1223915_main_cms_1_nl_nl_bounty_mini_s_cw01_2024",
    "beschikbaar": true,
    "promoEnd": null,
    "link": "https://www.aldi.nl/bounty-minis-1223915.html"
  },
  {
    "id": "1223910",
    "title": "Twix mini's 333 g",
    "category": "Snoep, koek, chips",
    "price": 3.63,
    "promoPrice": null,
    "price_per_unit": null,
    "unit": null,
    "image": "https://s7g10.scene7.com/is/image/aldinord/product_1223910_main_cms_1_nl_nl_twix_mini_s_cw01_2024",
    "beschikbaar": true,
    "promoEnd": null,
    "link": "https://www.aldi.nl/twix-minis-1223910.html"
  },
  {
    "id": "1223899",
    "title": "SUN SNACKS Zoete aardappelchips 100 g",
    "category": "Snoep, koek, chips",
    "price": 1.49,
    "promoPrice": null,
    "price_per_unit": null,
    "unit": null,
    "image": "https://s7g10.scene7.com/is/image/aldinord/product_1223899_main_cms_1_nl_nl_zoete_aardappelchips_cw01_2024",
    "beschikbaar": true,
    "promoEnd": null,
    "link": "https://www.aldi.nl/zoete-aardappelchips-1223899.html"
  },
  {
    "id": "1223897",
    "title": "CHOCEUR Choco fun 400 g",
    "category": "Snoep, koek, chips",
    "price": 3.24,
    "promoPrice": null,
    "price_per_unit": null,
    "unit": null,
    "image": "https://s7g10.scene7.com/is/image/aldinord/product_1223897_main_cms_1_nl_nl_choco_fun_cw01_2024",
    "beschikbaar": true,
    "promoEnd": null,
    "link": "https://www.aldi.nl/choco-fun-1223897.html"
  },
  {
    "id": "1223896",
    "title": "KATJA Yoghurtgums 410 g",
    "category": "Snoep, koek, chips",
    "price": null,
    "promoPrice": null,
    "price_per_unit": null,
    "unit": null,
    "image": "https://s7g10.scene7.com/is/image/aldinord/product_1223896_main_cms_1_nl_nl_yoghurtgums_cw01_2024",
    "beschikbaar": true,
    "promoEnd": null,
    "link": "https://www.aldi.nl/yoghurtgums-1223896.html"
  },
  {
    "id": "1223882",
    "title": "CHOCEUR Choco crisp 400 g",
    "category": "Snoep, koek, chips",
    "price": 3.24,
    "promoPrice": null,
    "price_per_unit": null,
    "unit": null,
    "image": "https://s7g10.scene7.com/is/image/aldinord/product_1223882_main_cms_1_nl_nl_choco_crisp_cw01_2024",
    "beschikbaar": true,
    "promoEnd": null,
    "link": "https://www.aldi.nl/choco-crisp-1223882.html"
  },
  {
    "id": "1223881",
    "title": "SUN SNACKS Groentechips 100 g",
    "category": "Snoep, koek, chips",
    "price": 1.89,
    "promoPrice": null,
    "price_per_unit": null,
    "unit": null,
    "image": "https://s7g10.scene7.com/is/image/aldinord/product_1223881_main_cms_2_nl_nl_groentechips_cw01_2024",
    "beschikbaar": true,
    "promoEnd": null,
    "link": "https://www.aldi.nl/groentechips-1223881.html"
  },
  {
    "id": "1223867",
    "title": "HOFSTEE DE DRIE EIKEN Runderhachee 680 g",
    "category": "Speciaal assortiment",
    "price": 4.79,
    "promoPrice": null,
    "price_per_unit": null,
    "unit": null,
    "image": "https://s7g10.scene7.com/is/image/aldinord/product_1223867_main_cms_2_nl_nl_runderhachee_cw01_2024",
    "beschikbaar": true,
    "promoEnd": null,
    "link": "https://www.aldi.nl/runderhachee-1223867.html"
  },
  {
    "id": "1223865",
    "title": "HOFSTEE DE DRIE EIKEN Varkenstoofvlees 680g 680 g",
    "category": "Speciaal assortiment",
    "price": 4.79,
    "promoPrice": null,
    "price_per_unit": null,
    "unit": null,
    "image": "https://s7g10.scene7.com/is/image/aldinord/product_1223865_main_cms_1_nl_nl_varkenstoofvlees_680g_cw01_2024",
    "beschikbaar": true,
    "promoEnd": null,
    "link": "https://www.aldi.nl/varkenstoofvlees-680g-1223865.html"
  },
  {
    "id": "1223863",
    "title": "ASIA GREEN GARDEN Sesam- of arachideolie 250 ml",
    "category": "Maaltijden, salades",
    "price": 2.99,
    "promoPrice": 2.99,
    "price_per_unit": 11.96,
    "unit": "L",
    "image": "https://s7g10.scene7.com/is/image/aldinord/product_1223863_main_cms_7_nl_nl_sesam_of_arachideolie_cw01_2024",
    "beschikbaar": true,
    "promoEnd": "2025-10-19",
    "link": "https://www.aldi.nl/sesam-of-arachideolie-1223863.html"
  },
  {
    "id": "1223832",
    "title": "LEKKER & SNEL 3-vaks Hollandse maaltijd 500 g",
    "category": "Maaltijden, salades",
    "price": 4.59,
    "promoPrice": null,
    "price_per_unit": 9.18,
    "unit": "KG",
    "image": "https://s7g10.scene7.com/is/image/aldinord/product_1223832_main_cms_3_nl_nl_3_vaks_hollandse_maaltijd_cw01_2024",
    "beschikbaar": true,
    "promoEnd": null,
    "link": "https://www.aldi.nl/3-vaks-hollandse-maaltijd-1223832.html"
  },
  {
    "id": "1223830",
    "title": "LEKKER & SNEL 3-vaks Hollandse maaltijd 500 g",
    "category": "Maaltijden, salades",
    "price": 4.59,
    "promoPrice": null,
    "price_per_unit": 9.18,
    "unit": "KG",
    "image": "https://s7g10.scene7.com/is/image/aldinord/product_1223830_main_cms_1_nl_nl_3_vaks_hollandse_maaltijd_cw01_2024",
    "beschikbaar": true,
    "promoEnd": null,
    "link": "https://www.aldi.nl/3-vaks-hollandse-maaltijd-1223830.html"
  },
  {
    "id": "1223825",
    "title": "Kipsaté salade 250 g",
    "category": "Maaltijden, salades",
    "price": 1.83,
    "promoPrice": null,
    "price_per_unit": null,
    "unit": null,
    "image": "https://s7g10.scene7.com/is/image/aldinord/product_1223825_main_cms_3_nl_nl_kipsate_salade_cw01_2024",
    "beschikbaar": true,
    "promoEnd": null,
    "link": "https://www.aldi.nl/kipsat-salade-1223825.html"
  },
  {
    "id": "1223823",
    "title": "Pikante kipkerriesalade 250 g",
    "category": "Maaltijden, salades",
    "price": 1.83,
    "promoPrice": null,
    "price_per_unit": null,
    "unit": null,
    "image": "https://s7g10.scene7.com/is/image/aldinord/product_1223823_main_cms_2_nl_nl_pikante_kipkerriesalade_cw01_2024",
    "beschikbaar": true,
    "promoEnd": null,
    "link": "https://www.aldi.nl/pikante-kipkerriesalade-1223823.html"
  },
  {
    "id": "1223821",
    "title": "Farmer- of selleriesalade 250 g",
    "category": "Maaltijden, salades",
    "price": 1.39,
    "promoPrice": null,
    "price_per_unit": 5.56,
    "unit": "KG",
    "image": "https://s7g10.scene7.com/is/image/aldinord/product_1223821_main_cms_10_nl_nl_farmer_of_selleriesalade_cw01_2024",
    "beschikbaar": true,
    "promoEnd": null,
    "link": "https://www.aldi.nl/farmer-of-selleriesalade-1223821.html"
  },
  {
    "id": "1223820",
    "title": "Salame nostrano 60 g",
    "category": "Vlees, vis, vega",
    "price": 1.99,
    "promoPrice": null,
    "price_per_unit": null,
    "unit": null,
    "image": "https://s7g10.scene7.com/is/image/aldinord/product_1223820_main_cms_1_nl_nl_salame_nostrano_cw01_2024",
    "beschikbaar": true,
    "promoEnd": null,
    "link": "https://www.aldi.nl/salame-nostrano-1223820.html"
  },
  {
    "id": "1223817",
    "title": "Coppa Stagionata 60 g",
    "category": "Vlees, vis, vega",
    "price": 1.99,
    "promoPrice": null,
    "price_per_unit": null,
    "unit": null,
    "image": "https://s7g10.scene7.com/is/image/aldinord/product_1223817_main_cms_1_nl_nl_coppa_stagionata_cw01_2024",
    "beschikbaar": true,
    "promoEnd": null,
    "link": "https://www.aldi.nl/coppa-stagionata-1223817.html"
  },
  {
    "id": "1223812",
    "title": "LEKKER & SNEL 3-vaks Hollandse maaltijd 500 g",
    "category": "Maaltijden, salades",
    "price": 4.59,
    "promoPrice": null,
    "price_per_unit": 9.18,
    "unit": "KG",
    "image": "https://s7g10.scene7.com/is/image/aldinord/product_1223812_main_cms_1_nl_nl_3_vaks_hollandse_maaltijd_cw01_2024",
    "beschikbaar": true,
    "promoEnd": null,
    "link": "https://www.aldi.nl/3-vaks-hollandse-maaltijd-1223812.html"
  },
  {
    "id": "1223808",
    "title": "Prosciutto crudo 60 g",
    "category": "Vlees, vis, vega",
    "price": 1.99,
    "promoPrice": null,
    "price_per_unit": null,
    "unit": null,
    "image": "https://s7g10.scene7.com/is/image/aldinord/product_1223808_main_cms_1_nl_nl_prosciutto_crudo_cw01_2024",
    "beschikbaar": true,
    "promoEnd": null,
    "link": "https://www.aldi.nl/prosciutto-crudo-1223808.html"
  },
  {
    "id": "1223806",
    "title": "MY VAY Spinazie-kaas rondo's Inhoud: 2 stuks, 200 g",
    "category": "Vlees, vis, vega",
    "price": 1.99,
    "promoPrice": null,
    "price_per_unit": 9.95,
    "unit": "KG",
    "image": "https://s7g10.scene7.com/is/image/aldinord/product_1223806_main_cms_1_nl_nl_spinazie_kaas_rondo_s_cw01_2024",
    "beschikbaar": true,
    "promoEnd": null,
    "link": "https://www.aldi.nl/spinazie-kaas-rondos-1223806.html"
  },
  {
    "id": "1223804",
    "title": "Tomme Pays Basque 200 g",
    "category": "Zuivel, eieren",
    "price": 2.99,
    "promoPrice": null,
    "price_per_unit": null,
    "unit": null,
    "image": "https://s7g10.scene7.com/is/image/aldinord/product_1223804_main_cms_2_nl_nl_tomme_pays_basque_cw01_2024",
    "beschikbaar": true,
    "promoEnd": null,
    "link": "https://www.aldi.nl/tomme-pays-basque-1223804.html"
  },
  {
    "id": "1223803",
    "title": "Chevre de Anjou cendré 150 g",
    "category": "Zuivel, eieren",
    "price": 2.99,
    "promoPrice": null,
    "price_per_unit": null,
    "unit": null,
    "image": "https://s7g10.scene7.com/is/image/aldinord/product_1223803_main_cms_2_nl_nl_chevre_de_anjou_cendre_cw01_2024",
    "beschikbaar": true,
    "promoEnd": null,
    "link": "https://www.aldi.nl/chevre-de-anjou-cendr-1223803.html"
  },
  {
    "id": "1223802",
    "title": "Specilité des Vosges 200 g",
    "category": "Zuivel, eieren",
    "price": 2.99,
    "promoPrice": null,
    "price_per_unit": null,
    "unit": null,
    "image": "https://s7g10.scene7.com/is/image/aldinord/product_1223802_main_cms_2_nl_nl_specilite_des_vosges_cw01_2024",
    "beschikbaar": true,
    "promoEnd": null,
    "link": "https://www.aldi.nl/specilit-des-vosges-1223802.html"
  },
  {
    "id": "1223801",
    "title": "Bisque de Brebis 150 g",
    "category": "Zuivel, eieren",
    "price": 2.99,
    "promoPrice": null,
    "price_per_unit": null,
    "unit": null,
    "image": "https://s7g10.scene7.com/is/image/aldinord/product_1223801_main_cms_2_nl_nl_bisque_de_brebis_cw01_2024",
    "beschikbaar": true,
    "promoEnd": null,
    "link": "https://www.aldi.nl/bisque-de-brebis-1223801.html"
  },
  {
    "id": "1223800",
    "title": "DE AFBAKKER Petit pains en piccolo's 4-6 stuks",
    "category": "Brood, ontbijtgranen",
    "price": 0.99,
    "promoPrice": null,
    "price_per_unit": null,
    "unit": null,
    "image": "https://s7g10.scene7.com/is/image/aldinord/product_1223800_main_cms_1_nl_nl_petit_pains_en_piccolo_s_cw01_2024",
    "beschikbaar": true,
    "promoEnd": null,
    "link": "https://www.aldi.nl/petit-pains-en-piccolos-1223800.html"
  },
  {
    "id": "1223799",
    "title": "RAVINI Hugo Frizzante 0.75 l",
    "category": "Bier, wijn, sterke drank",
    "price": 2.55,
    "promoPrice": null,
    "price_per_unit": 3.4,
    "unit": "L",
    "image": "https://s7g10.scene7.com/is/image/aldinord/variant_1223799_1_main_cms_1_nl_nl_hugo_frizzante_cw01_2024",
    "beschikbaar": true,
    "promoEnd": null,
    "link": "https://www.aldi.nl/hugo-frizzante-1223799.html"
  },
  {
    "id": "1223727",
    "title": "DE AFBAKKER Kaiserbroodjes wit 300 g",
    "category": "Brood, ontbijtgranen",
    "price": 0.88,
    "promoPrice": null,
    "price_per_unit": 2.93,
    "unit": "KG",
    "image": "https://s7g10.scene7.com/is/image/aldinord/variant_1223727_2_main_cms_1_nl_nl_kaiserbroodjes_wit_cw01_2024",
    "beschikbaar": true,
    "promoEnd": null,
    "link": "https://www.aldi.nl/kaiserbroodjes-wit-1223727.html"
  },
  {
    "id": "1223706",
    "title": "BARISSIMO Koffiepads mocca 40 pads",
    "category": "Koffie, thee",
    "price": 4.99,
    "promoPrice": null,
    "price_per_unit": null,
    "unit": null,
    "image": "https://s7g10.scene7.com/is/image/aldinord/variant_1223706_1_main_cms_1_nl_nl_koffiepads_mocca_cw01_2024",
    "beschikbaar": true,
    "promoEnd": null,
    "link": "https://www.aldi.nl/koffiepads-mocca-1223706.html"
  },
  {
    "id": "1223701",
    "title": "BARISSIMO Dolce Gusto compatible cups latte macchiato 16 cups",
    "category": "Koffie, thee",
    "price": 3.99,
    "promoPrice": null,
    "price_per_unit": null,
    "unit": null,
    "image": "https://s7g10.scene7.com/is/image/aldinord/product_1223701_main_cms_5_nl_nl_dolce_gusto_compatible_cups_latte_macchi_cw01_2024",
    "beschikbaar": true,
    "promoEnd": null,
    "link": "https://www.aldi.nl/dolce-gusto-compatible-cups-latte-macchiato-1223701.html"
  },
  {
    "id": "1223690",
    "title": "BARISSIMO Koffiepads mild 40 pads",
    "category": "Koffie, thee",
    "price": 4.99,
    "promoPrice": null,
    "price_per_unit": null,
    "unit": null,
    "image": "https://s7g10.scene7.com/is/image/aldinord/variant_1223690_1_main_cms_1_nl_nl_koffiepads_mild_cw01_2024",
    "beschikbaar": true,
    "promoEnd": null,
    "link": "https://www.aldi.nl/koffiepads-mild-1223690.html"
  },
  {
    "id": "1223689",
    "title": "BARISSIMO Koffiepads extra dark roast 40 pads",
    "category": "Koffie, thee",
    "price": 4.99,
    "promoPrice": null,
    "price_per_unit": null,
    "unit": null,
    "image": "https://s7g10.scene7.com/is/image/aldinord/variant_1223689_1_main_cms_1_nl_nl_koffiepads_extra_dark_roast_cw01_2024",
    "beschikbaar": true,
    "promoEnd": null,
    "link": "https://www.aldi.nl/koffiepads-extra-dark-roast-1223689.html"
  },
  {
    "id": "1223688",
    "title": "BARISSIMO Koffiepads decaf 40 pads",
    "category": "Koffie, thee",
    "price": 4.99,
    "promoPrice": null,
    "price_per_unit": null,
    "unit": null,
    "image": "https://s7g10.scene7.com/is/image/aldinord/variant_1223688_1_main_cms_1_nl_nl_koffiepads_decaf_cw01_2024",
    "beschikbaar": true,
    "promoEnd": null,
    "link": "https://www.aldi.nl/koffiepads-decaf-1223688.html"
  },
  {
    "id": "1223687",
    "title": "BARISSIMO Koffiepads classic 40 pads",
    "category": "Koffie, thee",
    "price": 3.77,
    "promoPrice": null,
    "price_per_unit": null,
    "unit": null,
    "image": "https://s7g10.scene7.com/is/image/aldinord/variant_1223687_1_main_cms_1_nl_nl_koffiepads_classic_cw01_2024",
    "beschikbaar": true,
    "promoEnd": null,
    "link": "https://www.aldi.nl/koffiepads-classic-1223687.html"
  },
  {
    "id": "1223686",
    "title": "BARISSIMO Koffiepads dark roast 40 pads",
    "category": "Koffie, thee",
    "price": 3.66,
    "promoPrice": null,
    "price_per_unit": null,
    "unit": null,
    "image": "https://s7g10.scene7.com/is/image/aldinord/variant_1223686_1_main_cms_1_nl_nl_koffiepads_dark_roast_cw01_2024",
    "beschikbaar": true,
    "promoEnd": null,
    "link": "https://www.aldi.nl/koffiepads-dark-roast-1223686.html"
  },
  {
    "id": "1223677",
    "title": "DAYLICIOUS Soepgroenten basis 400 g",
    "category": "Groente, aardappelen",
    "price": 1.15,
    "promoPrice": null,
    "price_per_unit": 2.88,
    "unit": "KG",
    "image": "https://s7g10.scene7.com/is/image/aldinord/variant_1223677_1_main_cms_2_nl_nl_soepgroenten_basis_cw01_2024",
    "beschikbaar": true,
    "promoEnd": null,
    "link": "https://www.aldi.nl/soepgroenten-basis-1223677.html"
  },
  {
    "id": "1223675",
    "title": "DAYLICIOUS Soepgroenten fijn 250 g",
    "category": "Groente, aardappelen",
    "price": 0.99,
    "promoPrice": null,
    "price_per_unit": 3.96,
    "unit": "KG",
    "image": "https://s7g10.scene7.com/is/image/aldinord/variant_1223675_1_main_cms_3_nl_nl_soepgroenten_fijn_cw01_2024",
    "beschikbaar": true,
    "promoEnd": null,
    "link": "https://www.aldi.nl/soepgroenten-fijn-1223675.html"
  },
  {
    "id": "1223669",
    "title": "BARISSIMO Koffiebonen espresso cremosa 1 kg",
    "category": "Koffie, thee",
    "price": 14.99,
    "promoPrice": null,
    "price_per_unit": 14.99,
    "unit": "KG",
    "image": "https://s7g10.scene7.com/is/image/aldinord/variant_1223669_1_main_cms_1_nl_nl_koffiebonen_espresso_cremosa_cw01_2024",
    "beschikbaar": true,
    "promoEnd": null,
    "link": "https://www.aldi.nl/koffiebonen-espresso-cremosa-1223669.html"
  },
  {
    "id": "1223668",
    "title": "BARISSIMO Koffiebonen crema & aroma 1 kg",
    "category": "Koffie, thee",
    "price": 14.99,
    "promoPrice": null,
    "price_per_unit": 14.99,
    "unit": "KG",
    "image": "https://s7g10.scene7.com/is/image/aldinord/variant_1223668_1_main_cms_1_nl_nl_koffiebonen_crema_aroma_cw01_2024",
    "beschikbaar": true,
    "promoEnd": null,
    "link": "https://www.aldi.nl/koffiebonen-crema-aroma-1223668.html"
  },
  {
    "id": "1223667",
    "title": "BARISSIMO Koffiebonen rood 1 kg",
    "category": "Koffie, thee",
    "price": 14.99,
    "promoPrice": null,
    "price_per_unit": 14.99,
    "unit": "KG",
    "image": "https://s7g10.scene7.com/is/image/aldinord/variant_1223667_1_main_cms_1_nl_nl_koffiebonen_rood_cw01_2024",
    "beschikbaar": true,
    "promoEnd": null,
    "link": "https://www.aldi.nl/koffiebonen-rood-1223667.html"
  },
  {
    "id": "1223666",
    "title": "BARISSIMO Filterkoffie intense 500 g",
    "category": "Koffie, thee",
    "price": 3.75,
    "promoPrice": null,
    "price_per_unit": 7.5,
    "unit": "KG",
    "image": "https://s7g10.scene7.com/is/image/aldinord/variant_1223666_1_main_cms_1_nl_nl_filterkoffie_intense_cw01_2024",
    "beschikbaar": true,
    "promoEnd": null,
    "link": "https://www.aldi.nl/filterkoffie-intense-1223666.html"
  },
  {
    "id": "1223665",
    "title": "BARISSIMO Bio fairtrade filterkoffie 500 g",
    "category": "Koffie, thee",
    "price": 8.79,
    "promoPrice": null,
    "price_per_unit": 17.58,
    "unit": "KG",
    "image": "https://s7g10.scene7.com/is/image/aldinord/variant_1223665_1_main_cms_2_nl_nl_bio_fairtrade_filterkoffie_cw01_2024",
    "beschikbaar": true,
    "promoEnd": null,
    "link": "https://www.aldi.nl/bio-fairtrade-filterkoffie-1223665.html"
  },
  {
    "id": "1223664",
    "title": "BARISSIMO Filterkoffie dark roast 500 g",
    "category": "Koffie, thee",
    "price": 7.99,
    "promoPrice": null,
    "price_per_unit": 15.98,
    "unit": "KG",
    "image": "https://s7g10.scene7.com/is/image/aldinord/variant_1223664_1_main_cms_2_nl_nl_filterkoffie_dark_roast_cw01_2024",
    "beschikbaar": true,
    "promoEnd": null,
    "link": "https://www.aldi.nl/filterkoffie-dark-roast-1223664.html"
  },
  {
    "id": "1223663",
    "title": "BARISSIMO Filterkoffie decaf 500 g",
    "category": "Koffie, thee",
    "price": 8.49,
    "promoPrice": null,
    "price_per_unit": 16.98,
    "unit": "KG",
    "image": "https://s7g10.scene7.com/is/image/aldinord/variant_1223663_1_main_cms_1_nl_nl_filterkoffie_decaf_cw01_2024",
    "beschikbaar": true,
    "promoEnd": null,
    "link": "https://www.aldi.nl/filterkoffie-decaf-1223663.html"
  },
  {
    "id": "1223662",
    "title": "BARISSIMO Filterkoffie goud 500 g",
    "category": "Koffie, thee",
    "price": 7.99,
    "promoPrice": null,
    "price_per_unit": 15.98,
    "unit": "KG",
    "image": "https://s7g10.scene7.com/is/image/aldinord/variant_1223662_1_main_cms_1_nl_nl_filterkoffie_goud_cw01_2024",
    "beschikbaar": true,
    "promoEnd": null,
    "link": "https://www.aldi.nl/filterkoffie-goud-1223662.html"
  },
  {
    "id": "1223661",
    "title": "BARISSIMO Filterkoffie rood 500 g",
    "category": "Koffie, thee",
    "price": 7.69,
    "promoPrice": null,
    "price_per_unit": 15.38,
    "unit": "KG",
    "image": "https://s7g10.scene7.com/is/image/aldinord/product_1223661_main_cms_2_nl_nl_filterkoffie_rood_cw01_2024",
    "beschikbaar": true,
    "promoEnd": null,
    "link": "https://www.aldi.nl/filterkoffie-rood-1223661.html"
  },
  {
    "id": "1223660",
    "title": "BARISSIMO Koffiebonen extra dark roast 1 kg",
    "category": "Koffie, thee",
    "price": 9.99,
    "promoPrice": null,
    "price_per_unit": 9.99,
    "unit": "KG",
    "image": "https://s7g10.scene7.com/is/image/aldinord/variant_1223660_1_main_cms_1_nl_nl_koffiebonen_extra_dark_roast_cw01_2024",
    "beschikbaar": true,
    "promoEnd": null,
    "link": "https://www.aldi.nl/koffiebonen-extra-dark-roast-1223660.html"
  },
  {
    "id": "1223659",
    "title": "BARISSIMO Instantkoffie goud Inhoud: 112 kopjes, 200 g",
    "category": "Koffie, thee",
    "price": 4.99,
    "promoPrice": null,
    "price_per_unit": 24.95,
    "unit": "KG",
    "image": "https://s7g10.scene7.com/is/image/aldinord/product_1223659_main_cms_1_nl_nl_instantkoffie_goud_cw01_2024",
    "beschikbaar": true,
    "promoEnd": null,
    "link": "https://www.aldi.nl/instantkoffie-goud-1223659.html"
  },
  {
    "id": "1223658",
    "title": "BARISSIMO Dolce Gusto compatible cups cappuccino 16 cups",
    "category": "Koffie, thee",
    "price": 3.99,
    "promoPrice": null,
    "price_per_unit": null,
    "unit": null,
    "image": "https://s7g10.scene7.com/is/image/aldinord/variant_1223658_1_main_cms_1_nl_nl_dolce_gusto_compatible_cups_cappuccino_cw01_2024",
    "beschikbaar": true,
    "promoEnd": null,
    "link": "https://www.aldi.nl/dolce-gusto-compatible-cups-cappuccino-1223658.html"
  },
  {
    "id": "1223654",
    "title": "BARISSIMO Koffiecups 16 cups",
    "category": "Koffie, thee",
    "price": 3.99,
    "promoPrice": null,
    "price_per_unit": null,
    "unit": null,
    "image": "https://s7g10.scene7.com/is/image/aldinord/variant_1223654_1_main_cms_1_nl_nl_koffiecups_cw01_2024",
    "beschikbaar": true,
    "promoEnd": null,
    "link": "https://www.aldi.nl/koffiecups-1223654.html"
  },
  {
    "id": "1223653",
    "title": "BARISSIMO Dolce Gusto compatible cups café au lait 16 cups",
    "category": "Koffie, thee",
    "price": 3.99,
    "promoPrice": null,
    "price_per_unit": null,
    "unit": null,
    "image": "https://s7g10.scene7.com/is/image/aldinord/variant_1223653_1_main_cms_2_nl_nl_dolce_gusto_compatible_cups_cafe_au_lait_cw01_2024",
    "beschikbaar": true,
    "promoEnd": null,
    "link": "https://www.aldi.nl/dolce-gusto-compatible-cups-caf-au-lait-1223653.html"
  },
  {
    "id": "1223652",
    "title": "BARISSIMO Oploskoffie rood Inhoud: 112 kopjes, 200 g",
    "category": "Koffie, thee",
    "price": 4.99,
    "promoPrice": null,
    "price_per_unit": null,
    "unit": null,
    "image": "https://s7g10.scene7.com/is/image/aldinord/product_1223652_main_cms_2_nl_nl_oploskoffie_rood_cw01_2024",
    "beschikbaar": true,
    "promoEnd": null,
    "link": "https://www.aldi.nl/oploskoffie-rood-1223652.html"
  },
  {
    "id": "1223637",
    "title": "BARISSIMO Dolce Gusto compatible cups lungo intense of espresso 16 cups",
    "category": "Koffie, thee",
    "price": 3.99,
    "promoPrice": null,
    "price_per_unit": null,
    "unit": null,
    "image": "https://s7g10.scene7.com/is/image/aldinord/product_1223637_main_cms_5_nl_nl_dolce_gusto_compatible_cups_lungo_intens_cw01_2024",
    "beschikbaar": true,
    "promoEnd": null,
    "link": "https://www.aldi.nl/dolce-gusto-compatible-cups-lungo-intense-of-espresso-1223637.html"
  },
  {
    "id": "1223566",
    "title": "HOFSTEE DE DRIE EIKEN Bierworstjes 5x25 g",
    "category": "Vlees, vis, vega",
    "price": 2.19,
    "promoPrice": null,
    "price_per_unit": 87.6,
    "unit": "KG",
    "image": "https://s7g10.scene7.com/is/image/aldinord/variant_1223566_1_main_cms_1_nl_nl_bierworstjes_cw01_2024",
    "beschikbaar": true,
    "promoEnd": null,
    "link": "https://www.aldi.nl/bierworstjes-1223566.html"
  },
  {
    "id": "1223523",
    "title": "TROPHY SMAAKMAKERS Dressing 450 ml",
    "category": "Maaltijden, salades",
    "price": 1.34,
    "promoPrice": null,
    "price_per_unit": 2.98,
    "unit": "L",
    "image": "https://s7g10.scene7.com/is/image/aldinord/product_1223523_main_cms_4_nl_nl_dressing_cw01_2024",
    "beschikbaar": true,
    "promoEnd": null,
    "link": "https://www.aldi.nl/dressing-1223523.html"
  },
  {
    "id": "1223509",
    "title": "Finca del Tuerto Parcella 11 0.75 l",
    "category": "Speciaal assortiment",
    "price": 5.99,
    "promoPrice": null,
    "price_per_unit": 7.99,
    "unit": "L",
    "image": "https://s7g10.scene7.com/is/image/aldinord/product_1223509_main_cms_4_nl_nl_finca_del_tuerto_parcella_11_cw01_2024",
    "beschikbaar": true,
    "promoEnd": null,
    "link": "https://www.aldi.nl/finca-del-tuerto-parcella-11-1223509.html"
  },
  {
    "id": "1223498",
    "title": "Casselerribs 400 g",
    "category": "Speciaal assortiment",
    "price": 4.99,
    "promoPrice": 4.99,
    "price_per_unit": 12.48,
    "unit": "KG",
    "image": "https://s7g10.scene7.com/is/image/aldinord/product_1223498_main_cms_2_nl_nl_casselerribs_cw01_2024",
    "beschikbaar": true,
    "promoEnd": "2025-10-12",
    "link": "https://www.aldi.nl/casselerribs-1223498.html"
  },
  {
    "id": "1223341",
    "title": "LACURA Gezichtsreiniging 250 ml",
    "category": "Baby, verzorging",
    "price": 1.39,
    "promoPrice": null,
    "price_per_unit": 5.56,
    "unit": "L",
    "image": "https://s7g10.scene7.com/is/image/aldinord/product_1223341_main_cms_6_nl_nl_gezichtsreiniging_cw01_2024",
    "beschikbaar": true,
    "promoEnd": null,
    "link": "https://www.aldi.nl/gezichtsreiniging-1223341.html"
  },
  {
    "id": "1223337",
    "title": "MAMIA Luierbroekjes junior maat 5 11 - 16 kg, 20 stuks",
    "category": "Baby, verzorging",
    "price": 4.79,
    "promoPrice": null,
    "price_per_unit": 0.3,
    "unit": "KG",
    "image": "https://s7g10.scene7.com/is/image/aldinord/variant_1223337_1_main_cms_2_nl_nl_luierbroekjes_junior_maat_5_cw01_2024",
    "beschikbaar": true,
    "promoEnd": null,
    "link": "https://www.aldi.nl/luierbroekjes-junior-maat-5-1223337.html"
  },
  {
    "id": "1223325",
    "title": "MAMIA Luiers XL maat 6 14+ kg, 32 stuks",
    "category": "Baby, verzorging",
    "price": 7.49,
    "promoPrice": null,
    "price_per_unit": null,
    "unit": null,
    "image": "https://s7g10.scene7.com/is/image/aldinord/variant_1223325_1_main_cms_2_nl_nl_luiers_xl_maat_6_cw01_2024",
    "beschikbaar": true,
    "promoEnd": null,
    "link": "https://www.aldi.nl/luiers-xl-maat-6-1223325.html"
  },
  {
    "id": "1223322",
    "title": "MAMIA Luiers maxi+ maat 4+ 10 - 15 kg, 38 stuks",
    "category": "Baby, verzorging",
    "price": 5.52,
    "promoPrice": null,
    "price_per_unit": 0.37,
    "unit": "KG",
    "image": "https://s7g10.scene7.com/is/image/aldinord/variant_1223322_1_main_cms_2_nl_nl_luiers_maxi_maat_4_cw01_2024",
    "beschikbaar": true,
    "promoEnd": null,
    "link": "https://www.aldi.nl/luiers-maxi-maat-4-1223322.html"
  },
  {
    "id": "1223300",
    "title": "LACURA Douchefoam of bodycream Per stuk",
    "category": "Baby, verzorging",
    "price": 2.99,
    "promoPrice": null,
    "price_per_unit": 14.95,
    "unit": "KG",
    "image": "https://s7g10.scene7.com/is/image/aldinord/product_1223300_main_cms_31_nl_nl_douchefoam_of_bodycream_cw01_2024",
    "beschikbaar": true,
    "promoEnd": null,
    "link": "https://www.aldi.nl/douchefoam-of-bodycream-1223300.html"
  },
  {
    "id": "1223294",
    "title": "MILSANI High protein drink 332 ml",
    "category": "Zuivel, eieren",
    "price": 1.19,
    "promoPrice": null,
    "price_per_unit": 3.58,
    "unit": "L",
    "image": "https://s7g10.scene7.com/is/image/aldinord/product_1223294_main_cms_3_nl_nl_high_protein_drink_cw01_2024",
    "beschikbaar": true,
    "promoEnd": null,
    "link": "https://www.aldi.nl/high-protein-drink-1223294.html"
  },
  {
    "id": "1223288",
    "title": "MAMIA Luierbroekjes XL maat 6 14+ kg, 18 stuks",
    "category": "Baby, verzorging",
    "price": 4.89,
    "promoPrice": null,
    "price_per_unit": null,
    "unit": null,
    "image": "https://s7g10.scene7.com/is/image/aldinord/product_1223288_main_cms_2_nl_nl_luierbroekjes_xl_maat_6_cw01_2024",
    "beschikbaar": true,
    "promoEnd": null,
    "link": "https://www.aldi.nl/luierbroekjes-xl-maat-6-1223288.html"
  },
  {
    "id": "1223281",
    "title": "MAMIA Luiers maxi maat 4 9 - 14 kg, 42 stuks",
    "category": "Baby, verzorging",
    "price": 5.79,
    "promoPrice": null,
    "price_per_unit": 0.41,
    "unit": "KG",
    "image": "https://s7g10.scene7.com/is/image/aldinord/variant_1223281_1_main_cms_2_nl_nl_luiers_maxi_maat_4_cw01_2024",
    "beschikbaar": true,
    "promoEnd": null,
    "link": "https://www.aldi.nl/luiers-maxi-maat-4-1223281.html"
  },
  {
    "id": "1223215",
    "title": "Fairtrade junior bananen Per tros",
    "category": "Groente, aardappelen",
    "price": 1.49,
    "promoPrice": null,
    "price_per_unit": null,
    "unit": null,
    "image": "https://s7g10.scene7.com/is/image/aldinord/product_1223215_main_cms_2_nl_nl_fairtrade_junior_bananen_cw01_2024",
    "beschikbaar": true,
    "promoEnd": null,
    "link": "https://www.aldi.nl/fairtrade-junior-bananen-1223215.html"
  },
  {
    "id": "1223193",
    "title": "CHOCEUR Choco changer 150 g",
    "category": "Snoep, koek, chips",
    "price": 2.29,
    "promoPrice": null,
    "price_per_unit": 15.27,
    "unit": "KG",
    "image": "https://s7g10.scene7.com/is/image/aldinord/product_1223193_main_cms_17_nl_nl_choco_changer_cw01_2024",
    "beschikbaar": true,
    "promoEnd": null,
    "link": "https://www.aldi.nl/choco-changer-1223193.html"
  },
  {
    "id": "1223169",
    "title": "JULIET 12-pack high premium kattenvoer 12x85 g",
    "category": "Huisdieren",
    "price": 4.69,
    "promoPrice": null,
    "price_per_unit": 55.18,
    "unit": "KG",
    "image": "https://s7g10.scene7.com/is/image/aldinord/product_1223169_main_cms_4_nl_nl_12_pack_high_premium_kattenvoer_cw01_2024",
    "beschikbaar": true,
    "promoEnd": null,
    "link": "https://www.aldi.nl/12-pack-high-premium-kattenvoer-1223169.html"
  },
  {
    "id": "1223165",
    "title": "MAMIA Luiers junior maat 5 11 - 16 kg, 36 stuks",
    "category": "Baby, verzorging",
    "price": 5.45,
    "promoPrice": null,
    "price_per_unit": 0.34,
    "unit": "KG",
    "image": "https://s7g10.scene7.com/is/image/aldinord/variant_1223165_1_main_cms_2_nl_nl_luiers_junior_maat_5_cw01_2024",
    "beschikbaar": true,
    "promoEnd": null,
    "link": "https://www.aldi.nl/luiers-junior-maat-5-1223165.html"
  },
  {
    "id": "1223134",
    "title": "MAMIA Luiers midi maat 3 5 - 9 kg, 46 stuks",
    "category": "Baby, verzorging",
    "price": 5.85,
    "promoPrice": null,
    "price_per_unit": 0.65,
    "unit": "KG",
    "image": "https://s7g10.scene7.com/is/image/aldinord/variant_1223134_1_main_cms_2_nl_nl_luiers_midi_maat_3_cw01_2024",
    "beschikbaar": true,
    "promoEnd": null,
    "link": "https://www.aldi.nl/luiers-midi-maat-3-1223134.html"
  },
  {
    "id": "1223120",
    "title": "LACURA Navulverpakking handzeep 750 ml",
    "category": "Baby, verzorging",
    "price": 1.29,
    "promoPrice": null,
    "price_per_unit": 1.72,
    "unit": "L",
    "image": "https://s7g10.scene7.com/is/image/aldinord/product_1223120_main_cms_2_nl_nl_navulverpakking_handzeep_cw01_2024",
    "beschikbaar": true,
    "promoEnd": null,
    "link": "https://www.aldi.nl/navulverpakking-handzeep-1223120.html"
  },
  {
    "id": "1222355",
    "title": "Witte wijn vol 1 l",
    "category": "Bier, wijn, sterke drank",
    "price": 4.29,
    "promoPrice": null,
    "price_per_unit": 4.29,
    "unit": "L",
    "image": "https://s7g10.scene7.com/is/image/aldinord/product_1222355_main_cms_3_nl_nl_witte_wijn_vol_cw01_2024",
    "beschikbaar": true,
    "promoEnd": null,
    "link": "https://www.aldi.nl/witte-wijn-vol-1222355.html"
  },
  {
    "id": "1222343",
    "title": "VALBLANC Zuivelspread 200 g",
    "category": "Zuivel, eieren",
    "price": 1.39,
    "promoPrice": null,
    "price_per_unit": 6.95,
    "unit": "KG",
    "image": "https://s7g10.scene7.com/is/image/aldinord/product_1222343_main_cms_8_nl_nl_zuivelspread_cw01_2024",
    "beschikbaar": true,
    "promoEnd": null,
    "link": "https://www.aldi.nl/zuivelspread-1222343.html"
  },
  {
    "id": "1222336",
    "title": "FRESH LIFE Kauwgom 70 stuks",
    "category": "Snoep, koek, chips",
    "price": 1.59,
    "promoPrice": null,
    "price_per_unit": null,
    "unit": null,
    "image": "https://s7g10.scene7.com/is/image/aldinord/product_1222336_main_cms_7_nl_nl_kauwgom_cw01_2024",
    "beschikbaar": true,
    "promoEnd": null,
    "link": "https://www.aldi.nl/kauwgom-1222336.html"
  },
  {
    "id": "1222326",
    "title": "UNA Schoonmaakazijn 1 l",
    "category": "Huishouden",
    "price": 0.69,
    "promoPrice": null,
    "price_per_unit": 0.69,
    "unit": "L",
    "image": "https://s7g10.scene7.com/is/image/aldinord/product_1222326_main_cms_1_nl_nl_schoonmaakazijn_cw01_2024",
    "beschikbaar": true,
    "promoEnd": null,
    "link": "https://www.aldi.nl/schoonmaakazijn-1222326.html"
  },
  {
    "id": "1222323",
    "title": "Katenspek 150 g",
    "category": "Vlees, vis, vega",
    "price": 2.29,
    "promoPrice": null,
    "price_per_unit": 15.27,
    "unit": "KG",
    "image": "https://s7g10.scene7.com/is/image/aldinord/variant_1222323_1_main_cms_1_nl_nl_katenspek_cw01_2024",
    "beschikbaar": true,
    "promoEnd": null,
    "link": "https://www.aldi.nl/katenspek-1222323.html"
  },
  {
    "id": "1222317",
    "title": "POTATO KING Patat frites 1 kg",
    "category": "Diepvries",
    "price": 1.65,
    "promoPrice": null,
    "price_per_unit": 1.65,
    "unit": "KG",
    "image": "https://s7g10.scene7.com/is/image/aldinord/product_1222317_main_cms_1_nl_nl_patat_frites_cw01_2024",
    "beschikbaar": true,
    "promoEnd": null,
    "link": "https://www.aldi.nl/patat-frites-1222317.html"
  },
  {
    "id": "1222311",
    "title": "PARTY GEBAK Roomboter appeltaart 8 porties",
    "category": "Brood, ontbijtgranen",
    "price": 4.59,
    "promoPrice": null,
    "price_per_unit": null,
    "unit": null,
    "image": "https://s7g10.scene7.com/is/image/aldinord/product_1222311_main_cms_3_nl_nl_roomboter_appeltaart_cw01_2024",
    "beschikbaar": true,
    "promoEnd": null,
    "link": "https://www.aldi.nl/roomboter-appeltaart-1222311.html"
  },
  {
    "id": "1222303",
    "title": "MUCCI Sensation mini 12 stuks",
    "category": "Maaltijden, salades",
    "price": 3.49,
    "promoPrice": null,
    "price_per_unit": null,
    "unit": null,
    "image": "https://s7g10.scene7.com/is/image/aldinord/variant_1222303_1_main_cms_2_nl_nl_sensation_mini_cw01_2024",
    "beschikbaar": true,
    "promoEnd": null,
    "link": "https://www.aldi.nl/sensation-mini-1222303.html"
  },
  {
    "id": "1222286",
    "title": "IJsbergsla Per stuk",
    "category": "Groente, aardappelen",
    "price": 0.69,
    "promoPrice": 0.69,
    "price_per_unit": null,
    "unit": null,
    "image": "https://s7g10.scene7.com/is/image/aldinord/product_1222286_main_cms_1_nl_nl_ijsbergsla_cw01_2024",
    "beschikbaar": true,
    "promoEnd": "2025-10-12",
    "link": "https://www.aldi.nl/ijsbergsla-1222286.html"
  },
  {
    "id": "1222279",
    "title": "Southern Creek Prestige Chardonnay 0.75 l",
    "category": "Bier, wijn, sterke drank",
    "price": 4.99,
    "promoPrice": null,
    "price_per_unit": 6.65,
    "unit": "L",
    "image": "https://s7g10.scene7.com/is/image/aldinord/product_1222279_main_cms_3_nl_nl_southern_creek_prestige_chardonnay_cw01_2024",
    "beschikbaar": true,
    "promoEnd": null,
    "link": "https://www.aldi.nl/southern-creek-prestige-chardonnay-1222279.html"
  },
  {
    "id": "1222276",
    "title": "Bleekselderij Per stuk",
    "category": "Groente, aardappelen",
    "price": 1.19,
    "promoPrice": null,
    "price_per_unit": null,
    "unit": null,
    "image": "https://s7g10.scene7.com/is/image/aldinord/product_1222276_main_cms_11_nl_nl_bleekselderij_cw01_2024",
    "beschikbaar": true,
    "promoEnd": null,
    "link": "https://www.aldi.nl/bleekselderij-1222276.html"
  },
  {
    "id": "1222267",
    "title": "SWEET PALERMO Zoete puntpaprika's 2-pack",
    "category": "Groente, aardappelen",
    "price": 1.49,
    "promoPrice": null,
    "price_per_unit": null,
    "unit": null,
    "image": "https://s7g10.scene7.com/is/image/aldinord/product_1222267_main_cms_3_nl_nl_zoete_puntpaprika_s_cw01_2024",
    "beschikbaar": true,
    "promoEnd": null,
    "link": "https://www.aldi.nl/zoete-puntpaprikas-1222267.html"
  },
  {
    "id": "1222262",
    "title": "Twix 50 g",
    "category": "Snoep, koek, chips",
    "price": 1.49,
    "promoPrice": null,
    "price_per_unit": 29.8,
    "unit": "KG",
    "image": "https://s7g10.scene7.com/is/image/aldinord/product_1222262_main_cms_1_nl_nl_twix_cw01_2024",
    "beschikbaar": true,
    "promoEnd": null,
    "link": "https://www.aldi.nl/twix-1222262.html"
  },
  {
    "id": "1222254",
    "title": "RIO D'ORO Tropical freshness 1.5 l",
    "category": "Groente, aardappelen",
    "price": 1.19,
    "promoPrice": null,
    "price_per_unit": 0.79,
    "unit": "L",
    "image": "https://s7g10.scene7.com/is/image/aldinord/variant_1222254_1_main_cms_1_nl_nl_tropical_freshness_cw01_2024",
    "beschikbaar": true,
    "promoEnd": null,
    "link": "https://www.aldi.nl/tropical-freshness-1222254.html"
  },
  {
    "id": "1222243",
    "title": "Spitskool Per stuk",
    "category": "Groente, aardappelen",
    "price": 1.49,
    "promoPrice": null,
    "price_per_unit": null,
    "unit": null,
    "image": "https://s7g10.scene7.com/is/image/aldinord/product_1222243_main_cms_7_nl_nl_spitskool_cw01_2024",
    "beschikbaar": true,
    "promoEnd": null,
    "link": "https://www.aldi.nl/spitskool-1222243.html"
  },
  {
    "id": "1222234",
    "title": "Vastkokende aardappelen 1 kg",
    "category": "Groente, aardappelen",
    "price": 1.49,
    "promoPrice": null,
    "price_per_unit": 1.49,
    "unit": "KG",
    "image": "https://s7g10.scene7.com/is/image/aldinord/product_1222234_main_cms_1_nl_nl_vastkokende_aardappelen_cw01_2024",
    "beschikbaar": true,
    "promoEnd": null,
    "link": "https://www.aldi.nl/vastkokende-aardappelen-1222234.html"
  },
  {
    "id": "1222219",
    "title": "Rozen Per bos",
    "category": "Speciaal assortiment",
    "price": 2.99,
    "promoPrice": 2.99,
    "price_per_unit": null,
    "unit": null,
    "image": "https://s7g10.scene7.com/is/image/aldinord/product_1222219_main_cms_41_nl_nl_rozen_cw01_2024",
    "beschikbaar": true,
    "promoEnd": "2025-10-12",
    "link": "https://www.aldi.nl/rozen-1222219.html"
  },
  {
    "id": "1222210",
    "title": "MILSANI Skyr 500 g",
    "category": "Zuivel, eieren",
    "price": 1.59,
    "promoPrice": null,
    "price_per_unit": 3.18,
    "unit": "KG",
    "image": "https://s7g10.scene7.com/is/image/aldinord/variant_1222210_1_main_cms_2_nl_nl_skyr_cw01_2024",
    "beschikbaar": true,
    "promoEnd": null,
    "link": "https://www.aldi.nl/skyr-1222210.html"
  },
  {
    "id": "1222205",
    "title": "BIO Biologische rode bieten 500 g",
    "category": "Groente, aardappelen",
    "price": 1.29,
    "promoPrice": null,
    "price_per_unit": 2.58,
    "unit": "KG",
    "image": "https://s7g10.scene7.com/is/image/aldinord/product_1222205_main_cms_6_nl_nl_biologische_rode_bieten_cw01_2024",
    "beschikbaar": true,
    "promoEnd": null,
    "link": "https://www.aldi.nl/biologische-rode-bieten-1222205.html"
  },
  {
    "id": "1222183",
    "title": "Saksische leverworst 150 g",
    "category": "Vlees, vis, vega",
    "price": 0.5,
    "promoPrice": null,
    "price_per_unit": 3.33,
    "unit": "KG",
    "image": "https://s7g10.scene7.com/is/image/aldinord/variant_1222183_1_main_cms_1_nl_nl_saksische_leverworst_cw01_2024",
    "beschikbaar": true,
    "promoEnd": null,
    "link": "https://www.aldi.nl/saksische-leverworst-1222183.html"
  },
  {
    "id": "1222169",
    "title": "Minneola's 1 kg",
    "category": "Groente, aardappelen",
    "price": 1.99,
    "promoPrice": 1.99,
    "price_per_unit": 1.99,
    "unit": "KG",
    "image": "https://s7g10.scene7.com/is/image/aldinord/product_1222169_main_cms_8_nl_nl_minneola_s_cw01_2024",
    "beschikbaar": true,
    "promoEnd": "2025-10-12",
    "link": "https://www.aldi.nl/minneolas-1222169.html"
  },
  {
    "id": "1222095",
    "title": "ALL SEASONS Sperziebonen 450 g",
    "category": "Groente, aardappelen",
    "price": 0.87,
    "promoPrice": null,
    "price_per_unit": 1.93,
    "unit": "KG",
    "image": "https://s7g10.scene7.com/is/image/aldinord/variant_1222095_1_main_cms_4_nl_nl_sperziebonen_cw01_2024",
    "beschikbaar": true,
    "promoEnd": null,
    "link": "https://www.aldi.nl/sperziebonen-1222095.html"
  },
  {
    "id": "1222089",
    "title": "DROPMAKERS Engelse drop 600 g",
    "category": "Snoep, koek, chips",
    "price": 1.31,
    "promoPrice": null,
    "price_per_unit": 2.18,
    "unit": "KG",
    "image": "https://s7g10.scene7.com/is/image/aldinord/product_1222089_main_cms_1_nl_nl_engelse_drop_cw01_2024",
    "beschikbaar": true,
    "promoEnd": null,
    "link": "https://www.aldi.nl/engelse-drop-1222089.html"
  },
  {
    "id": "1222071",
    "title": "Waspeen 500 g",
    "category": "Groente, aardappelen",
    "price": 0.99,
    "promoPrice": null,
    "price_per_unit": 1.98,
    "unit": "KG",
    "image": "https://s7g10.scene7.com/is/image/aldinord/product_1222071_main_cms_1_nl_nl_waspeen_cw01_2024",
    "beschikbaar": true,
    "promoEnd": null,
    "link": "https://www.aldi.nl/waspeen-1222071.html"
  },
  {
    "id": "1222042",
    "title": "HOFSTEE DE DRIE EIKEN Knakworsten 400 g",
    "category": "Vlees, vis, vega",
    "price": 1.49,
    "promoPrice": null,
    "price_per_unit": 3.73,
    "unit": "KG",
    "image": "https://s7g10.scene7.com/is/image/aldinord/product_1222042_main_cms_2_nl_nl_knakworsten_cw01_2024",
    "beschikbaar": true,
    "promoEnd": null,
    "link": "https://www.aldi.nl/knakworsten-1222042.html"
  },
  {
    "id": "1221976",
    "title": "QUICK BITE Panini 160-180 g",
    "category": "Maaltijden, salades",
    "price": 1.99,
    "promoPrice": null,
    "price_per_unit": 11.06,
    "unit": "KG",
    "image": "https://s7g10.scene7.com/is/image/aldinord/product_1221976_main_cms_3_nl_nl_panini_cw01_2024",
    "beschikbaar": true,
    "promoEnd": null,
    "link": "https://www.aldi.nl/panini-1221976.html"
  },
  {
    "id": "1221825",
    "title": "Eetrijpe mango's 2-pack",
    "category": "Groente, aardappelen",
    "price": 3.49,
    "promoPrice": null,
    "price_per_unit": null,
    "unit": null,
    "image": "https://s7g10.scene7.com/is/image/aldinord/product_1221825_main_cms_4_nl_nl_eetrijpe_mango_s_cw01_2024",
    "beschikbaar": true,
    "promoEnd": null,
    "link": "https://www.aldi.nl/eetrijpe-mangos-1221825.html"
  },
  {
    "id": "1221811",
    "title": "GOLDEN SEAFOOD Wilde zalmfilets 250 g",
    "category": "Vlees, vis, vega",
    "price": 3.59,
    "promoPrice": null,
    "price_per_unit": 14.36,
    "unit": "KG",
    "image": "https://s7g10.scene7.com/is/image/aldinord/product_1221811_main_cms_3_nl_nl_wilde_zalmfilets_cw01_2024",
    "beschikbaar": true,
    "promoEnd": null,
    "link": "https://www.aldi.nl/wilde-zalmfilets-1221811.html"
  },
  {
    "id": "1221805",
    "title": "Runderriblap 700 g",
    "category": "Vlees, vis, vega",
    "price": 9.99,
    "promoPrice": null,
    "price_per_unit": 14.27,
    "unit": "KG",
    "image": "https://s7g10.scene7.com/is/image/aldinord/variant_1221805_1_main_cms_1_nl_nl_runderriblap_cw01_2024",
    "beschikbaar": true,
    "promoEnd": null,
    "link": "https://www.aldi.nl/runderriblap-1221805.html"
  },
  {
    "id": "1221799",
    "title": "Schnittbroodje Per stuk",
    "category": "Brood, ontbijtgranen",
    "price": 0.25,
    "promoPrice": null,
    "price_per_unit": null,
    "unit": null,
    "image": "https://s7g10.scene7.com/is/image/aldinord/product_1221799_main_cms_1_nl_nl_schnittbroodje_cw01_2024",
    "beschikbaar": true,
    "promoEnd": null,
    "link": "https://www.aldi.nl/schnittbroodje-1221799.html"
  },
  {
    "id": "1221788",
    "title": "Gegrilde kalkoenfilet 100 g",
    "category": "Vlees, vis, vega",
    "price": 1.99,
    "promoPrice": null,
    "price_per_unit": 19.9,
    "unit": "KG",
    "image": "https://s7g10.scene7.com/is/image/aldinord/variant_1221788_1_main_cms_1_nl_nl_gegrilde_kalkoenfilet_cw01_2024",
    "beschikbaar": true,
    "promoEnd": null,
    "link": "https://www.aldi.nl/gegrilde-kalkoenfilet-1221788.html"
  },
  {
    "id": "1221758",
    "title": "SAWA Chinese mie 250 g",
    "category": "Maaltijden, salades",
    "price": 0.79,
    "promoPrice": null,
    "price_per_unit": 3.16,
    "unit": "KG",
    "image": "https://s7g10.scene7.com/is/image/aldinord/product_1221758_main_cms_1_nl_nl_chinese_mie_cw01_2024",
    "beschikbaar": true,
    "promoEnd": null,
    "link": "https://www.aldi.nl/chinese-mie-1221758.html"
  },
  {
    "id": "1221738",
    "title": "SCHULTENBRÄU Krat premium pilsener 24x0.3 l",
    "category": "Bier, wijn, sterke drank",
    "price": 7.99,
    "promoPrice": null,
    "price_per_unit": 26.63,
    "unit": "L",
    "image": "https://s7g10.scene7.com/is/image/aldinord/product_1221738_main_cms_4_nl_nl_krat_premium_pilsener_cw01_2024",
    "beschikbaar": true,
    "promoEnd": null,
    "link": "https://www.aldi.nl/krat-premium-pilsener-1221738.html"
  },
  {
    "id": "1221684",
    "title": "GOLDEN SEAFOOD Pangasiusfilet Inhoud 4 stuks, 540 g",
    "category": "Vlees, vis, vega",
    "price": 3.99,
    "promoPrice": null,
    "price_per_unit": 7.39,
    "unit": "KG",
    "image": "https://s7g10.scene7.com/is/image/aldinord/variant_1221684_1_main_cms_1_nl_nl_pangasiusfilet_cw01_2024",
    "beschikbaar": true,
    "promoEnd": null,
    "link": "https://www.aldi.nl/pangasiusfilet-1221684.html"
  },
  {
    "id": "1221646",
    "title": "LACURA Wattenschijfjes 140 stuks",
    "category": "Baby, verzorging",
    "price": 0.79,
    "promoPrice": null,
    "price_per_unit": null,
    "unit": null,
    "image": "https://s7g10.scene7.com/is/image/aldinord/product_1221646_main_cms_1_nl_nl_wattenschijfjes_cw01_2024",
    "beschikbaar": true,
    "promoEnd": null,
    "link": "https://www.aldi.nl/wattenschijfjes-1221646.html"
  },
  {
    "id": "1221638",
    "title": "SUN SNACKS Mini-crackers naturel 250 g",
    "category": "Snoep, koek, chips",
    "price": 0.99,
    "promoPrice": null,
    "price_per_unit": 3.96,
    "unit": "KG",
    "image": "https://s7g10.scene7.com/is/image/aldinord/variant_1221638_1_main_cms_3_nl_nl_mini_crackers_naturel_cw01_2024",
    "beschikbaar": true,
    "promoEnd": null,
    "link": "https://www.aldi.nl/mini-crackers-naturel-1221638.html"
  },
  {
    "id": "1221636",
    "title": "Ontbijtspek 150 g",
    "category": "Vlees, vis, vega",
    "price": 1.57,
    "promoPrice": null,
    "price_per_unit": 10.47,
    "unit": "KG",
    "image": "https://s7g10.scene7.com/is/image/aldinord/variant_1221636_1_main_cms_1_nl_nl_ontbijtspek_cw01_2024",
    "beschikbaar": true,
    "promoEnd": null,
    "link": "https://www.aldi.nl/ontbijtspek-1221636.html"
  },
  {
    "id": "1221630",
    "title": "WESTMINSTER Winterthee 20 zakjes",
    "category": "Koffie, thee",
    "price": 0.95,
    "promoPrice": null,
    "price_per_unit": null,
    "unit": null,
    "image": "https://s7g10.scene7.com/is/image/aldinord/product_1221630_main_cms_13_nl_nl_winterthee_cw01_2024",
    "beschikbaar": true,
    "promoEnd": null,
    "link": "https://www.aldi.nl/winterthee-1221630.html"
  },
  {
    "id": "1221598",
    "title": "Colombard Sauvignon Blanc 0.75 l",
    "category": "Bier, wijn, sterke drank",
    "price": 3.69,
    "promoPrice": null,
    "price_per_unit": 4.92,
    "unit": "L",
    "image": "https://s7g10.scene7.com/is/image/aldinord/product_1221598_main_cms_1_nl_nl_colombard_sauvignon_blanc_cw01_2024",
    "beschikbaar": true,
    "promoEnd": null,
    "link": "https://www.aldi.nl/colombard-sauvignon-blanc-1221598.html"
  },
  {
    "id": "1221583",
    "title": "Liebfraumilch Rheinhessen 1 l",
    "category": "Bier, wijn, sterke drank",
    "price": 2.59,
    "promoPrice": null,
    "price_per_unit": 2.59,
    "unit": "L",
    "image": "https://s7g10.scene7.com/is/image/aldinord/product_1221583_main_cms_3_nl_nl_liebfraumilch_rheinhessen_cw01_2024",
    "beschikbaar": true,
    "promoEnd": null,
    "link": "https://www.aldi.nl/liebfraumilch-rheinhessen-1221583.html"
  },
  {
    "id": "1221528",
    "title": "Borrelblokjes 48+ belegen of oud 175 g",
    "category": "Zuivel, eieren",
    "price": 2.79,
    "promoPrice": null,
    "price_per_unit": 15.94,
    "unit": "KG",
    "image": "https://s7g10.scene7.com/is/image/aldinord/product_1221528_main_cms_16_nl_nl_borrelblokjes_48_belegen_of_oud_cw01_2024",
    "beschikbaar": true,
    "promoEnd": null,
    "link": "https://www.aldi.nl/borrelblokjes-48-belegen-of-oud-1221528.html"
  },
  {
    "id": "1221524",
    "title": "MILSANI Cottage cheese 200 g",
    "category": "Zuivel, eieren",
    "price": 0.95,
    "promoPrice": null,
    "price_per_unit": 4.75,
    "unit": "KG",
    "image": "https://s7g10.scene7.com/is/image/aldinord/product_1221524_main_cms_15_nl_nl_cottage_cheese_cw01_2024",
    "beschikbaar": true,
    "promoEnd": null,
    "link": "https://www.aldi.nl/cottage-cheese-1221524.html"
  },
  {
    "id": "1221416",
    "title": "ALL SEASONS Witte asperges 370 ml",
    "category": "Groente, aardappelen",
    "price": 2.19,
    "promoPrice": null,
    "price_per_unit": 5.92,
    "unit": "L",
    "image": "https://s7g10.scene7.com/is/image/aldinord/product_1221416_main_cms_4_nl_nl_witte_asperges_cw01_2024",
    "beschikbaar": true,
    "promoEnd": null,
    "link": "https://www.aldi.nl/witte-asperges-1221416.html"
  },
  {
    "id": "1221414",
    "title": "Scharrelkipfilet 500 g",
    "category": "Vlees, vis, vega",
    "price": 6.25,
    "promoPrice": null,
    "price_per_unit": 12.5,
    "unit": "KG",
    "image": "https://s7g10.scene7.com/is/image/aldinord/variant_1221414_1_main_cms_1_nl_nl_scharrelkipfilet_cw01_2024",
    "beschikbaar": true,
    "promoEnd": null,
    "link": "https://www.aldi.nl/scharrelkipfilet-1221414.html"
  },
  {
    "id": "1221391",
    "title": "Chinese kool Per stuk",
    "category": "Groente, aardappelen",
    "price": 1.49,
    "promoPrice": null,
    "price_per_unit": null,
    "unit": null,
    "image": "https://s7g10.scene7.com/is/image/aldinord/product_1221391_main_cms_2_nl_nl_chinese_kool_cw01_2024",
    "beschikbaar": true,
    "promoEnd": null,
    "link": "https://www.aldi.nl/chinese-kool-1221391.html"
  },
  {
    "id": "1221384",
    "title": "SUN SNACKS Mini-crackers olijfolie & oregano 250 g",
    "category": "Snoep, koek, chips",
    "price": 1.53,
    "promoPrice": null,
    "price_per_unit": 6.12,
    "unit": "KG",
    "image": "https://s7g10.scene7.com/is/image/aldinord/variant_1221384_1_main_cms_1_nl_nl_mini_crackers_olijfolie_oregano_cw01_2024",
    "beschikbaar": true,
    "promoEnd": null,
    "link": "https://www.aldi.nl/mini-crackers-olijfolie-oregano-1221384.html"
  },
  {
    "id": "1221380",
    "title": "CUCINA NOBILE Mozzarella 125 g",
    "category": "Zuivel, eieren",
    "price": 0.98,
    "promoPrice": null,
    "price_per_unit": 7.84,
    "unit": "KG",
    "image": "https://s7g10.scene7.com/is/image/aldinord/product_1221380_main_cms_1_nl_nl_mozzarella_cw01_2024",
    "beschikbaar": true,
    "promoEnd": null,
    "link": "https://www.aldi.nl/mozzarella-1221380.html"
  },
  {
    "id": "1221366",
    "title": "DAYLICIOUS Aardappel krieltjes 500 g",
    "category": "Groente, aardappelen",
    "price": 0.99,
    "promoPrice": null,
    "price_per_unit": 1.98,
    "unit": "KG",
    "image": "https://s7g10.scene7.com/is/image/aldinord/product_1221366_main_cms_3_nl_nl_aardappel_krieltjes_cw01_2024",
    "beschikbaar": true,
    "promoEnd": null,
    "link": "https://www.aldi.nl/aardappel-krieltjes-1221366.html"
  },
  {
    "id": "1221347",
    "title": "Streaky bacon 80 g",
    "category": "Vlees, vis, vega",
    "price": 2.99,
    "promoPrice": null,
    "price_per_unit": 37.38,
    "unit": "KG",
    "image": "https://s7g10.scene7.com/is/image/aldinord/variant_1221347_1_main_cms_1_nl_nl_streaky_bacon_cw01_2024",
    "beschikbaar": true,
    "promoEnd": null,
    "link": "https://www.aldi.nl/streaky-bacon-1221347.html"
  },
  {
    "id": "1221345",
    "title": "DAYLICIOUS Nasi-bamigroenten 450 g",
    "category": "Groente, aardappelen",
    "price": 1.69,
    "promoPrice": 1.29,
    "price_per_unit": 3.76,
    "unit": "KG",
    "image": "https://s7g10.scene7.com/is/image/aldinord/product_1221345_main_cms_4_nl_nl_nasi_bamigroenten_cw01_2024",
    "beschikbaar": true,
    "promoEnd": "2025-10-19",
    "link": "https://www.aldi.nl/nasi-bamigroenten-1221345.html"
  },
  {
    "id": "1221328",
    "title": "ALL SEASONS Rode kool met appel 720 g",
    "category": "Groente, aardappelen",
    "price": 0.63,
    "promoPrice": null,
    "price_per_unit": 0.88,
    "unit": "KG",
    "image": "https://s7g10.scene7.com/is/image/aldinord/product_1221328_main_cms_3_nl_nl_rode_kool_met_appel_cw01_2024",
    "beschikbaar": true,
    "promoEnd": null,
    "link": "https://www.aldi.nl/rode-kool-met-appel-1221328.html"
  },
  {
    "id": "1221308",
    "title": "GOLDEN SEAFOOD Voorgebakken kibbeling 500 g",
    "category": "Vlees, vis, vega",
    "price": 4.27,
    "promoPrice": null,
    "price_per_unit": 8.54,
    "unit": "KG",
    "image": "https://s7g10.scene7.com/is/image/aldinord/variant_1221308_1_main_cms_1_nl_nl_voorgebakken_kibbeling_cw01_2024",
    "beschikbaar": true,
    "promoEnd": null,
    "link": "https://www.aldi.nl/voorgebakken-kibbeling-1221308.html"
  },
  {
    "id": "1221301",
    "title": "SUN SNACKS Pindaflips 200 g",
    "category": "Snoep, koek, chips",
    "price": 0.99,
    "promoPrice": null,
    "price_per_unit": 4.95,
    "unit": "KG",
    "image": "https://s7g10.scene7.com/is/image/aldinord/product_1221301_main_cms_1_nl_nl_pindaflips_cw01_2024",
    "beschikbaar": true,
    "promoEnd": null,
    "link": "https://www.aldi.nl/pindaflips-1221301.html"
  },
  {
    "id": "1221282",
    "title": "Achterham 200 g",
    "category": "Vlees, vis, vega",
    "price": 2.39,
    "promoPrice": null,
    "price_per_unit": 11.95,
    "unit": "KG",
    "image": "https://s7g10.scene7.com/is/image/aldinord/variant_1221282_1_main_cms_1_nl_nl_achterham_cw01_2024",
    "beschikbaar": true,
    "promoEnd": null,
    "link": "https://www.aldi.nl/achterham-1221282.html"
  },
  {
    "id": "1221279",
    "title": "TANNENHOF Schwarzwälder schinken 150 g",
    "category": "Vlees, vis, vega",
    "price": 2.09,
    "promoPrice": null,
    "price_per_unit": 13.93,
    "unit": "KG",
    "image": "https://s7g10.scene7.com/is/image/aldinord/variant_1221279_1_main_cms_1_nl_nl_schwarzwalder_schinken_cw01_2024",
    "beschikbaar": true,
    "promoEnd": null,
    "link": "https://www.aldi.nl/schwarzwlder-schinken-1221279.html"
  },
  {
    "id": "1221266",
    "title": "FRESH LIFE 5-pack kauwdragees 5x38 g",
    "category": "Snoep, koek, chips",
    "price": 1.19,
    "promoPrice": null,
    "price_per_unit": 31.32,
    "unit": "KG",
    "image": "https://s7g10.scene7.com/is/image/aldinord/product_1221266_main_cms_4_nl_nl_5_pack_kauwdragees_cw01_2024",
    "beschikbaar": true,
    "promoEnd": null,
    "link": "https://www.aldi.nl/5-pack-kauwdragees-1221266.html"
  },
  {
    "id": "1221250",
    "title": "SNACK FAN Ovenkroketten Inhoud: 4 stuks, 320 g",
    "category": "Snoep, koek, chips",
    "price": 2.75,
    "promoPrice": null,
    "price_per_unit": 8.59,
    "unit": "KG",
    "image": "https://s7g10.scene7.com/is/image/aldinord/variant_1221250_1_main_cms_2_nl_nl_ovenkroketten_cw01_2024",
    "beschikbaar": true,
    "promoEnd": null,
    "link": "https://www.aldi.nl/ovenkroketten-1221250.html"
  },
  {
    "id": "1221242",
    "title": "Salami 150 g",
    "category": "Vlees, vis, vega",
    "price": 1.89,
    "promoPrice": null,
    "price_per_unit": 12.6,
    "unit": "KG",
    "image": "https://s7g10.scene7.com/is/image/aldinord/variant_1221242_1_main_cms_1_nl_nl_salami_cw01_2024",
    "beschikbaar": true,
    "promoEnd": null,
    "link": "https://www.aldi.nl/salami-1221242.html"
  },
  {
    "id": "1221238",
    "title": "MILSANI 6-pack houdbare halfvolle melk 6x0.5 l",
    "category": "Zuivel, eieren",
    "price": 4.29,
    "promoPrice": null,
    "price_per_unit": 8.58,
    "unit": "L",
    "image": "https://s7g10.scene7.com/is/image/aldinord/variant_1221238_1_main_cms_3_nl_nl_6_pack_houdbare_halfvolle_melk_cw01_2024",
    "beschikbaar": true,
    "promoEnd": null,
    "link": "https://www.aldi.nl/6-pack-houdbare-halfvolle-melk-1221238.html"
  },
  {
    "id": "1221234",
    "title": "ALL SEASONS Appelcompôte 580 ml",
    "category": "Groente, aardappelen",
    "price": 1.09,
    "promoPrice": null,
    "price_per_unit": 1.88,
    "unit": "L",
    "image": "https://s7g10.scene7.com/is/image/aldinord/product_1221234_main_cms_4_nl_nl_appelcompote_cw01_2024",
    "beschikbaar": true,
    "promoEnd": null,
    "link": "https://www.aldi.nl/appelcompte-1221234.html"
  },
  {
    "id": "1221194",
    "title": "Valgrande Tempranillo Cabernet Sauvignon 3 l",
    "category": "Bier, wijn, sterke drank",
    "price": 9.99,
    "promoPrice": null,
    "price_per_unit": 3.33,
    "unit": "L",
    "image": "https://s7g10.scene7.com/is/image/aldinord/product_1221194_main_cms_4_nl_nl_valgrande_tempranillo_cabernet_sauvignon_cw01_2024",
    "beschikbaar": true,
    "promoEnd": null,
    "link": "https://www.aldi.nl/valgrande-tempranillo-cabernet-sauvignon-1221194.html"
  },
  {
    "id": "1221191",
    "title": "Kiwi Trail Sauvignon Blanc 0.75 l",
    "category": "Bier, wijn, sterke drank",
    "price": 5.99,
    "promoPrice": null,
    "price_per_unit": 7.99,
    "unit": "L",
    "image": "https://s7g10.scene7.com/is/image/aldinord/product_1221191_main_cms_7_nl_nl_kiwi_trail_sauvignon_blanc_cw01_2024",
    "beschikbaar": true,
    "promoEnd": null,
    "link": "https://www.aldi.nl/kiwi-trail-sauvignon-blanc-1221191.html"
  },
  {
    "id": "1221187",
    "title": "Boeren volkoren meergranen Heel",
    "category": "Brood, ontbijtgranen",
    "price": 1.99,
    "promoPrice": null,
    "price_per_unit": null,
    "unit": null,
    "image": "https://s7g10.scene7.com/is/image/aldinord/variant_1221187_1_main_cms_1_nl_nl_boeren_volkoren_meergranen_cw01_2024",
    "beschikbaar": true,
    "promoEnd": null,
    "link": "https://www.aldi.nl/boeren-volkoren-meergranen-1221187.html"
  },
  {
    "id": "1221183",
    "title": "Schouderham 150 g",
    "category": "Vlees, vis, vega",
    "price": 1.49,
    "promoPrice": null,
    "price_per_unit": 9.93,
    "unit": "KG",
    "image": "https://s7g10.scene7.com/is/image/aldinord/variant_1221183_1_main_cms_1_nl_nl_schouderham_cw01_2024",
    "beschikbaar": true,
    "promoEnd": null,
    "link": "https://www.aldi.nl/schouderham-1221183.html"
  },
  {
    "id": "1221174",
    "title": "SNACK FAN Krokante kipsticks Inhoud: 5 stuks, 300 g",
    "category": "Snoep, koek, chips",
    "price": 1.89,
    "promoPrice": null,
    "price_per_unit": 6.3,
    "unit": "KG",
    "image": "https://s7g10.scene7.com/is/image/aldinord/variant_1221174_1_main_cms_2_nl_nl_krokante_kipsticks_cw01_2024",
    "beschikbaar": true,
    "promoEnd": null,
    "link": "https://www.aldi.nl/krokante-kipsticks-1221174.html"
  },
  {
    "id": "1221151",
    "title": "ALL SEASONS Witte bonen in tomatensaus 720 ml",
    "category": "Groente, aardappelen",
    "price": 0.73,
    "promoPrice": null,
    "price_per_unit": 1.01,
    "unit": "L",
    "image": "https://s7g10.scene7.com/is/image/aldinord/product_1221151_main_cms_3_nl_nl_witte_bonen_in_tomatensaus_cw01_2024",
    "beschikbaar": true,
    "promoEnd": null,
    "link": "https://www.aldi.nl/witte-bonen-in-tomatensaus-1221151.html"
  },
  {
    "id": "1221147",
    "title": "Patricio ruby port, Portugal 0.75 l",
    "category": "Frisdrank, sappen",
    "price": 5.45,
    "promoPrice": null,
    "price_per_unit": 7.27,
    "unit": "L",
    "image": "https://s7g10.scene7.com/is/image/aldinord/product_1221147_main_cms_3_nl_nl_patricio_ruby_port_portugal_cw01_2024",
    "beschikbaar": true,
    "promoEnd": null,
    "link": "https://www.aldi.nl/patricio-ruby-port-portugal-1221147.html"
  },
  {
    "id": "1221137",
    "title": "Snacktomaatjes 500 g",
    "category": "Groente, aardappelen",
    "price": 2.99,
    "promoPrice": null,
    "price_per_unit": 5.98,
    "unit": "KG",
    "image": "https://s7g10.scene7.com/is/image/aldinord/product_1221137_main_cms_2_nl_nl_snacktomaatjes_cw01_2024",
    "beschikbaar": true,
    "promoEnd": null,
    "link": "https://www.aldi.nl/snacktomaatjes-1221137.html"
  },
  {
    "id": "1221128",
    "title": "2-pack Spaanse pepers 2-pack",
    "category": "Groente, aardappelen",
    "price": 0.79,
    "promoPrice": null,
    "price_per_unit": null,
    "unit": null,
    "image": "https://s7g10.scene7.com/is/image/aldinord/product_1221128_main_cms_3_nl_nl_2_pack_spaanse_pepers_cw01_2024",
    "beschikbaar": true,
    "promoEnd": null,
    "link": "https://www.aldi.nl/2-pack-spaanse-pepers-1221128.html"
  },
  {
    "id": "1221119",
    "title": "ZESPRI Sungold kiwi’s 500 g",
    "category": "Groente, aardappelen",
    "price": 3.49,
    "promoPrice": null,
    "price_per_unit": 6.98,
    "unit": "KG",
    "image": "https://s7g10.scene7.com/is/image/aldinord/product_1221119_main_cms_5_nl_nl_sungold_kiwi’s_cw01_2024",
    "beschikbaar": true,
    "promoEnd": null,
    "link": "https://www.aldi.nl/sungold-kiwis-1221119.html"
  },
  {
    "id": "1221080",
    "title": "ALL SEASONS Sperziebonen 720 ml",
    "category": "Groente, aardappelen",
    "price": 1.19,
    "promoPrice": null,
    "price_per_unit": 1.65,
    "unit": "L",
    "image": "https://s7g10.scene7.com/is/image/aldinord/product_1221080_main_cms_4_nl_nl_sperziebonen_cw01_2024",
    "beschikbaar": true,
    "promoEnd": null,
    "link": "https://www.aldi.nl/sperziebonen-1221080.html"
  },
  {
    "id": "1221079",
    "title": "GOLDEN SEAFOOD Visfilet 400 g",
    "category": "Vlees, vis, vega",
    "price": 3.49,
    "promoPrice": null,
    "price_per_unit": 8.73,
    "unit": "KG",
    "image": "https://s7g10.scene7.com/is/image/aldinord/product_1221079_main_cms_7_nl_nl_visfilet_cw01_2024",
    "beschikbaar": true,
    "promoEnd": null,
    "link": "https://www.aldi.nl/visfilet-1221079.html"
  },
  {
    "id": "1221076",
    "title": "SUN SNACKS Handcooked chips 150 g",
    "category": "Snoep, koek, chips",
    "price": 1.49,
    "promoPrice": null,
    "price_per_unit": 9.93,
    "unit": "KG",
    "image": "https://s7g10.scene7.com/is/image/aldinord/product_1221076_main_cms_5_nl_nl_handcooked_chips_cw01_2024",
    "beschikbaar": true,
    "promoEnd": null,
    "link": "https://www.aldi.nl/handcooked-chips-1221076.html"
  },
  {
    "id": "1221075",
    "title": "DE VLEESMEESTERS Hollandse biefstuk Inhoud: 2 stuks, 500 g",
    "category": "Vlees, vis, vega",
    "price": 8.99,
    "promoPrice": null,
    "price_per_unit": 17.98,
    "unit": "KG",
    "image": "https://s7g10.scene7.com/is/image/aldinord/variant_1221075_1_main_cms_1_nl_nl_hollandse_biefstuk_cw01_2024",
    "beschikbaar": true,
    "promoEnd": null,
    "link": "https://www.aldi.nl/hollandse-biefstuk-1221075.html"
  },
  {
    "id": "1221071",
    "title": "KURIKUR Reinigingstabletten gebit 27 tabletten",
    "category": "Baby, verzorging",
    "price": 3.49,
    "promoPrice": null,
    "price_per_unit": null,
    "unit": null,
    "image": "https://s7g10.scene7.com/is/image/aldinord/product_1221071_main_cms_2_nl_nl_reinigingstabletten_gebit_cw01_2024",
    "beschikbaar": true,
    "promoEnd": null,
    "link": "https://www.aldi.nl/reinigingstabletten-gebit-1221071.html"
  },
  {
    "id": "1221068",
    "title": "GOLDEN SEAFOOD Gerookte regenboogforelfilets 125 g",
    "category": "Vlees, vis, vega",
    "price": 2.99,
    "promoPrice": null,
    "price_per_unit": 23.92,
    "unit": "KG",
    "image": "https://s7g10.scene7.com/is/image/aldinord/variant_1221068_2_main_cms_1_nl_nl_gerookte_regenboogforelfilets_cw01_2024",
    "beschikbaar": true,
    "promoEnd": null,
    "link": "https://www.aldi.nl/gerookte-regenboogforelfilets-1221068.html"
  },
  {
    "id": "1221066",
    "title": "MILSANI Halfvolle vanilleyoghurt 1 l",
    "category": "Zuivel, eieren",
    "price": 1.59,
    "promoPrice": null,
    "price_per_unit": 1.59,
    "unit": "L",
    "image": "https://s7g10.scene7.com/is/image/aldinord/product_1221066_main_cms_2_nl_nl_halfvolle_vanilleyoghurt_cw01_2024",
    "beschikbaar": true,
    "promoEnd": null,
    "link": "https://www.aldi.nl/halfvolle-vanilleyoghurt-1221066.html"
  },
  {
    "id": "1221054",
    "title": "ALL SEASONS Doperwten en wortelen 420 g",
    "category": "Groente, aardappelen",
    "price": 0.49,
    "promoPrice": null,
    "price_per_unit": 1.17,
    "unit": "KG",
    "image": "https://s7g10.scene7.com/is/image/aldinord/product_1221054_main_cms_2_nl_nl_doperwten_en_wortelen_cw01_2024",
    "beschikbaar": true,
    "promoEnd": null,
    "link": "https://www.aldi.nl/doperwten-en-wortelen-1221054.html"
  },
  {
    "id": "1221045",
    "title": "CHOCEUR Laviano 150 g",
    "category": "Snoep, koek, chips",
    "price": 2.19,
    "promoPrice": null,
    "price_per_unit": 14.6,
    "unit": "KG",
    "image": "https://s7g10.scene7.com/is/image/aldinord/variant_1221045_2_main_cms_1_nl_nl_laviano_cw01_2024",
    "beschikbaar": true,
    "promoEnd": null,
    "link": "https://www.aldi.nl/laviano-1221045.html"
  },
  {
    "id": "1221034",
    "title": "Rundertartaar Inhoud: 2 stuks, 200 g",
    "category": "Vlees, vis, vega",
    "price": 3.35,
    "promoPrice": null,
    "price_per_unit": 16.75,
    "unit": "KG",
    "image": "https://s7g10.scene7.com/is/image/aldinord/variant_1221034_1_main_cms_1_nl_nl_rundertartaar_cw01_2024",
    "beschikbaar": true,
    "promoEnd": null,
    "link": "https://www.aldi.nl/rundertartaar-1221034.html"
  },
  {
    "id": "1221009",
    "title": "LACURA Bodylotion of -milk 500 ml",
    "category": "Baby, verzorging",
    "price": 1.99,
    "promoPrice": null,
    "price_per_unit": 3.98,
    "unit": "L",
    "image": "https://s7g10.scene7.com/is/image/aldinord/variant_1221009_5_main_cms_3_nl_nl_bodylotion_of_milk_cw01_2024",
    "beschikbaar": true,
    "promoEnd": null,
    "link": "https://www.aldi.nl/bodylotion-of-milk-1221009.html"
  },
  {
    "id": "1220980",
    "title": "DAYLICIOUS Gesneden andijvie 400 g",
    "category": "Groente, aardappelen",
    "price": 1.69,
    "promoPrice": null,
    "price_per_unit": 4.23,
    "unit": "KG",
    "image": "https://s7g10.scene7.com/is/image/aldinord/product_1220980_main_cms_1_nl_nl_gesneden_andijvie_cw01_2024",
    "beschikbaar": true,
    "promoEnd": null,
    "link": "https://www.aldi.nl/gesneden-andijvie-1220980.html"
  },
  {
    "id": "1220977",
    "title": "DAYLICIOUS Rauwkostsalade vier seizoenen 400 g",
    "category": "Maaltijden, salades",
    "price": 1.79,
    "promoPrice": null,
    "price_per_unit": 4.48,
    "unit": "KG",
    "image": "https://s7g10.scene7.com/is/image/aldinord/product_1220977_main_cms_3_nl_nl_rauwkostsalade_vier_seizoenen_cw01_2024",
    "beschikbaar": true,
    "promoEnd": null,
    "link": "https://www.aldi.nl/rauwkostsalade-vier-seizoenen-1220977.html"
  },
  {
    "id": "1220974",
    "title": "GOLDEN BRIDGE 7-granen volkoren ontbijt 500 g",
    "category": "Brood, ontbijtgranen",
    "price": 1.39,
    "promoPrice": null,
    "price_per_unit": 2.78,
    "unit": "KG",
    "image": "https://s7g10.scene7.com/is/image/aldinord/variant_1220974_1_main_cms_1_nl_nl_7_granen_volkoren_ontbijt_cw01_2024",
    "beschikbaar": true,
    "promoEnd": null,
    "link": "https://www.aldi.nl/7-granen-volkoren-ontbijt-1220974.html"
  },
  {
    "id": "1220973",
    "title": "SOLO 2-laags maxi keukenpapier Per pak",
    "category": "Huishouden",
    "price": 2.89,
    "promoPrice": null,
    "price_per_unit": null,
    "unit": null,
    "image": "https://s7g10.scene7.com/is/image/aldinord/product_1220973_main_cms_2_nl_nl_2_laags_maxi_keukenpapier_cw01_2024",
    "beschikbaar": true,
    "promoEnd": null,
    "link": "https://www.aldi.nl/2-laags-maxi-keukenpapier-1220973.html"
  },
  {
    "id": "1220958",
    "title": "DOVE Deodorant invisible dry 150 ml",
    "category": "Baby, verzorging",
    "price": null,
    "promoPrice": null,
    "price_per_unit": null,
    "unit": null,
    "image": "https://s7g10.scene7.com/is/image/aldinord/product_1220958_main_cms_1_nl_nl_deodorant_invisible_dry_cw01_2024",
    "beschikbaar": true,
    "promoEnd": null,
    "link": "https://www.aldi.nl/deodorant-invisible-dry-1220958.html"
  },
  {
    "id": "1220917",
    "title": "MILSANI Lactosevrije halfvolle houdbare melk 1 l",
    "category": "Zuivel, eieren",
    "price": 1.25,
    "promoPrice": null,
    "price_per_unit": 1.25,
    "unit": "L",
    "image": "https://s7g10.scene7.com/is/image/aldinord/product_1220917_main_cms_3_nl_nl_lactosevrije_halfvolle_houdbare_melk_cw01_2024",
    "beschikbaar": true,
    "promoEnd": null,
    "link": "https://www.aldi.nl/lactosevrije-halfvolle-houdbare-melk-1220917.html"
  },
  {
    "id": "1220914",
    "title": "MAMIA Vochtige snoetenpoetsers 40 doekjes",
    "category": "Baby, verzorging",
    "price": 1.19,
    "promoPrice": null,
    "price_per_unit": null,
    "unit": null,
    "image": "https://s7g10.scene7.com/is/image/aldinord/product_1220914_main_cms_5_nl_nl_vochtige_snoetenpoetsers_cw01_2024",
    "beschikbaar": true,
    "promoEnd": null,
    "link": "https://www.aldi.nl/vochtige-snoetenpoetsers-1220914.html"
  },
  {
    "id": "1220911",
    "title": "GOLDEN BRIDGE Granola 500 g",
    "category": "Brood, ontbijtgranen",
    "price": 2.79,
    "promoPrice": null,
    "price_per_unit": 5.58,
    "unit": "KG",
    "image": "https://s7g10.scene7.com/is/image/aldinord/product_1220911_main_cms_19_nl_nl_granola_cw01_2024",
    "beschikbaar": true,
    "promoEnd": null,
    "link": "https://www.aldi.nl/granola-1220911.html"
  },
  {
    "id": "1220887",
    "title": "8-pack Knoppers 200 g",
    "category": "Snoep, koek, chips",
    "price": 2.38,
    "promoPrice": null,
    "price_per_unit": 11.9,
    "unit": "KG",
    "image": "https://s7g10.scene7.com/is/image/aldinord/variant_1220887_1_main_cms_2_nl_nl_8_pack_knoppers_cw01_2024",
    "beschikbaar": true,
    "promoEnd": null,
    "link": "https://www.aldi.nl/8-pack-knoppers-1220887.html"
  },
  {
    "id": "1220823",
    "title": "SOLO 3-laags toiletpapier 12 rollen",
    "category": "Baby, verzorging",
    "price": 3.82,
    "promoPrice": null,
    "price_per_unit": null,
    "unit": null,
    "image": "https://s7g10.scene7.com/is/image/aldinord/product_1220823_main_cms_4_nl_nl_3_laags_toiletpapier_cw01_2024",
    "beschikbaar": true,
    "promoEnd": null,
    "link": "https://www.aldi.nl/3-laags-toiletpapier-1220823.html"
  },
  {
    "id": "1220810",
    "title": "MAMA MANCINI Pizzadeeg 600 g",
    "category": "Maaltijden, salades",
    "price": 1.79,
    "promoPrice": null,
    "price_per_unit": 2.98,
    "unit": "KG",
    "image": "https://s7g10.scene7.com/is/image/aldinord/product_1220810_main_cms_1_nl_nl_pizzadeeg_cw01_2024",
    "beschikbaar": true,
    "promoEnd": null,
    "link": "https://www.aldi.nl/pizzadeeg-1220810.html"
  },
  {
    "id": "1220804",
    "title": "DAYLICIOUS Italiaanse roerbakmix 400 g",
    "category": "Groente, aardappelen",
    "price": 1.49,
    "promoPrice": 1.49,
    "price_per_unit": 3.73,
    "unit": "KG",
    "image": "https://s7g10.scene7.com/is/image/aldinord/product_1220804_main_cms_2_nl_nl_italiaanse_roerbakmix_cw01_2024",
    "beschikbaar": true,
    "promoEnd": "2025-10-12",
    "link": "https://www.aldi.nl/italiaanse-roerbakmix-1220804.html"
  },
  {
    "id": "1220801",
    "title": "Kruimige aardappelen 1 kg",
    "category": "Groente, aardappelen",
    "price": 1.49,
    "promoPrice": null,
    "price_per_unit": 1.49,
    "unit": "KG",
    "image": "https://s7g10.scene7.com/is/image/aldinord/product_1220801_main_cms_1_nl_nl_kruimige_aardappelen_cw01_2024",
    "beschikbaar": true,
    "promoEnd": null,
    "link": "https://www.aldi.nl/kruimige-aardappelen-1220801.html"
  },
  {
    "id": "1220794",
    "title": "ALBONA Bakmix voor cheesecake of kwarktaart 395 g",
    "category": "Brood, ontbijtgranen",
    "price": 2.49,
    "promoPrice": null,
    "price_per_unit": 6.3,
    "unit": "KG",
    "image": "https://s7g10.scene7.com/is/image/aldinord/product_1220794_main_cms_5_nl_nl_bakmix_voor_cheesecake_of_kwarktaart_cw01_2024",
    "beschikbaar": true,
    "promoEnd": null,
    "link": "https://www.aldi.nl/bakmix-voor-cheesecake-of-kwarktaart-1220794.html"
  },
  {
    "id": "1220792",
    "title": "GOUD GEBAKKEN Ontbijt- of dunne crackers 18-24 stuks",
    "category": "Brood, ontbijtgranen",
    "price": 1.99,
    "promoPrice": null,
    "price_per_unit": null,
    "unit": null,
    "image": "https://s7g10.scene7.com/is/image/aldinord/product_1220792_main_cms_5_nl_nl_ontbijt_of_dunne_crackers_cw01_2024",
    "beschikbaar": true,
    "promoEnd": null,
    "link": "https://www.aldi.nl/ontbijt-of-dunne-crackers-1220792.html"
  },
  {
    "id": "1220724",
    "title": "Slavinken Inhoud: 8 stuks, 800 g",
    "category": "Vlees, vis, vega",
    "price": 5.99,
    "promoPrice": null,
    "price_per_unit": 7.49,
    "unit": "KG",
    "image": "https://s7g10.scene7.com/is/image/aldinord/variant_1220724_1_main_cms_1_nl_nl_slavinken_cw01_2024",
    "beschikbaar": true,
    "promoEnd": null,
    "link": "https://www.aldi.nl/slavinken-1220724.html"
  },
  {
    "id": "1220697",
    "title": "LUCKY DOG Hondenbrokken 10 kg",
    "category": "Huisdieren",
    "price": 11.99,
    "promoPrice": null,
    "price_per_unit": 1.2,
    "unit": "KG",
    "image": "https://s7g10.scene7.com/is/image/aldinord/product_1220697_main_cms_3_nl_nl_hondenbrokken_cw01_2024",
    "beschikbaar": true,
    "promoEnd": null,
    "link": "https://www.aldi.nl/hondenbrokken-1220697.html"
  },
  {
    "id": "1220683",
    "title": "UNA Huishouddoekjes 6 stuks",
    "category": "Huishouden",
    "price": 0.99,
    "promoPrice": null,
    "price_per_unit": null,
    "unit": null,
    "image": "https://s7g10.scene7.com/is/image/aldinord/product_1220683_main_cms_2_nl_nl_huishouddoekjes_cw01_2024",
    "beschikbaar": true,
    "promoEnd": null,
    "link": "https://www.aldi.nl/huishouddoekjes-1220683.html"
  },
  {
    "id": "1220664",
    "title": "Gelderse gekookte worst 500 g",
    "category": "Vlees, vis, vega",
    "price": 3.19,
    "promoPrice": null,
    "price_per_unit": 6.38,
    "unit": "KG",
    "image": "https://s7g10.scene7.com/is/image/aldinord/product_1220664_main_cms_1_nl_nl_gelderse_gekookte_worst_cw01_2024",
    "beschikbaar": true,
    "promoEnd": null,
    "link": "https://www.aldi.nl/gelderse-gekookte-worst-1220664.html"
  },
  {
    "id": "1220661",
    "title": "DELICIOUS HOME Poffertjes 50 stuks",
    "category": "Maaltijden, salades",
    "price": 1.99,
    "promoPrice": null,
    "price_per_unit": null,
    "unit": null,
    "image": "https://s7g10.scene7.com/is/image/aldinord/variant_1220661_1_main_cms_1_nl_nl_poffertjes_cw01_2024",
    "beschikbaar": true,
    "promoEnd": null,
    "link": "https://www.aldi.nl/poffertjes-1220661.html"
  },
  {
    "id": "1220657",
    "title": "Cherrytomaten 250 g",
    "category": "Groente, aardappelen",
    "price": 1.09,
    "promoPrice": null,
    "price_per_unit": 4.36,
    "unit": "KG",
    "image": "https://s7g10.scene7.com/is/image/aldinord/product_1220657_main_cms_11_nl_nl_cherrytomaten_cw01_2024",
    "beschikbaar": true,
    "promoEnd": null,
    "link": "https://www.aldi.nl/cherrytomaten-1220657.html"
  },
  {
    "id": "1220638",
    "title": "WESTMINSTER Zwarte thee 25 zakjes",
    "category": "Koffie, thee",
    "price": 0.43,
    "promoPrice": null,
    "price_per_unit": null,
    "unit": null,
    "image": "https://s7g10.scene7.com/is/image/aldinord/variant_1220638_2_main_cms_11_nl_nl_zwarte_thee_cw01_2024",
    "beschikbaar": true,
    "promoEnd": null,
    "link": "https://www.aldi.nl/zwarte-thee-1220638.html"
  },
  {
    "id": "1220634",
    "title": "UNA 3-pack toiletblok 3-in-1 3-pack",
    "category": "Huishouden",
    "price": 1.99,
    "promoPrice": null,
    "price_per_unit": null,
    "unit": null,
    "image": "https://s7g10.scene7.com/is/image/aldinord/product_1220634_main_cms_4_nl_nl_3_pack_toiletblok_3_in_1_cw01_2024",
    "beschikbaar": true,
    "promoEnd": null,
    "link": "https://www.aldi.nl/3-pack-toiletblok-3-in-1-1220634.html"
  },
  {
    "id": "1220630",
    "title": "UNA Dikke bleek 1 l",
    "category": "Huishouden",
    "price": 0.89,
    "promoPrice": null,
    "price_per_unit": 0.89,
    "unit": "L",
    "image": "https://s7g10.scene7.com/is/image/aldinord/product_1220630_main_cms_2_nl_nl_dikke_bleek_cw01_2024",
    "beschikbaar": true,
    "promoEnd": null,
    "link": "https://www.aldi.nl/dikke-bleek-1220630.html"
  },
  {
    "id": "1220618",
    "title": "SNICKERS Snickers Per stuk",
    "category": "Snoep, koek, chips",
    "price": null,
    "promoPrice": null,
    "price_per_unit": null,
    "unit": null,
    "image": "https://s7g10.scene7.com/is/image/aldinord/variant_1220618_1_main_cms_1_nl_nl_snickers_cw01_2024",
    "beschikbaar": true,
    "promoEnd": null,
    "link": "https://www.aldi.nl/snickers-1220618.html"
  },
  {
    "id": "1220608",
    "title": "MUCCI Roomijs pecan-caramel 900 ml",
    "category": "Maaltijden, salades",
    "price": 3.29,
    "promoPrice": null,
    "price_per_unit": 3.66,
    "unit": "L",
    "image": "https://s7g10.scene7.com/is/image/aldinord/product_1220608_main_cms_3_nl_nl_roomijs_pecan_caramel_cw01_2024",
    "beschikbaar": true,
    "promoEnd": null,
    "link": "https://www.aldi.nl/roomijs-pecan-caramel-1220608.html"
  },
  {
    "id": "1220606",
    "title": "LACURA Navulling damesscheermesjes 3- of 4-pack",
    "category": "Baby, verzorging",
    "price": 3.99,
    "promoPrice": null,
    "price_per_unit": null,
    "unit": null,
    "image": "https://s7g10.scene7.com/is/image/aldinord/product_1220606_main_cms_4_nl_nl_navulling_damesscheermesjes_cw01_2024",
    "beschikbaar": true,
    "promoEnd": null,
    "link": "https://www.aldi.nl/navulling-damesscheermesjes-1220606.html"
  },
  {
    "id": "1220605",
    "title": "Tonijnsalade 250 g",
    "category": "Maaltijden, salades",
    "price": 1.54,
    "promoPrice": null,
    "price_per_unit": 6.16,
    "unit": "KG",
    "image": "https://s7g10.scene7.com/is/image/aldinord/product_1220605_main_cms_2_nl_nl_tonijnsalade_cw01_2024",
    "beschikbaar": true,
    "promoEnd": null,
    "link": "https://www.aldi.nl/tonijnsalade-1220605.html"
  },
  {
    "id": "1220595",
    "title": "Cervelaatworst 150 g",
    "category": "Vlees, vis, vega",
    "price": 1.79,
    "promoPrice": null,
    "price_per_unit": 11.93,
    "unit": "KG",
    "image": "https://s7g10.scene7.com/is/image/aldinord/variant_1220595_1_main_cms_1_nl_nl_cervelaatworst_cw01_2024",
    "beschikbaar": true,
    "promoEnd": null,
    "link": "https://www.aldi.nl/cervelaatworst-1220595.html"
  },
  {
    "id": "1220586",
    "title": "DE AFBAKKER Steenoven baguette 250 g",
    "category": "Brood, ontbijtgranen",
    "price": 1.19,
    "promoPrice": null,
    "price_per_unit": 4.76,
    "unit": "KG",
    "image": "https://s7g10.scene7.com/is/image/aldinord/variant_1220586_1_main_cms_1_nl_nl_steenoven_baguette_cw01_2024",
    "beschikbaar": true,
    "promoEnd": null,
    "link": "https://www.aldi.nl/steenoven-baguette-1220586.html"
  },
  {
    "id": "1220578",
    "title": "Crafted Chardonnay Viognier 0.75 l",
    "category": "Bier, wijn, sterke drank",
    "price": 3.99,
    "promoPrice": null,
    "price_per_unit": 5.32,
    "unit": "L",
    "image": "https://s7g10.scene7.com/is/image/aldinord/product_1220578_main_cms_5_nl_nl_crafted_chardonnay_viognier_cw01_2024",
    "beschikbaar": true,
    "promoEnd": null,
    "link": "https://www.aldi.nl/crafted-chardonnay-viognier-1220578.html"
  },
  {
    "id": "1220577",
    "title": "GOUD GEBAKKEN Robuust knäckebröd 265 g",
    "category": "Brood, ontbijtgranen",
    "price": 1.59,
    "promoPrice": null,
    "price_per_unit": 6.0,
    "unit": "KG",
    "image": "https://s7g10.scene7.com/is/image/aldinord/product_1220577_main_cms_5_nl_nl_robuust_knackebrod_cw01_2024",
    "beschikbaar": true,
    "promoEnd": null,
    "link": "https://www.aldi.nl/robuust-knckebrd-1220577.html"
  },
  {
    "id": "1220570",
    "title": "LACURA Showergel 300 ml",
    "category": "Baby, verzorging",
    "price": 0.55,
    "promoPrice": null,
    "price_per_unit": 1.83,
    "unit": "L",
    "image": "https://s7g10.scene7.com/is/image/aldinord/product_1220570_main_cms_18_nl_nl_showergel_cw01_2024",
    "beschikbaar": true,
    "promoEnd": null,
    "link": "https://www.aldi.nl/showergel-1220570.html"
  },
  {
    "id": "1220565",
    "title": "Conference peren 1 kg",
    "category": "Groente, aardappelen",
    "price": 1.89,
    "promoPrice": null,
    "price_per_unit": 1.89,
    "unit": "KG",
    "image": "https://s7g10.scene7.com/is/image/aldinord/product_1220565_main_cms_8_nl_nl_conference_peren_cw01_2024",
    "beschikbaar": true,
    "promoEnd": null,
    "link": "https://www.aldi.nl/conference-peren-1220565.html"
  },
  {
    "id": "1220564",
    "title": "SONY PlayStationkaart 50 euro Per stuk",
    "category": "Speciaal assortiment",
    "price": 50,
    "promoPrice": null,
    "price_per_unit": null,
    "unit": null,
    "image": "https://s7g10.scene7.com/is/image/aldinord/product_1220564_main_cms_2_nl_nl_playstationkaart_50_euro_cw01_2024",
    "beschikbaar": true,
    "promoEnd": null,
    "link": "https://www.aldi.nl/playstationkaart-50-euro-1220564.html"
  },
  {
    "id": "1220562",
    "title": "UNA Luchtverfrissergel 150 g",
    "category": "Huishouden",
    "price": 0.89,
    "promoPrice": null,
    "price_per_unit": 5.93,
    "unit": "KG",
    "image": "https://s7g10.scene7.com/is/image/aldinord/product_1220562_main_cms_1_nl_nl_luchtverfrissergel_cw01_2024",
    "beschikbaar": true,
    "promoEnd": null,
    "link": "https://www.aldi.nl/luchtverfrissergel-1220562.html"
  },
  {
    "id": "1220554",
    "title": "MILSANI Slagroom 200 ml",
    "category": "Zuivel, eieren",
    "price": 1.09,
    "promoPrice": null,
    "price_per_unit": 5.45,
    "unit": "L",
    "image": "https://s7g10.scene7.com/is/image/aldinord/variant_1220554_1_main_cms_1_nl_nl_slagroom_cw01_2024",
    "beschikbaar": true,
    "promoEnd": null,
    "link": "https://www.aldi.nl/slagroom-1220554.html"
  },
  {
    "id": "1220553",
    "title": "Knolselderij Per stuk",
    "category": "Groente, aardappelen",
    "price": 1.19,
    "promoPrice": null,
    "price_per_unit": null,
    "unit": null,
    "image": "https://s7g10.scene7.com/is/image/aldinord/product_1220553_main_cms_7_nl_nl_knolselderij_cw01_2024",
    "beschikbaar": true,
    "promoEnd": null,
    "link": "https://www.aldi.nl/knolselderij-1220553.html"
  },
  {
    "id": "1220551",
    "title": "Zoete kinderappeltjes 1 kg",
    "category": "Groente, aardappelen",
    "price": 1.99,
    "promoPrice": null,
    "price_per_unit": 1.99,
    "unit": "KG",
    "image": "https://s7g10.scene7.com/is/image/aldinord/product_1220551_main_cms_2_nl_nl_zoete_kinderappeltjes_cw01_2024",
    "beschikbaar": true,
    "promoEnd": null,
    "link": "https://www.aldi.nl/zoete-kinderappeltjes-1220551.html"
  },
  {
    "id": "1220547",
    "title": "MUCCI Cornets 8 stuks",
    "category": "Maaltijden, salades",
    "price": 2.19,
    "promoPrice": null,
    "price_per_unit": 2.28,
    "unit": "L",
    "image": "https://s7g10.scene7.com/is/image/aldinord/variant_1220547_1_main_cms_4_nl_nl_cornets_cw01_2024",
    "beschikbaar": true,
    "promoEnd": null,
    "link": "https://www.aldi.nl/cornets-1220547.html"
  },
  {
    "id": "1220540",
    "title": "Rode paprika Per stuk",
    "category": "Groente, aardappelen",
    "price": 0.55,
    "promoPrice": null,
    "price_per_unit": null,
    "unit": null,
    "image": "https://s7g10.scene7.com/is/image/aldinord/product_1220540_main_cms_15_nl_nl_rode_paprika_cw01_2024",
    "beschikbaar": true,
    "promoEnd": null,
    "link": "https://www.aldi.nl/rode-paprika-1220540.html"
  },
  {
    "id": "1220528",
    "title": "SOLO 3-laags servetten 30 stuks",
    "category": "Huishouden",
    "price": 1.59,
    "promoPrice": null,
    "price_per_unit": null,
    "unit": null,
    "image": "https://s7g10.scene7.com/is/image/aldinord/product_1220528_main_cms_9_nl_nl_3_laags_servetten_cw01_2024",
    "beschikbaar": true,
    "promoEnd": null,
    "link": "https://www.aldi.nl/3-laags-servetten-1220528.html"
  },
  {
    "id": "1220526",
    "title": "UNA Wc reiniger 1 l",
    "category": "Huishouden",
    "price": 1.08,
    "promoPrice": null,
    "price_per_unit": 1.08,
    "unit": "L",
    "image": "https://s7g10.scene7.com/is/image/aldinord/product_1220526_main_cms_3_nl_nl_wc_reiniger_cw01_2024",
    "beschikbaar": true,
    "promoEnd": null,
    "link": "https://www.aldi.nl/wc-reiniger-1220526.html"
  },
  {
    "id": "1220525",
    "title": "Groene kiwi's 1 kg",
    "category": "Groente, aardappelen",
    "price": 3.99,
    "promoPrice": null,
    "price_per_unit": 3.99,
    "unit": "KG",
    "image": "https://s7g10.scene7.com/is/image/aldinord/product_1220525_main_cms_3_nl_nl_groene_kiwi_s_cw01_2024",
    "beschikbaar": true,
    "promoEnd": null,
    "link": "https://www.aldi.nl/groene-kiwis-1220525.html"
  },
  {
    "id": "1220524",
    "title": "DAYLICIOUS Maaltijdsalade gegrilde kip 450 g",
    "category": "Maaltijden, salades",
    "price": 3.39,
    "promoPrice": null,
    "price_per_unit": 7.53,
    "unit": "KG",
    "image": "https://s7g10.scene7.com/is/image/aldinord/product_1220524_main_cms_3_nl_nl_maaltijdsalade_gegrilde_kip_cw01_2024",
    "beschikbaar": true,
    "promoEnd": null,
    "link": "https://www.aldi.nl/maaltijdsalade-gegrilde-kip-1220524.html"
  },
  {
    "id": "1220517",
    "title": "BREKIES Break-Time granenbiscuits 9x2 stuks",
    "category": "Snoep, koek, chips",
    "price": 2.05,
    "promoPrice": null,
    "price_per_unit": null,
    "unit": null,
    "image": "https://s7g10.scene7.com/is/image/aldinord/product_1220517_main_cms_5_nl_nl_break_time_granenbiscuits_cw01_2024",
    "beschikbaar": true,
    "promoEnd": null,
    "link": "https://www.aldi.nl/break-time-granenbiscuits-1220517.html"
  },
  {
    "id": "1220516",
    "title": "UNA Glasreiniger 1 l",
    "category": "Huishouden",
    "price": 1.69,
    "promoPrice": null,
    "price_per_unit": 1.69,
    "unit": "L",
    "image": "https://s7g10.scene7.com/is/image/aldinord/variant_1220516_1_main_cms_1_nl_nl_glasreiniger_cw01_2024",
    "beschikbaar": true,
    "promoEnd": null,
    "link": "https://www.aldi.nl/glasreiniger-1220516.html"
  },
  {
    "id": "1220501",
    "title": "MILSANI Yoghurt met muesli 170 g",
    "category": "Zuivel, eieren",
    "price": 0.99,
    "promoPrice": null,
    "price_per_unit": 5.82,
    "unit": "KG",
    "image": "https://s7g10.scene7.com/is/image/aldinord/product_1220501_main_cms_7_nl_nl_yoghurt_met_muesli_cw01_2024",
    "beschikbaar": true,
    "promoEnd": null,
    "link": "https://www.aldi.nl/yoghurt-met-muesli-1220501.html"
  },
  {
    "id": "1220499",
    "title": "Basilicum in pot Per stuk",
    "category": "Groente, aardappelen",
    "price": 1.79,
    "promoPrice": null,
    "price_per_unit": null,
    "unit": null,
    "image": "https://s7g10.scene7.com/is/image/aldinord/product_1220499_main_cms_2_nl_nl_basilicum_in_pot_cw01_2024",
    "beschikbaar": true,
    "promoEnd": null,
    "link": "https://www.aldi.nl/basilicum-in-pot-1220499.html"
  },
  {
    "id": "1220497",
    "title": "DE VLEESMEESTERS Spareribs 830 g",
    "category": "Vlees, vis, vega",
    "price": 7.89,
    "promoPrice": null,
    "price_per_unit": 9.51,
    "unit": "KG",
    "image": "https://s7g10.scene7.com/is/image/aldinord/product_1220497_main_cms_3_nl_nl_spareribs_cw01_2024",
    "beschikbaar": true,
    "promoEnd": null,
    "link": "https://www.aldi.nl/spareribs-1220497.html"
  },
  {
    "id": "1220494",
    "title": "Lente-uien Per bundel",
    "category": "Groente, aardappelen",
    "price": 0.79,
    "promoPrice": null,
    "price_per_unit": null,
    "unit": null,
    "image": "https://s7g10.scene7.com/is/image/aldinord/product_1220494_main_cms_6_nl_nl_lente_uien_cw01_2024",
    "beschikbaar": true,
    "promoEnd": null,
    "link": "https://www.aldi.nl/lente-uien-1220494.html"
  },
  {
    "id": "1220478",
    "title": "Extra vezelrijk volkorenbrood half Half",
    "category": "Brood, ontbijtgranen",
    "price": 1.19,
    "promoPrice": null,
    "price_per_unit": null,
    "unit": null,
    "image": "https://s7g10.scene7.com/is/image/aldinord/variant_1220478_1_main_cms_1_nl_nl_extra_vezelrijk_volkorenbrood_half_cw01_2024",
    "beschikbaar": true,
    "promoEnd": null,
    "link": "https://www.aldi.nl/extra-vezelrijk-volkorenbrood-half-1220478.html"
  },
  {
    "id": "1220477",
    "title": "ASIA GREEN GARDEN Aziatische soep 400 ml",
    "category": "Maaltijden, salades",
    "price": 1.19,
    "promoPrice": 1.19,
    "price_per_unit": 2.97,
    "unit": "L",
    "image": "https://s7g10.scene7.com/is/image/aldinord/product_1220477_main_cms_7_nl_nl_aziatische_soep_cw01_2024",
    "beschikbaar": true,
    "promoEnd": "2025-10-19",
    "link": "https://www.aldi.nl/aziatische-soep-1220477.html"
  },
  {
    "id": "1220465",
    "title": "Boterhamworst 150 g",
    "category": "Vlees, vis, vega",
    "price": 1.49,
    "promoPrice": null,
    "price_per_unit": null,
    "unit": null,
    "image": "https://s7g10.scene7.com/is/image/aldinord/product_1220465_main_cms_2_nl_nl_boterhamworst_cw01_2024",
    "beschikbaar": true,
    "promoEnd": null,
    "link": "https://www.aldi.nl/boterhamworst-1220465.html"
  },
  {
    "id": "1220454",
    "title": "Gebraden gehakt 150 g",
    "category": "Vlees, vis, vega",
    "price": 1.59,
    "promoPrice": null,
    "price_per_unit": 10.6,
    "unit": "KG",
    "image": "https://s7g10.scene7.com/is/image/aldinord/product_1220454_main_cms_2_nl_nl_gebraden_gehakt_cw01_2024",
    "beschikbaar": true,
    "promoEnd": null,
    "link": "https://www.aldi.nl/gebraden-gehakt-1220454.html"
  },
  {
    "id": "1220444",
    "title": "DAYLICIOUS Maaltijdsalade kip Caesar 450 g",
    "category": "Maaltijden, salades",
    "price": 3.89,
    "promoPrice": null,
    "price_per_unit": 8.64,
    "unit": "KG",
    "image": "https://s7g10.scene7.com/is/image/aldinord/product_1220444_main_cms_3_nl_nl_maaltijdsalade_kip_caesar_cw01_2024",
    "beschikbaar": true,
    "promoEnd": null,
    "link": "https://www.aldi.nl/maaltijdsalade-kip-caesar-1220444.html"
  },
  {
    "id": "1220441",
    "title": "Pitloze druivenmix 500 g",
    "category": "Groente, aardappelen",
    "price": 2.49,
    "promoPrice": null,
    "price_per_unit": 4.98,
    "unit": "KG",
    "image": "https://s7g10.scene7.com/is/image/aldinord/product_1220441_main_cms_2_nl_nl_pitloze_druivenmix_cw01_2024",
    "beschikbaar": true,
    "promoEnd": null,
    "link": "https://www.aldi.nl/pitloze-druivenmix-1220441.html"
  },
  {
    "id": "1220427",
    "title": "SNACK FAN Loempia's Inhoud: 2 stuks, 350 g",
    "category": "Snoep, koek, chips",
    "price": 1.69,
    "promoPrice": null,
    "price_per_unit": 4.83,
    "unit": "KG",
    "image": "https://s7g10.scene7.com/is/image/aldinord/variant_1220427_3_main_cms_1_nl_nl_loempia_s_cw01_2024",
    "beschikbaar": true,
    "promoEnd": null,
    "link": "https://www.aldi.nl/loempias-1220427.html"
  },
  {
    "id": "1220423",
    "title": "Berliner leverworst 150 g",
    "category": "Vlees, vis, vega",
    "price": 1.19,
    "promoPrice": null,
    "price_per_unit": 7.93,
    "unit": "KG",
    "image": "https://s7g10.scene7.com/is/image/aldinord/variant_1220423_1_main_cms_1_nl_nl_berliner_leverworst_cw01_2024",
    "beschikbaar": true,
    "promoEnd": null,
    "link": "https://www.aldi.nl/berliner-leverworst-1220423.html"
  },
  {
    "id": "1220417",
    "title": "DAYLICIOUS Macaroni-spaghettigroenten 450 g",
    "category": "Groente, aardappelen",
    "price": 1.69,
    "promoPrice": null,
    "price_per_unit": 3.76,
    "unit": "KG",
    "image": "https://s7g10.scene7.com/is/image/aldinord/product_1220417_main_cms_2_nl_nl_macaroni_spaghettigroenten_cw01_2024",
    "beschikbaar": true,
    "promoEnd": null,
    "link": "https://www.aldi.nl/macaroni-spaghettigroenten-1220417.html"
  },
  {
    "id": "1220391",
    "title": "Bakkersgoud rustiek wit Heel",
    "category": "Brood, ontbijtgranen",
    "price": 1.99,
    "promoPrice": null,
    "price_per_unit": 3.32,
    "unit": "KG",
    "image": "https://s7g10.scene7.com/is/image/aldinord/product_1220391_main_cms_1_nl_nl_bakkersgoud_rustiek_wit_cw01_2024",
    "beschikbaar": true,
    "promoEnd": null,
    "link": "https://www.aldi.nl/bakkersgoud-rustiek-wit-1220391.html"
  },
  {
    "id": "1220386",
    "title": "Champignons 250 g",
    "category": "Groente, aardappelen",
    "price": 1.15,
    "promoPrice": null,
    "price_per_unit": 4.6,
    "unit": "KG",
    "image": "https://s7g10.scene7.com/is/image/aldinord/product_1220386_main_cms_2_nl_nl_champignons_cw01_2024",
    "beschikbaar": true,
    "promoEnd": null,
    "link": "https://www.aldi.nl/champignons-1220386.html"
  },
  {
    "id": "1220383",
    "title": "CHOCEUR Belgische chocoladeblaadjes 125 g",
    "category": "Frisdrank, sappen",
    "price": 2.99,
    "promoPrice": 2.99,
    "price_per_unit": null,
    "unit": null,
    "image": "https://s7g10.scene7.com/is/image/aldinord/product_1220383_main_cms_6_nl_nl_belgische_chocoladeblaadjes_cw01_2024",
    "beschikbaar": true,
    "promoEnd": "2025-10-12",
    "link": "https://www.aldi.nl/belgische-chocoladeblaadjes-1220383.html"
  },
  {
    "id": "1220370",
    "title": "MAMA NATURE Biologische halfvolle melk 1 l",
    "category": "Zuivel, eieren",
    "price": 1.29,
    "promoPrice": null,
    "price_per_unit": 1.29,
    "unit": "L",
    "image": "https://s7g10.scene7.com/is/image/aldinord/product_1220370_main_cms_2_nl_nl_biologische_halfvolle_melk_cw01_2024",
    "beschikbaar": true,
    "promoEnd": null,
    "link": "https://www.aldi.nl/biologische-halfvolle-melk-1220370.html"
  },
  {
    "id": "1220349",
    "title": "Aardappelsalade 1 kg",
    "category": "Speciaal assortiment",
    "price": 2.05,
    "promoPrice": null,
    "price_per_unit": 2.05,
    "unit": "KG",
    "image": "https://s7g10.scene7.com/is/image/aldinord/product_1220349_main_cms_1_nl_nl_aardappelsalade_cw01_2024",
    "beschikbaar": true,
    "promoEnd": null,
    "link": "https://www.aldi.nl/aardappelsalade-1220349.html"
  },
  {
    "id": "1220348",
    "title": "VLEESMEESTERS Kip cordon bleu 500 g",
    "category": "Vlees, vis, vega",
    "price": 4.49,
    "promoPrice": null,
    "price_per_unit": 8.98,
    "unit": "KG",
    "image": "https://s7g10.scene7.com/is/image/aldinord/product_1220348_main_cms_3_nl_nl_kip_cordon_bleu_cw01_2024",
    "beschikbaar": true,
    "promoEnd": null,
    "link": "https://www.aldi.nl/kip-cordon-bleu-1220348.html"
  },
  {
    "id": "1220341",
    "title": "Haricots verts 250 g",
    "category": "Groente, aardappelen",
    "price": 1.89,
    "promoPrice": null,
    "price_per_unit": 7.56,
    "unit": "KG",
    "image": "https://s7g10.scene7.com/is/image/aldinord/product_1220341_main_cms_1_nl_nl_haricots_verts_cw01_2024",
    "beschikbaar": true,
    "promoEnd": null,
    "link": "https://www.aldi.nl/haricots-verts-1220341.html"
  },
  {
    "id": "1220339",
    "title": "ALL SEASONS Champignonschijfjes 314 ml",
    "category": "Groente, aardappelen",
    "price": 0.99,
    "promoPrice": null,
    "price_per_unit": 3.15,
    "unit": "L",
    "image": "https://s7g10.scene7.com/is/image/aldinord/product_1220339_main_cms_3_nl_nl_champignonschijfjes_cw01_2024",
    "beschikbaar": true,
    "promoEnd": null,
    "link": "https://www.aldi.nl/champignonschijfjes-1220339.html"
  },
  {
    "id": "1220331",
    "title": "MAMA NATURE Biologische roomboter 250 g",
    "category": "Zuivel, eieren",
    "price": 3.49,
    "promoPrice": null,
    "price_per_unit": 13.96,
    "unit": "KG",
    "image": "https://s7g10.scene7.com/is/image/aldinord/product_1220331_main_cms_1_nl_nl_biologische_roomboter_cw01_2024",
    "beschikbaar": true,
    "promoEnd": null,
    "link": "https://www.aldi.nl/biologische-roomboter-1220331.html"
  },
  {
    "id": "1220330",
    "title": "El Árbol Reserva Viognier 0.75 l",
    "category": "Bier, wijn, sterke drank",
    "price": 4.49,
    "promoPrice": null,
    "price_per_unit": 5.99,
    "unit": "L",
    "image": "https://s7g10.scene7.com/is/image/aldinord/product_1220330_main_cms_11_nl_nl_el_arbol_reserva_viognier_cw01_2024",
    "beschikbaar": true,
    "promoEnd": null,
    "link": "https://www.aldi.nl/el-rbol-reserva-viognier-1220330.html"
  },
  {
    "id": "1220318",
    "title": "DAYLICIOUS IJsbergsla melange 200 g",
    "category": "Groente, aardappelen",
    "price": 1.19,
    "promoPrice": null,
    "price_per_unit": 5.95,
    "unit": "KG",
    "image": "https://s7g10.scene7.com/is/image/aldinord/product_1220318_main_cms_2_nl_nl_ijsbergsla_melange_cw01_2024",
    "beschikbaar": true,
    "promoEnd": null,
    "link": "https://www.aldi.nl/ijsbergsla-melange-1220318.html"
  },
  {
    "id": "1220312",
    "title": "Braadkuiken 1.2 kg",
    "category": "Vlees, vis, vega",
    "price": 5.49,
    "promoPrice": null,
    "price_per_unit": 4.58,
    "unit": "KG",
    "image": "https://s7g10.scene7.com/is/image/aldinord/product_1220312_main_cms_2_nl_nl_braadkuiken_cw01_2024",
    "beschikbaar": true,
    "promoEnd": null,
    "link": "https://www.aldi.nl/braadkuiken-1220312.html"
  },
  {
    "id": "1220305",
    "title": "UNA Afwasmiddel classic of citroen 500 ml",
    "category": "Huishouden",
    "price": 0.63,
    "promoPrice": null,
    "price_per_unit": 1.26,
    "unit": "L",
    "image": "https://s7g10.scene7.com/is/image/aldinord/product_1220305_main_cms_5_nl_nl_afwasmiddel_classic_of_citroen_cw01_2024",
    "beschikbaar": true,
    "promoEnd": null,
    "link": "https://www.aldi.nl/afwasmiddel-classic-of-citroen-1220305.html"
  },
  {
    "id": "1220301",
    "title": "Castillo Mayor Gran Reserva 0.75 l",
    "category": "Bier, wijn, sterke drank",
    "price": 3.99,
    "promoPrice": null,
    "price_per_unit": 5.32,
    "unit": "L",
    "image": "https://s7g10.scene7.com/is/image/aldinord/product_1220301_main_cms_5_nl_nl_castillo_mayor_gran_reserva_cw01_2024",
    "beschikbaar": true,
    "promoEnd": null,
    "link": "https://www.aldi.nl/castillo-mayor-gran-reserva-1220301.html"
  },
  {
    "id": "1220292",
    "title": "ALL SEASONS Doperwten 230 g",
    "category": "Groente, aardappelen",
    "price": 0.85,
    "promoPrice": null,
    "price_per_unit": 3.7,
    "unit": "KG",
    "image": "https://s7g10.scene7.com/is/image/aldinord/product_1220292_main_cms_3_nl_nl_doperwten_cw01_2024",
    "beschikbaar": true,
    "promoEnd": null,
    "link": "https://www.aldi.nl/doperwten-1220292.html"
  },
  {
    "id": "1220285",
    "title": "ALL SEASONS Bruine bonen 720 ml",
    "category": "Groente, aardappelen",
    "price": 1.09,
    "promoPrice": null,
    "price_per_unit": 1.51,
    "unit": "L",
    "image": "https://s7g10.scene7.com/is/image/aldinord/product_1220285_main_cms_3_nl_nl_bruine_bonen_cw01_2024",
    "beschikbaar": true,
    "promoEnd": null,
    "link": "https://www.aldi.nl/bruine-bonen-1220285.html"
  },
  {
    "id": "1220237",
    "title": "Bieslook in pot Per stuk",
    "category": "Groente, aardappelen",
    "price": 1.79,
    "promoPrice": null,
    "price_per_unit": null,
    "unit": null,
    "image": "https://s7g10.scene7.com/is/image/aldinord/product_1220237_main_cms_2_nl_nl_bieslook_in_pot_cw01_2024",
    "beschikbaar": true,
    "promoEnd": null,
    "link": "https://www.aldi.nl/bieslook-in-pot-1220237.html"
  },
  {
    "id": "1220231",
    "title": "VALBLANC Smeerkaaspuntjes Inhoud: 24 stuks, 400 g",
    "category": "Zuivel, eieren",
    "price": 2.99,
    "promoPrice": null,
    "price_per_unit": 7.48,
    "unit": "KG",
    "image": "https://s7g10.scene7.com/is/image/aldinord/product_1220231_main_cms_1_nl_nl_smeerkaaspuntjes_cw01_2024",
    "beschikbaar": true,
    "promoEnd": null,
    "link": "https://www.aldi.nl/smeerkaaspuntjes-1220231.html"
  },
  {
    "id": "1220213",
    "title": "Flespompoen Per stuk",
    "category": "Groente, aardappelen",
    "price": 1.99,
    "promoPrice": null,
    "price_per_unit": null,
    "unit": null,
    "image": "https://s7g10.scene7.com/is/image/aldinord/product_1220213_main_cms_3_nl_nl_flespompoen_cw01_2024",
    "beschikbaar": true,
    "promoEnd": null,
    "link": "https://www.aldi.nl/flespompoen-1220213.html"
  },
  {
    "id": "1220205",
    "title": "SNACK FAN Vietnamese kiploempia's Inhoud: 12 stuks, 564 g",
    "category": "Snoep, koek, chips",
    "price": 3.29,
    "promoPrice": null,
    "price_per_unit": 5.83,
    "unit": "KG",
    "image": "https://s7g10.scene7.com/is/image/aldinord/variant_1220205_1_main_cms_1_nl_nl_vietnamese_kiploempia_s_cw01_2024",
    "beschikbaar": true,
    "promoEnd": null,
    "link": "https://www.aldi.nl/vietnamese-kiploempias-1220205.html"
  },
  {
    "id": "1220195",
    "title": "MAMA MANCINI Lasagne Bolognese 1 kg",
    "category": "Maaltijden, salades",
    "price": 4.85,
    "promoPrice": null,
    "price_per_unit": 4.85,
    "unit": "KG",
    "image": "https://s7g10.scene7.com/is/image/aldinord/product_1220195_main_cms_10_nl_nl_lasagne_bolognese_cw01_2024",
    "beschikbaar": true,
    "promoEnd": null,
    "link": "https://www.aldi.nl/lasagne-bolognese-1220195.html"
  },
  {
    "id": "1220193",
    "title": "Lamsbiefstuk Inhoud: 5-6 stuks, 400 g",
    "category": "Vlees, vis, vega",
    "price": 7.99,
    "promoPrice": null,
    "price_per_unit": 19.98,
    "unit": "KG",
    "image": "https://s7g10.scene7.com/is/image/aldinord/product_1220193_main_cms_3_nl_nl_lamsbiefstuk_cw01_2024",
    "beschikbaar": true,
    "promoEnd": null,
    "link": "https://www.aldi.nl/lamsbiefstuk-1220193.html"
  },
  {
    "id": "1220188",
    "title": "Rode wijn soepel 250 ml",
    "category": "Bier, wijn, sterke drank",
    "price": 1.89,
    "promoPrice": null,
    "price_per_unit": 7.56,
    "unit": "L",
    "image": "https://s7g10.scene7.com/is/image/aldinord/product_1220188_main_cms_3_nl_nl_rode_wijn_soepel_cw01_2024",
    "beschikbaar": true,
    "promoEnd": null,
    "link": "https://www.aldi.nl/rode-wijn-soepel-1220188.html"
  },
  {
    "id": "1220187",
    "title": "POTATO KING Vrij vastkokende aardappelen 2.5 kg",
    "category": "Groente, aardappelen",
    "price": 3.29,
    "promoPrice": null,
    "price_per_unit": 1.32,
    "unit": "KG",
    "image": "https://s7g10.scene7.com/is/image/aldinord/product_1220187_main_cms_1_nl_nl_vrij_vastkokende_aardappelen_cw01_2024",
    "beschikbaar": true,
    "promoEnd": null,
    "link": "https://www.aldi.nl/vrij-vastkokende-aardappelen-1220187.html"
  },
  {
    "id": "1220183",
    "title": "Droge witte wijn 250 ml",
    "category": "Bier, wijn, sterke drank",
    "price": 1.89,
    "promoPrice": null,
    "price_per_unit": 7.56,
    "unit": "L",
    "image": "https://s7g10.scene7.com/is/image/aldinord/product_1220183_main_cms_2_nl_nl_droge_witte_wijn_cw01_2024",
    "beschikbaar": true,
    "promoEnd": null,
    "link": "https://www.aldi.nl/droge-witte-wijn-1220183.html"
  },
  {
    "id": "1220176",
    "title": "Paksoi Per stuk",
    "category": "Groente, aardappelen",
    "price": 0.99,
    "promoPrice": 0.99,
    "price_per_unit": null,
    "unit": null,
    "image": "https://s7g10.scene7.com/is/image/aldinord/product_1220176_main_cms_5_nl_nl_paksoi_cw01_2024",
    "beschikbaar": true,
    "promoEnd": "2025-10-12",
    "link": "https://www.aldi.nl/paksoi-1220176.html"
  },
  {
    "id": "1220169",
    "title": "MAMA MANCINI Verse gevulde tortelloni 250 g",
    "category": "Maaltijden, salades",
    "price": 1.99,
    "promoPrice": null,
    "price_per_unit": 7.96,
    "unit": "KG",
    "image": "https://s7g10.scene7.com/is/image/aldinord/product_1220169_main_cms_4_nl_nl_verse_gevulde_tortelloni_cw01_2024",
    "beschikbaar": true,
    "promoEnd": null,
    "link": "https://www.aldi.nl/verse-gevulde-tortelloni-1220169.html"
  },
  {
    "id": "1220160",
    "title": "GOLDEN SEAFOOD Krokante vissticks 15 stuks",
    "category": "Vlees, vis, vega",
    "price": 1.49,
    "promoPrice": null,
    "price_per_unit": null,
    "unit": null,
    "image": "https://s7g10.scene7.com/is/image/aldinord/product_1220160_main_cms_6_nl_nl_krokante_vissticks_cw01_2024",
    "beschikbaar": true,
    "promoEnd": null,
    "link": "https://www.aldi.nl/krokante-vissticks-1220160.html"
  },
  {
    "id": "1220139",
    "title": "GOLDEN SEAFOOD Alaska koolvisfilets Inhoud: 4 stuks, 400 g",
    "category": "Vlees, vis, vega",
    "price": 2.69,
    "promoPrice": null,
    "price_per_unit": 6.73,
    "unit": "KG",
    "image": "https://s7g10.scene7.com/is/image/aldinord/variant_1220139_1_main_cms_2_nl_nl_alaska_koolvisfilets_cw01_2024",
    "beschikbaar": true,
    "promoEnd": null,
    "link": "https://www.aldi.nl/alaska-koolvisfilets-1220139.html"
  },
  {
    "id": "1220135",
    "title": "GOLDEN SEAFOOD Zalmfilets 250 g",
    "category": "Vlees, vis, vega",
    "price": 4.59,
    "promoPrice": null,
    "price_per_unit": 18.36,
    "unit": "KG",
    "image": "https://s7g10.scene7.com/is/image/aldinord/variant_1220135_1_main_cms_2_nl_nl_zalmfilets_cw01_2024",
    "beschikbaar": true,
    "promoEnd": null,
    "link": "https://www.aldi.nl/zalmfilets-1220135.html"
  },
  {
    "id": "1220126",
    "title": "DAYLICIOUS Mini krieltjes 700 g",
    "category": "Groente, aardappelen",
    "price": 1.29,
    "promoPrice": null,
    "price_per_unit": 1.84,
    "unit": "KG",
    "image": "https://s7g10.scene7.com/is/image/aldinord/product_1220126_main_cms_4_nl_nl_mini_krieltjes_cw01_2024",
    "beschikbaar": true,
    "promoEnd": null,
    "link": "https://www.aldi.nl/mini-krieltjes-1220126.html"
  },
  {
    "id": "1220112",
    "title": "ALL SEASONS Jonge kapucijners 720 ml",
    "category": "Groente, aardappelen",
    "price": 1.79,
    "promoPrice": null,
    "price_per_unit": 2.49,
    "unit": "L",
    "image": "https://s7g10.scene7.com/is/image/aldinord/product_1220112_main_cms_3_nl_nl_jonge_kapucijners_cw01_2024",
    "beschikbaar": true,
    "promoEnd": null,
    "link": "https://www.aldi.nl/jonge-kapucijners-1220112.html"
  },
  {
    "id": "1220101",
    "title": "KOEKKIE Chocoladekoekjes Inhoud: 20 stuks, 250 g",
    "category": "Snoep, koek, chips",
    "price": 2.49,
    "promoPrice": null,
    "price_per_unit": 9.96,
    "unit": "KG",
    "image": "https://s7g10.scene7.com/is/image/aldinord/product_1220101_main_cms_4_nl_nl_chocoladekoekjes_cw01_2024",
    "beschikbaar": true,
    "promoEnd": null,
    "link": "https://www.aldi.nl/chocoladekoekjes-1220101.html"
  },
  {
    "id": "1220096",
    "title": "Jonagold appels 1.5 kg",
    "category": "Groente, aardappelen",
    "price": 2.45,
    "promoPrice": null,
    "price_per_unit": 1.63,
    "unit": "KG",
    "image": "https://s7g10.scene7.com/is/image/aldinord/product_1220096_main_cms_7_nl_nl_jonagold_appels_cw01_2024",
    "beschikbaar": true,
    "promoEnd": null,
    "link": "https://www.aldi.nl/jonagold-appels-1220096.html"
  },
  {
    "id": "1220092",
    "title": "MAMA MANCINI Mini-pizza's Inhoud: 12 stuks, 360 g.Inhoud: 12 stuks, 360 g",
    "category": "Snoep, koek, chips",
    "price": 2.59,
    "promoPrice": null,
    "price_per_unit": 7.19,
    "unit": "KG",
    "image": "https://s7g10.scene7.com/is/image/aldinord/product_1220092_main_cms_4_nl_nl_mini_pizza_s_cw01_2024",
    "beschikbaar": true,
    "promoEnd": null,
    "link": "https://www.aldi.nl/mini-pizzas-1220092.html"
  },
  {
    "id": "1220087",
    "title": "BELLASAN Olijfolie classico 1 l",
    "category": "Maaltijden, salades",
    "price": 7.69,
    "promoPrice": null,
    "price_per_unit": 7.69,
    "unit": "L",
    "image": "https://s7g10.scene7.com/is/image/aldinord/product_1220087_main_cms_6_nl_nl_olijfolie_classico_cw01_2024",
    "beschikbaar": true,
    "promoEnd": null,
    "link": "https://www.aldi.nl/olijfolie-classico-1220087.html"
  },
  {
    "id": "1220083",
    "title": "Hamblokjes 125 g",
    "category": "Vlees, vis, vega",
    "price": 0.99,
    "promoPrice": null,
    "price_per_unit": 7.92,
    "unit": "KG",
    "image": "https://s7g10.scene7.com/is/image/aldinord/variant_1220083_1_main_cms_2_nl_nl_hamblokjes_cw01_2024",
    "beschikbaar": true,
    "promoEnd": null,
    "link": "https://www.aldi.nl/hamblokjes-1220083.html"
  },
  {
    "id": "1220064",
    "title": "RIO D'ORO Vruchtensiroop 0.75 l",
    "category": "Frisdrank, sappen",
    "price": 2.49,
    "promoPrice": null,
    "price_per_unit": 3.32,
    "unit": "L",
    "image": "https://s7g10.scene7.com/is/image/aldinord/variant_1220064_2_main_cms_2_nl_nl_vruchtensiroop_cw01_2024",
    "beschikbaar": true,
    "promoEnd": null,
    "link": "https://www.aldi.nl/vruchtensiroop-1220064.html"
  },
  {
    "id": "1220057",
    "title": "TRADER JOE’S Tacosaus 230 g",
    "category": "Maaltijden, salades",
    "price": 0.79,
    "promoPrice": 0.79,
    "price_per_unit": 3.43,
    "unit": "KG",
    "image": "https://s7g10.scene7.com/is/image/aldinord/product_1220057_main_cms_7_nl_nl_tacosaus_cw01_2024",
    "beschikbaar": true,
    "promoEnd": "2025-10-19",
    "link": "https://www.aldi.nl/tacosaus-1220057.html"
  },
  {
    "id": "1220051",
    "title": "ELLA 4-pack Belgische chocolademousse 4x90 g",
    "category": "Zuivel, eieren",
    "price": 1.69,
    "promoPrice": null,
    "price_per_unit": 18.78,
    "unit": "KG",
    "image": "https://s7g10.scene7.com/is/image/aldinord/product_1220051_main_cms_2_nl_nl_4_pack_belgische_chocolademousse_cw01_2024",
    "beschikbaar": true,
    "promoEnd": null,
    "link": "https://www.aldi.nl/4-pack-belgische-chocolademousse-1220051.html"
  },
  {
    "id": "1220042",
    "title": "Rosé wijn fris 1 l",
    "category": "Bier, wijn, sterke drank",
    "price": 4.29,
    "promoPrice": null,
    "price_per_unit": 4.29,
    "unit": "L",
    "image": "https://s7g10.scene7.com/is/image/aldinord/product_1220042_main_cms_4_nl_nl_rose_wijn_fris_cw01_2024",
    "beschikbaar": true,
    "promoEnd": null,
    "link": "https://www.aldi.nl/ros-wijn-fris-1220042.html"
  },
  {
    "id": "1220035",
    "title": "PURE FRUIT 6-pack appelsap 6x200 ml",
    "category": "Groente, aardappelen",
    "price": 1.77,
    "promoPrice": null,
    "price_per_unit": 8.85,
    "unit": "L",
    "image": "https://s7g10.scene7.com/is/image/aldinord/variant_1220035_1_main_cms_2_nl_nl_6_pack_appelsap_cw01_2024",
    "beschikbaar": true,
    "promoEnd": null,
    "link": "https://www.aldi.nl/6-pack-appelsap-1220035.html"
  },
  {
    "id": "1220021",
    "title": "Wilde perziken 1 kg",
    "category": "Groente, aardappelen",
    "price": 1.99,
    "promoPrice": null,
    "price_per_unit": 1.99,
    "unit": "KG",
    "image": "https://s7g10.scene7.com/is/image/aldinord/product_1220021_main_cms_4_nl_nl_wilde_perziken_cw01_2024",
    "beschikbaar": true,
    "promoEnd": null,
    "link": "https://www.aldi.nl/wilde-perziken-1220021.html"
  },
  {
    "id": "1220014",
    "title": "LACURA Douchegel 300 ml",
    "category": "Baby, verzorging",
    "price": 0.99,
    "promoPrice": null,
    "price_per_unit": 3.3,
    "unit": "L",
    "image": "https://s7g10.scene7.com/is/image/aldinord/product_1220014_main_cms_4_nl_nl_douchegel_cw01_2024",
    "beschikbaar": true,
    "promoEnd": null,
    "link": "https://www.aldi.nl/douchegel-1220014.html"
  },
  {
    "id": "1220002",
    "title": "HEERLIJCK BANKET Scharreleierkoeken Inhoud: 12 stuks, 360 g",
    "category": "Snoep, koek, chips",
    "price": 1.69,
    "promoPrice": null,
    "price_per_unit": 4.69,
    "unit": "KG",
    "image": "https://s7g10.scene7.com/is/image/aldinord/variant_1220002_1_main_cms_1_nl_nl_scharreleierkoeken_cw01_2024",
    "beschikbaar": true,
    "promoEnd": null,
    "link": "https://www.aldi.nl/scharreleierkoeken-1220002.html"
  },
  {
    "id": "1220000",
    "title": "DAYLICIOUS Taugé 125 g",
    "category": "Groente, aardappelen",
    "price": 0.99,
    "promoPrice": null,
    "price_per_unit": 7.92,
    "unit": "KG",
    "image": "https://s7g10.scene7.com/is/image/aldinord/product_1220000_main_cms_2_nl_nl_tauge_cw01_2024",
    "beschikbaar": true,
    "promoEnd": null,
    "link": "https://www.aldi.nl/taug-1220000.html"
  },
  {
    "id": "1219996",
    "title": "Bakkersgoud rustiek extra volkoren Heel",
    "category": "Brood, ontbijtgranen",
    "price": 2.09,
    "promoPrice": null,
    "price_per_unit": null,
    "unit": null,
    "image": "https://s7g10.scene7.com/is/image/aldinord/product_1219996_main_cms_5_nl_nl_bakkersgoud_rustiek_extra_volkoren_cw01_2024",
    "beschikbaar": true,
    "promoEnd": null,
    "link": "https://www.aldi.nl/bakkersgoud-rustiek-extra-volkoren-1219996.html"
  },
  {
    "id": "1219992",
    "title": "MILSANI Fruit- of volle yoghurt 1 kg",
    "category": "Zuivel, eieren",
    "price": 2.19,
    "promoPrice": null,
    "price_per_unit": 2.19,
    "unit": "KG",
    "image": "https://s7g10.scene7.com/is/image/aldinord/product_1219992_main_cms_8_nl_nl_fruit_of_volle_yoghurt_cw01_2024",
    "beschikbaar": true,
    "promoEnd": null,
    "link": "https://www.aldi.nl/fruit-of-volle-yoghurt-1219992.html"
  },
  {
    "id": "1219986",
    "title": "Perssinaasappels 2 kg",
    "category": "Groente, aardappelen",
    "price": 2.95,
    "promoPrice": 2.49,
    "price_per_unit": 1.48,
    "unit": "KG",
    "image": "https://s7g10.scene7.com/is/image/aldinord/product_1219986_main_cms_15_nl_nl_perssinaasappels_cw01_2024",
    "beschikbaar": true,
    "promoEnd": "2025-10-19",
    "link": "https://www.aldi.nl/perssinaasappels-1219986.html"
  },
  {
    "id": "1219976",
    "title": "GOLDEN SEAFOOD Gepaneerde pangasiusfilets Inhoud: 2 stuks, 300 g",
    "category": "Vlees, vis, vega",
    "price": 2.99,
    "promoPrice": null,
    "price_per_unit": 9.97,
    "unit": "KG",
    "image": "https://s7g10.scene7.com/is/image/aldinord/product_1219976_main_cms_1_nl_nl_gepaneerde_pangasiusfilets_cw01_2024",
    "beschikbaar": true,
    "promoEnd": null,
    "link": "https://www.aldi.nl/gepaneerde-pangasiusfilets-1219976.html"
  },
  {
    "id": "1219973",
    "title": "BIOCURA Dames scheersysteem Per set",
    "category": "Baby, verzorging",
    "price": 2.99,
    "promoPrice": null,
    "price_per_unit": null,
    "unit": null,
    "image": "https://s7g10.scene7.com/is/image/aldinord/variant_1219973_1_main_cms_1_nl_nl_dames_scheersysteem_cw01_2024",
    "beschikbaar": true,
    "promoEnd": null,
    "link": "https://www.aldi.nl/dames-scheersysteem-1219973.html"
  },
  {
    "id": "1219969",
    "title": "Witte wijn fris 1 l",
    "category": "Bier, wijn, sterke drank",
    "price": 4.29,
    "promoPrice": null,
    "price_per_unit": 4.29,
    "unit": "L",
    "image": "https://s7g10.scene7.com/is/image/aldinord/product_1219969_main_cms_3_nl_nl_witte_wijn_fris_cw01_2024",
    "beschikbaar": true,
    "promoEnd": null,
    "link": "https://www.aldi.nl/witte-wijn-fris-1219969.html"
  },
  {
    "id": "1219941",
    "title": "BBQ Hamburgers Inhoud: 4 stuks, 400 g",
    "category": "Vlees, vis, vega",
    "price": 4.79,
    "promoPrice": null,
    "price_per_unit": 11.98,
    "unit": "KG",
    "image": "https://s7g10.scene7.com/is/image/aldinord/variant_1219941_1_main_cms_2_nl_nl_hamburgers_cw01_2024",
    "beschikbaar": true,
    "promoEnd": null,
    "link": "https://www.aldi.nl/hamburgers-1219941.html"
  },
  {
    "id": "1219936",
    "title": "Paprikamix 3 stuks",
    "category": "Groente, aardappelen",
    "price": 1.29,
    "promoPrice": 1.29,
    "price_per_unit": null,
    "unit": null,
    "image": "https://s7g10.scene7.com/is/image/aldinord/product_1219936_main_cms_3_nl_nl_paprikamix_cw01_2024",
    "beschikbaar": true,
    "promoEnd": "2025-10-12",
    "link": "https://www.aldi.nl/paprikamix-1219936.html"
  },
  {
    "id": "1219918",
    "title": "POTATO KING Franse frites 1 kg",
    "category": "Diepvries",
    "price": 1.75,
    "promoPrice": null,
    "price_per_unit": 1.75,
    "unit": "KG",
    "image": "https://s7g10.scene7.com/is/image/aldinord/product_1219918_main_cms_2_nl_nl_franse_frites_cw01_2024",
    "beschikbaar": true,
    "promoEnd": null,
    "link": "https://www.aldi.nl/franse-frites-1219918.html"
  },
  {
    "id": "1219917",
    "title": "MILSANI Drinkyoghurt 750 ml",
    "category": "Zuivel, eieren",
    "price": 1.19,
    "promoPrice": null,
    "price_per_unit": 1.59,
    "unit": "L",
    "image": "https://s7g10.scene7.com/is/image/aldinord/product_1219917_main_cms_9_nl_nl_drinkyoghurt_cw01_2024",
    "beschikbaar": true,
    "promoEnd": null,
    "link": "https://www.aldi.nl/drinkyoghurt-1219917.html"
  },
  {
    "id": "1219908",
    "title": "Venkel Per stuk",
    "category": "Groente, aardappelen",
    "price": 0.79,
    "promoPrice": null,
    "price_per_unit": null,
    "unit": null,
    "image": "https://s7g10.scene7.com/is/image/aldinord/product_1219908_main_cms_1_nl_nl_venkel_cw01_2024",
    "beschikbaar": true,
    "promoEnd": null,
    "link": "https://www.aldi.nl/venkel-1219908.html"
  },
  {
    "id": "1219900",
    "title": "Ham-kaas croissant Per stuk",
    "category": "Brood, ontbijtgranen",
    "price": 0.89,
    "promoPrice": null,
    "price_per_unit": null,
    "unit": null,
    "image": "https://s7g10.scene7.com/is/image/aldinord/product_1219900_main_cms_6_nl_nl_ham_kaas_croissant_cw01_2024",
    "beschikbaar": true,
    "promoEnd": null,
    "link": "https://www.aldi.nl/ham-kaas-croissant-1219900.html"
  },
  {
    "id": "1219894",
    "title": "Uien 2 kg",
    "category": "Groente, aardappelen",
    "price": 1.69,
    "promoPrice": 0.99,
    "price_per_unit": 0.85,
    "unit": "KG",
    "image": "https://s7g10.scene7.com/is/image/aldinord/product_1219894_main_cms_3_nl_nl_uien_cw01_2024",
    "beschikbaar": true,
    "promoEnd": "2025-10-19",
    "link": "https://www.aldi.nl/uien-1219894.html"
  },
  {
    "id": "1219892",
    "title": "Elstar appels 1.5 kg",
    "category": "Groente, aardappelen",
    "price": 1.69,
    "promoPrice": 1.69,
    "price_per_unit": 1.13,
    "unit": "KG",
    "image": "https://s7g10.scene7.com/is/image/aldinord/product_1219892_main_cms_2_nl_nl_elstar_appels_cw01_2024",
    "beschikbaar": true,
    "promoEnd": "2025-10-12",
    "link": "https://www.aldi.nl/elstar-appels-1219892.html"
  },
  {
    "id": "1219873",
    "title": "LUCKY DOG Hondensnacks 170 g",
    "category": "Huisdieren",
    "price": 3.19,
    "promoPrice": null,
    "price_per_unit": 18.76,
    "unit": "KG",
    "image": "https://s7g10.scene7.com/is/image/aldinord/variant_1219873_2_main_cms_1_nl_nl_hondensnacks_cw01_2024",
    "beschikbaar": true,
    "promoEnd": null,
    "link": "https://www.aldi.nl/hondensnacks-1219873.html"
  },
  {
    "id": "1219864",
    "title": "SNACK FAN Oven mini snacks Inhoud: 16 stuks, 320 g",
    "category": "Snoep, koek, chips",
    "price": 3.29,
    "promoPrice": null,
    "price_per_unit": 10.28,
    "unit": "KG",
    "image": "https://s7g10.scene7.com/is/image/aldinord/variant_1219864_1_main_cms_3_nl_nl_oven_mini_snacks_cw01_2024",
    "beschikbaar": true,
    "promoEnd": null,
    "link": "https://www.aldi.nl/oven-mini-snacks-1219864.html"
  },
  {
    "id": "1219855",
    "title": "WRAPITT Aluminiumfolie Per stuk",
    "category": "Huishouden",
    "price": 2.29,
    "promoPrice": null,
    "price_per_unit": null,
    "unit": null,
    "image": "https://s7g10.scene7.com/is/image/aldinord/product_1219855_main_cms_1_nl_nl_aluminiumfolie_cw01_2024",
    "beschikbaar": true,
    "promoEnd": null,
    "link": "https://www.aldi.nl/aluminiumfolie-1219855.html"
  },
  {
    "id": "1219835",
    "title": "FORTUNE EXPRESS Sambal oelek 560 g",
    "category": "Maaltijden, salades",
    "price": 1.59,
    "promoPrice": null,
    "price_per_unit": 2.84,
    "unit": "KG",
    "image": "https://s7g10.scene7.com/is/image/aldinord/product_1219835_main_cms_2_nl_nl_sambal_oelek_cw01_2024",
    "beschikbaar": true,
    "promoEnd": null,
    "link": "https://www.aldi.nl/sambal-oelek-1219835.html"
  },
  {
    "id": "1219829",
    "title": "Hollandse geitenkaasplakken 200 g",
    "category": "Zuivel, eieren",
    "price": 3.49,
    "promoPrice": null,
    "price_per_unit": 17.45,
    "unit": "KG",
    "image": "https://s7g10.scene7.com/is/image/aldinord/product_1219829_main_cms_5_nl_nl_hollandse_geitenkaasplakken_cw01_2024",
    "beschikbaar": true,
    "promoEnd": null,
    "link": "https://www.aldi.nl/hollandse-geitenkaasplakken-1219829.html"
  },
  {
    "id": "1219816",
    "title": "DAYLICIOUS Aardappelschijfjes spek & ui 500 g",
    "category": "Groente, aardappelen",
    "price": 1.59,
    "promoPrice": 1.19,
    "price_per_unit": 3.18,
    "unit": "KG",
    "image": "https://s7g10.scene7.com/is/image/aldinord/product_1219816_main_cms_3_nl_nl_aardappelschijfjes_spek_ui_cw01_2024",
    "beschikbaar": true,
    "promoEnd": "2025-10-19",
    "link": "https://www.aldi.nl/aardappelschijfjes-spek-ui-1219816.html"
  },
  {
    "id": "1219814",
    "title": "Ananas Per stuk",
    "category": "Groente, aardappelen",
    "price": 1.99,
    "promoPrice": null,
    "price_per_unit": null,
    "unit": null,
    "image": "https://s7g10.scene7.com/is/image/aldinord/product_1219814_main_cms_3_nl_nl_ananas_cw01_2024",
    "beschikbaar": true,
    "promoEnd": null,
    "link": "https://www.aldi.nl/ananas-1219814.html"
  },
  {
    "id": "1219783",
    "title": "Citroenen 500 g",
    "category": "Groente, aardappelen",
    "price": 1.29,
    "promoPrice": null,
    "price_per_unit": 2.58,
    "unit": "KG",
    "image": "https://s7g10.scene7.com/is/image/aldinord/product_1219783_main_cms_2_nl_nl_citroenen_cw01_2024",
    "beschikbaar": true,
    "promoEnd": null,
    "link": "https://www.aldi.nl/citroenen-1219783.html"
  },
  {
    "id": "1219764",
    "title": "GOLDEN SEAFOOD Gemarineerde haring 700 g",
    "category": "Vlees, vis, vega",
    "price": 3.79,
    "promoPrice": null,
    "price_per_unit": 5.41,
    "unit": "KG",
    "image": "https://s7g10.scene7.com/is/image/aldinord/variant_1219764_1_main_cms_1_nl_nl_gemarineerde_haring_cw01_2024",
    "beschikbaar": true,
    "promoEnd": null,
    "link": "https://www.aldi.nl/gemarineerde-haring-1219764.html"
  },
  {
    "id": "1219752",
    "title": "DAYLICIOUS Boeren saladeschotel 295 g",
    "category": "Maaltijden, salades",
    "price": 2.99,
    "promoPrice": null,
    "price_per_unit": 10.14,
    "unit": "KG",
    "image": "https://s7g10.scene7.com/is/image/aldinord/product_1219752_main_cms_3_nl_nl_boeren_saladeschotel_cw01_2024",
    "beschikbaar": true,
    "promoEnd": null,
    "link": "https://www.aldi.nl/boeren-saladeschotel-1219752.html"
  },
  {
    "id": "1219749",
    "title": "SAWA Basmatirijst 1 kg",
    "category": "Maaltijden, salades",
    "price": 2.49,
    "promoPrice": null,
    "price_per_unit": 2.49,
    "unit": "KG",
    "image": "https://s7g10.scene7.com/is/image/aldinord/product_1219749_main_cms_1_nl_nl_basmatirijst_cw01_2024",
    "beschikbaar": true,
    "promoEnd": null,
    "link": "https://www.aldi.nl/basmatirijst-1219749.html"
  },
  {
    "id": "1219738",
    "title": "GIRO Pannenkoekenstroop 500 g",
    "category": "Brood, ontbijtgranen",
    "price": 1.57,
    "promoPrice": null,
    "price_per_unit": 3.14,
    "unit": "KG",
    "image": "https://s7g10.scene7.com/is/image/aldinord/product_1219738_main_cms_1_nl_nl_pannenkoekenstroop_cw01_2024",
    "beschikbaar": true,
    "promoEnd": null,
    "link": "https://www.aldi.nl/pannenkoekenstroop-1219738.html"
  },
  {
    "id": "1219737",
    "title": "Riesling Hochgewächs 0.75 l",
    "category": "Bier, wijn, sterke drank",
    "price": 4.49,
    "promoPrice": null,
    "price_per_unit": 5.99,
    "unit": "L",
    "image": "https://s7g10.scene7.com/is/image/aldinord/product_1219737_main_cms_6_nl_nl_riesling_hochgewachs_cw01_2024",
    "beschikbaar": true,
    "promoEnd": null,
    "link": "https://www.aldi.nl/riesling-hochgewchs-1219737.html"
  },
  {
    "id": "1219731",
    "title": "SAWA Pandanrijst 1 kg",
    "category": "Maaltijden, salades",
    "price": 2.09,
    "promoPrice": null,
    "price_per_unit": 2.09,
    "unit": "KG",
    "image": "https://s7g10.scene7.com/is/image/aldinord/product_1219731_main_cms_1_nl_nl_pandanrijst_cw01_2024",
    "beschikbaar": true,
    "promoEnd": null,
    "link": "https://www.aldi.nl/pandanrijst-1219731.html"
  },
  {
    "id": "1219728",
    "title": "FRESH LIFE Keelpastilles 250 g",
    "category": "Snoep, koek, chips",
    "price": 1.25,
    "promoPrice": null,
    "price_per_unit": 5.0,
    "unit": "KG",
    "image": "https://s7g10.scene7.com/is/image/aldinord/product_1219728_main_cms_3_nl_nl_keelpastilles_cw01_2024",
    "beschikbaar": true,
    "promoEnd": null,
    "link": "https://www.aldi.nl/keelpastilles-1219728.html"
  },
  {
    "id": "1219722",
    "title": "Mango Per stuk",
    "category": "Groente, aardappelen",
    "price": 1.79,
    "promoPrice": 1.29,
    "price_per_unit": null,
    "unit": null,
    "image": "https://s7g10.scene7.com/is/image/aldinord/product_1219722_main_cms_2_nl_nl_mango_cw01_2024",
    "beschikbaar": true,
    "promoEnd": "2025-10-19",
    "link": "https://www.aldi.nl/mango-1219722.html"
  },
  {
    "id": "1219712",
    "title": "MAMA MANCINI Verse gevulde pasta 250 g",
    "category": "Maaltijden, salades",
    "price": 2.59,
    "promoPrice": null,
    "price_per_unit": 10.36,
    "unit": "KG",
    "image": "https://s7g10.scene7.com/is/image/aldinord/product_1219712_main_cms_4_nl_nl_verse_gevulde_pasta_cw01_2024",
    "beschikbaar": true,
    "promoEnd": null,
    "link": "https://www.aldi.nl/verse-gevulde-pasta-1219712.html"
  },
  {
    "id": "1219709",
    "title": "KIEKEBOE Hagelslag melk 600 g",
    "category": "Brood, ontbijtgranen",
    "price": 3.29,
    "promoPrice": null,
    "price_per_unit": 5.48,
    "unit": "KG",
    "image": "https://s7g10.scene7.com/is/image/aldinord/variant_1219709_1_main_cms_2_nl_nl_hagelslag_melk_cw01_2024",
    "beschikbaar": true,
    "promoEnd": null,
    "link": "https://www.aldi.nl/hagelslag-melk-1219709.html"
  },
  {
    "id": "1219699",
    "title": "Rode kool Per stuk",
    "category": "Groente, aardappelen",
    "price": 1.49,
    "promoPrice": null,
    "price_per_unit": null,
    "unit": null,
    "image": "https://s7g10.scene7.com/is/image/aldinord/product_1219699_main_cms_3_nl_nl_rode_kool_cw01_2024",
    "beschikbaar": true,
    "promoEnd": null,
    "link": "https://www.aldi.nl/rode-kool-1219699.html"
  },
  {
    "id": "1219696",
    "title": "DE SNOEPFABRIEK Eclairs 250 g",
    "category": "Snoep, koek, chips",
    "price": 2.3,
    "promoPrice": null,
    "price_per_unit": 9.2,
    "unit": "KG",
    "image": "https://s7g10.scene7.com/is/image/aldinord/product_1219696_main_cms_1_nl_nl_eclairs_cw01_2024",
    "beschikbaar": true,
    "promoEnd": null,
    "link": "https://www.aldi.nl/eclairs-1219696.html"
  },
  {
    "id": "1219686",
    "title": "SAWA Mie nestjes 500 g",
    "category": "Maaltijden, salades",
    "price": 1.19,
    "promoPrice": null,
    "price_per_unit": 2.38,
    "unit": "KG",
    "image": "https://s7g10.scene7.com/is/image/aldinord/product_1219686_main_cms_4_nl_nl_mie_nestjes_cw01_2024",
    "beschikbaar": true,
    "promoEnd": null,
    "link": "https://www.aldi.nl/mie-nestjes-1219686.html"
  },
  {
    "id": "1219680",
    "title": "KIEKEBOE Hagelslag puur 600 g",
    "category": "Brood, ontbijtgranen",
    "price": 3.29,
    "promoPrice": null,
    "price_per_unit": 5.48,
    "unit": "KG",
    "image": "https://s7g10.scene7.com/is/image/aldinord/variant_1219680_1_main_cms_2_nl_nl_hagelslag_puur_cw01_2024",
    "beschikbaar": true,
    "promoEnd": null,
    "link": "https://www.aldi.nl/hagelslag-puur-1219680.html"
  },
  {
    "id": "1219670",
    "title": "Snacktomaten 250 g",
    "category": "Groente, aardappelen",
    "price": 1.79,
    "promoPrice": null,
    "price_per_unit": 7.16,
    "unit": "KG",
    "image": "https://s7g10.scene7.com/is/image/aldinord/product_1219670_main_cms_2_nl_nl_snacktomaten_cw01_2024",
    "beschikbaar": true,
    "promoEnd": null,
    "link": "https://www.aldi.nl/snacktomaten-1219670.html"
  },
  {
    "id": "1219669",
    "title": "HOFSTEE DE DRIE EIKEN Salami piccolini Inhoud: ca. 10 stuks, 100 g",
    "category": "Vlees, vis, vega",
    "price": 2.29,
    "promoPrice": null,
    "price_per_unit": 22.9,
    "unit": "KG",
    "image": "https://s7g10.scene7.com/is/image/aldinord/variant_1219669_1_main_cms_5_nl_nl_salami_piccolini_cw01_2024",
    "beschikbaar": true,
    "promoEnd": null,
    "link": "https://www.aldi.nl/salami-piccolini-1219669.html"
  },
  {
    "id": "1219668",
    "title": "FAIR Ruwe rietsuiker 500 g",
    "category": "Brood, ontbijtgranen",
    "price": 1.19,
    "promoPrice": null,
    "price_per_unit": 2.38,
    "unit": "KG",
    "image": "https://s7g10.scene7.com/is/image/aldinord/product_1219668_main_cms_1_nl_nl_ruwe_rietsuiker_cw01_2024",
    "beschikbaar": true,
    "promoEnd": null,
    "link": "https://www.aldi.nl/ruwe-rietsuiker-1219668.html"
  },
  {
    "id": "1219660",
    "title": "TRADER JOE'S Pijnboompitten 50 g",
    "category": "Snoep, koek, chips",
    "price": 2.49,
    "promoPrice": null,
    "price_per_unit": 49.8,
    "unit": "KG",
    "image": "https://s7g10.scene7.com/is/image/aldinord/product_1219660_main_cms_1_nl_nl_pijnboompitten_cw01_2024",
    "beschikbaar": true,
    "promoEnd": null,
    "link": "https://www.aldi.nl/pijnboompitten-1219660.html"
  },
  {
    "id": "1219643",
    "title": "GALA Jaffa cake 300 g",
    "category": "Snoep, koek, chips",
    "price": 2.29,
    "promoPrice": null,
    "price_per_unit": 7.63,
    "unit": "KG",
    "image": "https://s7g10.scene7.com/is/image/aldinord/product_1219643_main_cms_1_nl_nl_jaffa_cake_cw01_2024",
    "beschikbaar": true,
    "promoEnd": null,
    "link": "https://www.aldi.nl/jaffa-cake-1219643.html"
  },
  {
    "id": "1219634",
    "title": "Mini-pruimtrostomaten 300 g",
    "category": "Groente, aardappelen",
    "price": 2.39,
    "promoPrice": null,
    "price_per_unit": 7.97,
    "unit": "KG",
    "image": "https://s7g10.scene7.com/is/image/aldinord/product_1219634_main_cms_2_nl_nl_mini_pruimtrostomaten_cw01_2024",
    "beschikbaar": true,
    "promoEnd": null,
    "link": "https://www.aldi.nl/mini-pruimtrostomaten-1219634.html"
  },
  {
    "id": "1219628",
    "title": "ASIA GREEN GARDEN Atjar tjampoer 530 g",
    "category": "Maaltijden, salades",
    "price": 1.69,
    "promoPrice": null,
    "price_per_unit": 3.19,
    "unit": "KG",
    "image": "https://s7g10.scene7.com/is/image/aldinord/product_1219628_main_cms_4_nl_nl_atjar_tjampoer_cw01_2024",
    "beschikbaar": true,
    "promoEnd": null,
    "link": "https://www.aldi.nl/atjar-tjampoer-1219628.html"
  },
  {
    "id": "1219620",
    "title": "Radijs 250 g",
    "category": "Groente, aardappelen",
    "price": 0.79,
    "promoPrice": null,
    "price_per_unit": 3.16,
    "unit": "KG",
    "image": "https://s7g10.scene7.com/is/image/aldinord/product_1219620_main_cms_4_nl_nl_radijs_cw01_2024",
    "beschikbaar": true,
    "promoEnd": null,
    "link": "https://www.aldi.nl/radijs-1219620.html"
  },
  {
    "id": "1219617",
    "title": "Granny Smith appels 4 stuks",
    "category": "Groente, aardappelen",
    "price": 1.99,
    "promoPrice": null,
    "price_per_unit": null,
    "unit": null,
    "image": "https://s7g10.scene7.com/is/image/aldinord/product_1219617_main_cms_8_nl_nl_granny_smith_appels_cw01_2024",
    "beschikbaar": true,
    "promoEnd": null,
    "link": "https://www.aldi.nl/granny-smith-appels-1219617.html"
  },
  {
    "id": "1219612",
    "title": "EURODONT Tandpasta premium 125 ml",
    "category": "Baby, verzorging",
    "price": 0.89,
    "promoPrice": null,
    "price_per_unit": 7.12,
    "unit": "L",
    "image": "https://s7g10.scene7.com/is/image/aldinord/product_1219612_main_cms_1_nl_nl_tandpasta_premium_cw01_2024",
    "beschikbaar": true,
    "promoEnd": null,
    "link": "https://www.aldi.nl/tandpasta-premium-1219612.html"
  },
  {
    "id": "1219606",
    "title": "Eetrijpe avocado's 2 stuks",
    "category": "Groente, aardappelen",
    "price": 2.49,
    "promoPrice": null,
    "price_per_unit": null,
    "unit": null,
    "image": "https://s7g10.scene7.com/is/image/aldinord/product_1219606_main_cms_5_nl_nl_eetrijpe_avocado_s_cw01_2024",
    "beschikbaar": true,
    "promoEnd": null,
    "link": "https://www.aldi.nl/eetrijpe-avocados-1219606.html"
  },
  {
    "id": "1219603",
    "title": "Komkommer Per stuk",
    "category": "Groente, aardappelen",
    "price": 0.59,
    "promoPrice": 0.59,
    "price_per_unit": null,
    "unit": null,
    "image": "https://s7g10.scene7.com/is/image/aldinord/product_1219603_main_cms_8_nl_nl_komkommer_cw01_2024",
    "beschikbaar": true,
    "promoEnd": "2025-10-12",
    "link": "https://www.aldi.nl/komkommer-1219603.html"
  },
  {
    "id": "1219597",
    "title": "Slavinken Inhoud: 4 stuks, 400 g",
    "category": "Vlees, vis, vega",
    "price": 3.59,
    "promoPrice": null,
    "price_per_unit": 8.98,
    "unit": "KG",
    "image": "https://s7g10.scene7.com/is/image/aldinord/variant_1219597_1_main_cms_1_nl_nl_slavinken_cw01_2024",
    "beschikbaar": true,
    "promoEnd": null,
    "link": "https://www.aldi.nl/slavinken-1219597.html"
  },
  {
    "id": "1219593",
    "title": "Snickers 7-pack",
    "category": "Snoep, koek, chips",
    "price": 3.85,
    "promoPrice": null,
    "price_per_unit": null,
    "unit": null,
    "image": "https://s7g10.scene7.com/is/image/aldinord/product_1219593_main_cms_1_nl_nl_snickers_cw01_2024",
    "beschikbaar": true,
    "promoEnd": null,
    "link": "https://www.aldi.nl/snickers-1219593.html"
  },
  {
    "id": "1219570",
    "title": "DE AFBAKKER Brunchbroodjesmix Inhoud: 12 stuks, 300 g",
    "category": "Brood, ontbijtgranen",
    "price": 1.99,
    "promoPrice": null,
    "price_per_unit": 6.63,
    "unit": "KG",
    "image": "https://s7g10.scene7.com/is/image/aldinord/variant_1219570_1_main_cms_1_nl_nl_brunchbroodjesmix_cw01_2024",
    "beschikbaar": true,
    "promoEnd": null,
    "link": "https://www.aldi.nl/brunchbroodjesmix-1219570.html"
  },
  {
    "id": "1219568",
    "title": "Bospeen Per bos",
    "category": "Groente, aardappelen",
    "price": 1.49,
    "promoPrice": null,
    "price_per_unit": null,
    "unit": null,
    "image": "https://s7g10.scene7.com/is/image/aldinord/product_1219568_main_cms_1_nl_nl_bospeen_cw01_2024",
    "beschikbaar": true,
    "promoEnd": null,
    "link": "https://www.aldi.nl/bospeen-1219568.html"
  },
  {
    "id": "1219559",
    "title": "LACURA Vloeibare zeep 500 ml",
    "category": "Baby, verzorging",
    "price": 1.09,
    "promoPrice": null,
    "price_per_unit": 2.18,
    "unit": "L",
    "image": "https://s7g10.scene7.com/is/image/aldinord/variant_1219559_4_main_cms_2_nl_nl_vloeibare_zeep_cw01_2024",
    "beschikbaar": true,
    "promoEnd": null,
    "link": "https://www.aldi.nl/vloeibare-zeep-1219559.html"
  },
  {
    "id": "1219558",
    "title": "GOLDEN SEAFOOD Makreel in tomatensaus 125 g",
    "category": "Vlees, vis, vega",
    "price": 1.49,
    "promoPrice": null,
    "price_per_unit": 11.92,
    "unit": "KG",
    "image": "https://s7g10.scene7.com/is/image/aldinord/variant_1219558_1_main_cms_2_nl_nl_makreel_in_tomatensaus_cw01_2024",
    "beschikbaar": true,
    "promoEnd": null,
    "link": "https://www.aldi.nl/makreel-in-tomatensaus-1219558.html"
  },
  {
    "id": "1219554",
    "title": "Kastanjechampignons 250 g",
    "category": "Groente, aardappelen",
    "price": 1.49,
    "promoPrice": null,
    "price_per_unit": 5.96,
    "unit": "KG",
    "image": "https://s7g10.scene7.com/is/image/aldinord/product_1219554_main_cms_12_nl_nl_kastanjechampignons_cw01_2024",
    "beschikbaar": true,
    "promoEnd": null,
    "link": "https://www.aldi.nl/kastanjechampignons-1219554.html"
  },
  {
    "id": "1219536",
    "title": "Aubergine Per stuk",
    "category": "Groente, aardappelen",
    "price": 0.79,
    "promoPrice": null,
    "price_per_unit": null,
    "unit": null,
    "image": "https://s7g10.scene7.com/is/image/aldinord/product_1219536_main_cms_5_nl_nl_aubergine_cw01_2024",
    "beschikbaar": true,
    "promoEnd": null,
    "link": "https://www.aldi.nl/aubergine-1219536.html"
  },
  {
    "id": "1219528",
    "title": "Rundvleessalade 1 kg",
    "category": "Maaltijden, salades",
    "price": 2.99,
    "promoPrice": null,
    "price_per_unit": 2.99,
    "unit": "KG",
    "image": "https://s7g10.scene7.com/is/image/aldinord/product_1219528_main_cms_2_nl_nl_rundvleessalade_cw01_2024",
    "beschikbaar": true,
    "promoEnd": null,
    "link": "https://www.aldi.nl/rundvleessalade-1219528.html"
  },
  {
    "id": "1219521",
    "title": "3-pack grapefruit 3-pack",
    "category": "Groente, aardappelen",
    "price": 1.94,
    "promoPrice": null,
    "price_per_unit": null,
    "unit": null,
    "image": "https://s7g10.scene7.com/is/image/aldinord/product_1219521_main_cms_3_nl_nl_3_pack_grapefruit_cw01_2024",
    "beschikbaar": true,
    "promoEnd": null,
    "link": "https://www.aldi.nl/3-pack-grapefruit-1219521.html"
  },
  {
    "id": "1219513",
    "title": "QUICK AND EASY Maaltijdschotel 750 g",
    "category": "Snoep, koek, chips",
    "price": 3.69,
    "promoPrice": null,
    "price_per_unit": 4.92,
    "unit": "KG",
    "image": "https://s7g10.scene7.com/is/image/aldinord/product_1219513_main_cms_4_nl_nl_maaltijdschotel_cw01_2024",
    "beschikbaar": true,
    "promoEnd": null,
    "link": "https://www.aldi.nl/maaltijdschotel-1219513.html"
  },
  {
    "id": "1219494",
    "title": "DAYLICIOUS Jonge bladsla met rucola 150 g",
    "category": "Groente, aardappelen",
    "price": 2.09,
    "promoPrice": null,
    "price_per_unit": 13.93,
    "unit": "KG",
    "image": "https://s7g10.scene7.com/is/image/aldinord/product_1219494_main_cms_3_nl_nl_jonge_bladsla_met_rucola_cw01_2024",
    "beschikbaar": true,
    "promoEnd": null,
    "link": "https://www.aldi.nl/jonge-bladsla-met-rucola-1219494.html"
  },
  {
    "id": "1219475",
    "title": "Slagersknakworsten 320 g",
    "category": "Vlees, vis, vega",
    "price": 2.92,
    "promoPrice": null,
    "price_per_unit": 9.13,
    "unit": "KG",
    "image": "https://s7g10.scene7.com/is/image/aldinord/variant_1219475_1_main_cms_1_nl_nl_slagersknakworsten_cw01_2024",
    "beschikbaar": true,
    "promoEnd": null,
    "link": "https://www.aldi.nl/slagersknakworsten-1219475.html"
  },
  {
    "id": "1219458",
    "title": "Groene asperges 350 g",
    "category": "Groente, aardappelen",
    "price": 3.69,
    "promoPrice": null,
    "price_per_unit": 10.54,
    "unit": "KG",
    "image": "https://s7g10.scene7.com/is/image/aldinord/product_1219458_main_cms_25_nl_nl_groene_asperges_cw01_2024",
    "beschikbaar": true,
    "promoEnd": null,
    "link": "https://www.aldi.nl/groene-asperges-1219458.html"
  },
  {
    "id": "1219456",
    "title": "ALBONA Appeltaartmix 440 g",
    "category": "Brood, ontbijtgranen",
    "price": 0.67,
    "promoPrice": null,
    "price_per_unit": 1.52,
    "unit": "KG",
    "image": "https://s7g10.scene7.com/is/image/aldinord/product_1219456_main_cms_2_nl_nl_appeltaartmix_cw01_2024",
    "beschikbaar": true,
    "promoEnd": null,
    "link": "https://www.aldi.nl/appeltaartmix-1219456.html"
  },
  {
    "id": "1219453",
    "title": "Extra grote kruimige aardappelen 3 kg",
    "category": "Groente, aardappelen",
    "price": 2.89,
    "promoPrice": null,
    "price_per_unit": 0.96,
    "unit": "KG",
    "image": "https://s7g10.scene7.com/is/image/aldinord/product_1219453_main_cms_4_nl_nl_extra_grote_kruimige_aardappelen_cw01_2024",
    "beschikbaar": true,
    "promoEnd": null,
    "link": "https://www.aldi.nl/extra-grote-kruimige-aardappelen-1219453.html"
  },
  {
    "id": "1219447",
    "title": "Mueslibollen 4 stuks",
    "category": "Brood, ontbijtgranen",
    "price": 1.79,
    "promoPrice": null,
    "price_per_unit": null,
    "unit": null,
    "image": "https://s7g10.scene7.com/is/image/aldinord/variant_1219447_1_main_cms_1_nl_nl_mueslibollen_cw01_2024",
    "beschikbaar": true,
    "promoEnd": null,
    "link": "https://www.aldi.nl/mueslibollen-1219447.html"
  },
  {
    "id": "1219445",
    "title": "Bloemkool Per stuk",
    "category": "Groente, aardappelen",
    "price": 0.65,
    "promoPrice": null,
    "price_per_unit": null,
    "unit": null,
    "image": "https://s7g10.scene7.com/is/image/aldinord/product_1219445_main_cms_10_nl_nl_bloemkool_cw01_2024",
    "beschikbaar": true,
    "promoEnd": null,
    "link": "https://www.aldi.nl/bloemkool-1219445.html"
  },
  {
    "id": "1219442",
    "title": "Trostomaten Per kilo",
    "category": "Groente, aardappelen",
    "price": 1.49,
    "promoPrice": 1.49,
    "price_per_unit": 1.49,
    "unit": "KG",
    "image": "https://s7g10.scene7.com/is/image/aldinord/product_1219442_main_cms_1_nl_nl_trostomaten_cw01_2024",
    "beschikbaar": true,
    "promoEnd": "2025-10-12",
    "link": "https://www.aldi.nl/trostomaten-1219442.html"
  },
  {
    "id": "1219437",
    "title": "POTATO KING Zoete aardappelfriet 450 g",
    "category": "Diepvries",
    "price": null,
    "promoPrice": null,
    "price_per_unit": null,
    "unit": null,
    "image": "https://s7g10.scene7.com/is/image/aldinord/product_1219437_main_cms_3_nl_nl_zoete_aardappelfriet_cw01_2024",
    "beschikbaar": true,
    "promoEnd": null,
    "link": "https://www.aldi.nl/zoete-aardappelfriet-1219437.html"
  },
  {
    "id": "1219424",
    "title": "ALEXIS Kattenbakvulling Per zak",
    "category": "Huisdieren",
    "price": 3.89,
    "promoPrice": null,
    "price_per_unit": null,
    "unit": null,
    "image": "https://s7g10.scene7.com/is/image/aldinord/product_1219424_main_cms_1_nl_nl_kattenbakvulling_cw01_2024",
    "beschikbaar": true,
    "promoEnd": null,
    "link": "https://www.aldi.nl/kattenbakvulling-1219424.html"
  },
  {
    "id": "1219402",
    "title": "ALL SEASONS Rode kool met appel 340 g",
    "category": "Groente, aardappelen",
    "price": 0.59,
    "promoPrice": null,
    "price_per_unit": 1.74,
    "unit": "KG",
    "image": "https://s7g10.scene7.com/is/image/aldinord/product_1219402_main_cms_4_nl_nl_rode_kool_met_appel_cw01_2024",
    "beschikbaar": true,
    "promoEnd": null,
    "link": "https://www.aldi.nl/rode-kool-met-appel-1219402.html"
  },
  {
    "id": "1219398",
    "title": "Stokbrood Per stuk",
    "category": "Brood, ontbijtgranen",
    "price": 0.99,
    "promoPrice": null,
    "price_per_unit": null,
    "unit": null,
    "image": "https://s7g10.scene7.com/is/image/aldinord/product_1219398_main_cms_4_nl_nl_stokbrood_cw01_2024",
    "beschikbaar": true,
    "promoEnd": null,
    "link": "https://www.aldi.nl/stokbrood-1219398.html"
  },
  {
    "id": "1219397",
    "title": "FEE Geconcentreerde wasverzachter 60 wasbeurten",
    "category": "Huishouden",
    "price": 2.18,
    "promoPrice": null,
    "price_per_unit": null,
    "unit": null,
    "image": "https://s7g10.scene7.com/is/image/aldinord/variant_1219397_2_main_cms_1_nl_nl_geconcentreerde_wasverzachter_cw01_2024",
    "beschikbaar": true,
    "promoEnd": null,
    "link": "https://www.aldi.nl/geconcentreerde-wasverzachter-1219397.html"
  },
  {
    "id": "1219396",
    "title": "Roma tomaten 750 g",
    "category": "Groente, aardappelen",
    "price": 2.39,
    "promoPrice": null,
    "price_per_unit": 3.19,
    "unit": "KG",
    "image": "https://s7g10.scene7.com/is/image/aldinord/product_1219396_main_cms_7_nl_nl_roma_tomaten_cw01_2024",
    "beschikbaar": true,
    "promoEnd": null,
    "link": "https://www.aldi.nl/roma-tomaten-1219396.html"
  },
  {
    "id": "1219382",
    "title": "Courgette Per stuk",
    "category": "Groente, aardappelen",
    "price": 0.55,
    "promoPrice": null,
    "price_per_unit": null,
    "unit": null,
    "image": "https://s7g10.scene7.com/is/image/aldinord/product_1219382_main_cms_5_nl_nl_courgette_cw01_2024",
    "beschikbaar": true,
    "promoEnd": null,
    "link": "https://www.aldi.nl/courgette-1219382.html"
  },
  {
    "id": "1219379",
    "title": "Bananen Per kg",
    "category": "Groente, aardappelen",
    "price": 1.29,
    "promoPrice": 0.99,
    "price_per_unit": null,
    "unit": null,
    "image": "https://s7g10.scene7.com/is/image/aldinord/product_1219379_main_cms_5_nl_nl_bananen_cw01_2024",
    "beschikbaar": true,
    "promoEnd": "2025-10-19",
    "link": "https://www.aldi.nl/bananen-1219379.html"
  },
  {
    "id": "1219371",
    "title": "Spruiten 750 g",
    "category": "Groente, aardappelen",
    "price": 0.99,
    "promoPrice": 0.99,
    "price_per_unit": 1.32,
    "unit": "KG",
    "image": "https://s7g10.scene7.com/is/image/aldinord/product_1219371_main_cms_5_nl_nl_spruiten_cw01_2024",
    "beschikbaar": true,
    "promoEnd": "2025-10-12",
    "link": "https://www.aldi.nl/spruiten-1219371.html"
  },
  {
    "id": "1219368",
    "title": "ALL SEASONS Witte bonen in tomatensaus 370 ml",
    "category": "Groente, aardappelen",
    "price": 0.69,
    "promoPrice": null,
    "price_per_unit": 1.86,
    "unit": "L",
    "image": "https://s7g10.scene7.com/is/image/aldinord/product_1219368_main_cms_4_nl_nl_witte_bonen_in_tomatensaus_cw01_2024",
    "beschikbaar": true,
    "promoEnd": null,
    "link": "https://www.aldi.nl/witte-bonen-in-tomatensaus-1219368.html"
  },
  {
    "id": "1219363",
    "title": "Krulpeterselie 20 g",
    "category": "Groente, aardappelen",
    "price": 0.69,
    "promoPrice": null,
    "price_per_unit": null,
    "unit": null,
    "image": "https://s7g10.scene7.com/is/image/aldinord/product_1219363_main_cms_2_nl_nl_krulpeterselie_cw01_2024",
    "beschikbaar": true,
    "promoEnd": null,
    "link": "https://www.aldi.nl/krulpeterselie-1219363.html"
  },
  {
    "id": "1219347",
    "title": "ALL SEASONS 12-pack appelmoeskuipjes 12x100 g",
    "category": "Groente, aardappelen",
    "price": 2.49,
    "promoPrice": null,
    "price_per_unit": 24.9,
    "unit": "KG",
    "image": "https://s7g10.scene7.com/is/image/aldinord/product_1219347_main_cms_2_nl_nl_12_pack_appelmoeskuipjes_cw01_2024",
    "beschikbaar": true,
    "promoEnd": null,
    "link": "https://www.aldi.nl/12-pack-appelmoeskuipjes-1219347.html"
  },
  {
    "id": "1219345",
    "title": "Quarterpounders Inhoud: 4 stuks, 500 g",
    "category": "Vlees, vis, vega",
    "price": 5.49,
    "promoPrice": null,
    "price_per_unit": 10.98,
    "unit": "KG",
    "image": "https://s7g10.scene7.com/is/image/aldinord/product_1219345_main_cms_2_nl_nl_quarterpounders_cw01_2024",
    "beschikbaar": true,
    "promoEnd": null,
    "link": "https://www.aldi.nl/quarterpounders-1219345.html"
  },
  {
    "id": "1219343",
    "title": "DAYLICIOUS IJsbergsla 200 g",
    "category": "Groente, aardappelen",
    "price": 0.99,
    "promoPrice": null,
    "price_per_unit": 4.95,
    "unit": "KG",
    "image": "https://s7g10.scene7.com/is/image/aldinord/product_1219343_main_cms_2_nl_nl_ijsbergsla_cw01_2024",
    "beschikbaar": true,
    "promoEnd": null,
    "link": "https://www.aldi.nl/ijsbergsla-1219343.html"
  },
  {
    "id": "1219341",
    "title": "Nectarines 1 kg",
    "category": "Groente, aardappelen",
    "price": 1.99,
    "promoPrice": null,
    "price_per_unit": 1.99,
    "unit": "KG",
    "image": "https://s7g10.scene7.com/is/image/aldinord/product_1219341_main_cms_11_nl_nl_nectarines_cw01_2024",
    "beschikbaar": true,
    "promoEnd": null,
    "link": "https://www.aldi.nl/nectarines-1219341.html"
  },
  {
    "id": "1219340",
    "title": "Wortels 1 kg",
    "category": "Groente, aardappelen",
    "price": 0.99,
    "promoPrice": 1.5,
    "price_per_unit": 0.99,
    "unit": "KG",
    "image": "https://s7g10.scene7.com/is/image/aldinord/product_1219340_main_cms_1_nl_nl_wortels_cw01_2024",
    "beschikbaar": true,
    "promoEnd": "2025-10-19",
    "link": "https://www.aldi.nl/wortels-1219340.html"
  },
  {
    "id": "1219334",
    "title": "CUCINA NOBILE 4-pack tiramisu 4x80 g",
    "category": "Zuivel, eieren",
    "price": 2.59,
    "promoPrice": null,
    "price_per_unit": 32.38,
    "unit": "KG",
    "image": "https://s7g10.scene7.com/is/image/aldinord/variant_1219334_1_main_cms_2_nl_nl_4_pack_tiramisu_cw01_2024",
    "beschikbaar": true,
    "promoEnd": null,
    "link": "https://www.aldi.nl/4-pack-tiramisu-1219334.html"
  },
  {
    "id": "1219324",
    "title": "Mandarijnen 1 kg",
    "category": "Groente, aardappelen",
    "price": 2.29,
    "promoPrice": null,
    "price_per_unit": 2.29,
    "unit": "KG",
    "image": "https://s7g10.scene7.com/is/image/aldinord/product_1219324_main_cms_9_nl_nl_mandarijnen_cw01_2024",
    "beschikbaar": true,
    "promoEnd": null,
    "link": "https://www.aldi.nl/mandarijnen-1219324.html"
  },
  {
    "id": "1219323",
    "title": "Witlof 500 g",
    "category": "Groente, aardappelen",
    "price": 1.25,
    "promoPrice": null,
    "price_per_unit": 2.5,
    "unit": "KG",
    "image": "https://s7g10.scene7.com/is/image/aldinord/product_1219323_main_cms_16_nl_nl_witlof_cw01_2024",
    "beschikbaar": true,
    "promoEnd": null,
    "link": "https://www.aldi.nl/witlof-1219323.html"
  },
  {
    "id": "1219308",
    "title": "MILSANI Verse halfvolle melk 2 l",
    "category": "Zuivel, eieren",
    "price": 1.78,
    "promoPrice": null,
    "price_per_unit": 0.89,
    "unit": "L",
    "image": "https://s7g10.scene7.com/is/image/aldinord/product_1219308_main_cms_3_nl_nl_verse_halfvolle_melk_cw01_2024",
    "beschikbaar": true,
    "promoEnd": null,
    "link": "https://www.aldi.nl/verse-halfvolle-melk-1219308.html"
  },
  {
    "id": "1219299",
    "title": "Tomaten 500 g",
    "category": "Groente, aardappelen",
    "price": 1.49,
    "promoPrice": null,
    "price_per_unit": 2.98,
    "unit": "KG",
    "image": "https://s7g10.scene7.com/is/image/aldinord/product_1219299_main_cms_6_nl_nl_tomaten_cw01_2024",
    "beschikbaar": true,
    "promoEnd": null,
    "link": "https://www.aldi.nl/tomaten-1219299.html"
  },
  {
    "id": "1219290",
    "title": "EURODONT 2-pack kindertandenborstels 2-pack",
    "category": "Baby, verzorging",
    "price": 1.39,
    "promoPrice": null,
    "price_per_unit": null,
    "unit": null,
    "image": "https://s7g10.scene7.com/is/image/aldinord/variant_1219290_3_main_cms_1_nl_nl_2_pack_kindertandenborstels_cw01_2024",
    "beschikbaar": true,
    "promoEnd": null,
    "link": "https://www.aldi.nl/2-pack-kindertandenborstels-1219290.html"
  },
  {
    "id": "1219272",
    "title": "Sperziebonen 500 g",
    "category": "Groente, aardappelen",
    "price": 1.49,
    "promoPrice": null,
    "price_per_unit": 2.98,
    "unit": "KG",
    "image": "https://s7g10.scene7.com/is/image/aldinord/product_1219272_main_cms_11_nl_nl_sperziebonen_cw01_2024",
    "beschikbaar": true,
    "promoEnd": null,
    "link": "https://www.aldi.nl/sperziebonen-1219272.html"
  },
  {
    "id": "1219260",
    "title": "Broccoli 500 g",
    "category": "Groente, aardappelen",
    "price": 0.99,
    "promoPrice": null,
    "price_per_unit": 1.98,
    "unit": "KG",
    "image": "https://s7g10.scene7.com/is/image/aldinord/product_1219260_main_cms_1_nl_nl_broccoli_cw01_2024",
    "beschikbaar": true,
    "promoEnd": null,
    "link": "https://www.aldi.nl/broccoli-1219260.html"
  },
  {
    "id": "1219252",
    "title": "MILSANI Halfvolle koffiemelk 464 ml",
    "category": "Zuivel, eieren",
    "price": 0.99,
    "promoPrice": null,
    "price_per_unit": 2.13,
    "unit": "L",
    "image": "https://s7g10.scene7.com/is/image/aldinord/product_1219252_main_cms_2_nl_nl_halfvolle_koffiemelk_cw01_2024",
    "beschikbaar": true,
    "promoEnd": null,
    "link": "https://www.aldi.nl/halfvolle-koffiemelk-1219252.html"
  },
  {
    "id": "1219240",
    "title": "DR. OETKER Ristorante pizza Hawaii 335 g",
    "category": "Snoep, koek, chips",
    "price": null,
    "promoPrice": null,
    "price_per_unit": null,
    "unit": null,
    "image": "https://s7g10.scene7.com/is/image/aldinord/variant_1219240_1_main_cms_1_nl_nl_ristorante_pizza_hawaii_cw01_2024",
    "beschikbaar": true,
    "promoEnd": null,
    "link": "https://www.aldi.nl/ristorante-pizza-hawaii-1219240.html"
  },
  {
    "id": "1219237",
    "title": "TRADER JOE'S Pinda's 250 g",
    "category": "Snoep, koek, chips",
    "price": 0.99,
    "promoPrice": null,
    "price_per_unit": 3.96,
    "unit": "KG",
    "image": "https://s7g10.scene7.com/is/image/aldinord/variant_1219237_1_main_cms_1_nl_nl_pinda_s_cw01_2024",
    "beschikbaar": true,
    "promoEnd": null,
    "link": "https://www.aldi.nl/pindas-1219237.html"
  },
  {
    "id": "1219236",
    "title": "ALL SEASONS Tuinerwten 450 g",
    "category": "Groente, aardappelen",
    "price": 0.84,
    "promoPrice": null,
    "price_per_unit": 1.87,
    "unit": "KG",
    "image": "https://s7g10.scene7.com/is/image/aldinord/variant_1219236_1_main_cms_4_nl_nl_tuinerwten_cw01_2024",
    "beschikbaar": true,
    "promoEnd": null,
    "link": "https://www.aldi.nl/tuinerwten-1219236.html"
  },
  {
    "id": "1219224",
    "title": "Pitloze rode druiven 500 g",
    "category": "Groente, aardappelen",
    "price": 1.69,
    "promoPrice": 1.69,
    "price_per_unit": 3.38,
    "unit": "KG",
    "image": "https://s7g10.scene7.com/is/image/aldinord/product_1219224_main_cms_18_nl_nl_pitloze_rode_druiven_cw01_2024",
    "beschikbaar": true,
    "promoEnd": "2025-10-12",
    "link": "https://www.aldi.nl/pitloze-rode-druiven-1219224.html"
  },
  {
    "id": "1219201",
    "title": "Hollandse aardbeien 400 g",
    "category": "Groente, aardappelen",
    "price": 2.99,
    "promoPrice": null,
    "price_per_unit": 11.96,
    "unit": "KG",
    "image": "https://s7g10.scene7.com/is/image/aldinord/product_1219201_main_cms_5_nl_nl_hollandse_aardbeien_cw01_2024",
    "beschikbaar": true,
    "promoEnd": null,
    "link": "https://www.aldi.nl/hollandse-aardbeien-1219201.html"
  },
  {
    "id": "1219189",
    "title": "MILSANI Kookroom 250 ml",
    "category": "Zuivel, eieren",
    "price": 0.99,
    "promoPrice": null,
    "price_per_unit": 3.96,
    "unit": "L",
    "image": "https://s7g10.scene7.com/is/image/aldinord/variant_1219189_1_main_cms_1_nl_nl_kookroom_cw01_2024",
    "beschikbaar": true,
    "promoEnd": null,
    "link": "https://www.aldi.nl/kookroom-1219189.html"
  },
  {
    "id": "1219176",
    "title": "MILSANI Crème fraîche 200 ml",
    "category": "Zuivel, eieren",
    "price": 0.99,
    "promoPrice": null,
    "price_per_unit": 4.95,
    "unit": "L",
    "image": "https://s7g10.scene7.com/is/image/aldinord/variant_1219176_1_main_cms_2_nl_nl_creme_fraiche_cw01_2024",
    "beschikbaar": true,
    "promoEnd": null,
    "link": "https://www.aldi.nl/crme-frache-1219176.html"
  },
  {
    "id": "1219173",
    "title": "MOLENLAND Goudse kaas 30+ Toscaanse kruiden en komijn Inhoud: ca. 6 plakken, 200 g",
    "category": "Zuivel, eieren",
    "price": 2.79,
    "promoPrice": null,
    "price_per_unit": 13.95,
    "unit": "KG",
    "image": "https://s7g10.scene7.com/is/image/aldinord/product_1219173_main_cms_7_nl_nl_goudse_kaas_30_toscaanse_kruiden_en_komi_cw01_2024",
    "beschikbaar": true,
    "promoEnd": null,
    "link": "https://www.aldi.nl/goudse-kaas-30-toscaanse-kruiden-en-komijn-1219173.html"
  },
  {
    "id": "1219150",
    "title": "MAMA MANCINI Pizza salami Inhoud: 2 stuks, 640 g",
    "category": "Snoep, koek, chips",
    "price": 3.49,
    "promoPrice": null,
    "price_per_unit": 5.45,
    "unit": "KG",
    "image": "https://s7g10.scene7.com/is/image/aldinord/variant_1219150_1_main_cms_1_nl_nl_pizza_salami_cw01_2024",
    "beschikbaar": true,
    "promoEnd": null,
    "link": "https://www.aldi.nl/pizza-salami-1219150.html"
  },
  {
    "id": "1219126",
    "title": "Elstar appels Per kg",
    "category": "Groente, aardappelen",
    "price": 1.89,
    "promoPrice": null,
    "price_per_unit": null,
    "unit": null,
    "image": "https://s7g10.scene7.com/is/image/aldinord/product_1219126_main_cms_2_nl_nl_elstar_appels_cw01_2024",
    "beschikbaar": true,
    "promoEnd": null,
    "link": "https://www.aldi.nl/elstar-appels-1219126.html"
  },
  {
    "id": "1219124",
    "title": "TASTY PLANET Bami goreng 750 g",
    "category": "Snoep, koek, chips",
    "price": 3.69,
    "promoPrice": null,
    "price_per_unit": 4.92,
    "unit": "KG",
    "image": "https://s7g10.scene7.com/is/image/aldinord/variant_1219124_1_main_cms_1_nl_nl_bami_goreng_cw01_2024",
    "beschikbaar": true,
    "promoEnd": null,
    "link": "https://www.aldi.nl/bami-goreng-1219124.html"
  },
  {
    "id": "1219108",
    "title": "Witte mini-puntjes 10 stuks",
    "category": "Brood, ontbijtgranen",
    "price": 0.99,
    "promoPrice": 0.99,
    "price_per_unit": null,
    "unit": null,
    "image": "https://s7g10.scene7.com/is/image/aldinord/variant_1219108_1_main_cms_1_nl_nl_witte_mini_puntjes_cw01_2024",
    "beschikbaar": true,
    "promoEnd": "2025-10-12",
    "link": "https://www.aldi.nl/witte-mini-puntjes-1219108.html"
  },
  {
    "id": "1219105",
    "title": "EURODONT Mondwater 500 ml",
    "category": "Baby, verzorging",
    "price": 1.49,
    "promoPrice": null,
    "price_per_unit": 2.98,
    "unit": "L",
    "image": "https://s7g10.scene7.com/is/image/aldinord/product_1219105_main_cms_2_nl_nl_mondwater_cw01_2024",
    "beschikbaar": true,
    "promoEnd": null,
    "link": "https://www.aldi.nl/mondwater-1219105.html"
  },
  {
    "id": "1219097",
    "title": "SUN SNACKS Stapelchips 175 g",
    "category": "Snoep, koek, chips",
    "price": 1.59,
    "promoPrice": null,
    "price_per_unit": 9.09,
    "unit": "KG",
    "image": "https://s7g10.scene7.com/is/image/aldinord/product_1219097_main_cms_2_nl_nl_stapelchips_cw01_2024",
    "beschikbaar": true,
    "promoEnd": null,
    "link": "https://www.aldi.nl/stapelchips-1219097.html"
  },
  {
    "id": "1219085",
    "title": "GOLDEN SEAFOOD Wokgarnalen 200 g",
    "category": "Vlees, vis, vega",
    "price": 4.69,
    "promoPrice": null,
    "price_per_unit": 23.45,
    "unit": "KG",
    "image": "https://s7g10.scene7.com/is/image/aldinord/product_1219085_main_cms_12_nl_nl_wokgarnalen_cw01_2024",
    "beschikbaar": true,
    "promoEnd": null,
    "link": "https://www.aldi.nl/wokgarnalen-1219085.html"
  },
  {
    "id": "1219064",
    "title": "Gemarineerde filetlapjes tandoori 375 g",
    "category": "Vlees, vis, vega",
    "price": 3.98,
    "promoPrice": null,
    "price_per_unit": 10.61,
    "unit": "KG",
    "image": "https://s7g10.scene7.com/is/image/aldinord/variant_1219064_1_main_cms_1_nl_nl_gemarineerde_filetlapjes_tandoori_cw01_2024",
    "beschikbaar": true,
    "promoEnd": null,
    "link": "https://www.aldi.nl/gemarineerde-filetlapjes-tandoori-1219064.html"
  },
  {
    "id": "1219063",
    "title": "MILSANI Yoghurt met crisp 175 g",
    "category": "Zuivel, eieren",
    "price": 0.89,
    "promoPrice": null,
    "price_per_unit": 5.09,
    "unit": "KG",
    "image": "https://s7g10.scene7.com/is/image/aldinord/product_1219063_main_cms_4_nl_nl_yoghurt_met_crisp_cw01_2024",
    "beschikbaar": true,
    "promoEnd": null,
    "link": "https://www.aldi.nl/yoghurt-met-crisp-1219063.html"
  },
  {
    "id": "1219056",
    "title": "Handsinaasappels 2 kg",
    "category": "Groente, aardappelen",
    "price": 2.99,
    "promoPrice": null,
    "price_per_unit": 1.5,
    "unit": "KG",
    "image": "https://s7g10.scene7.com/is/image/aldinord/product_1219056_main_cms_1_nl_nl_handsinaasappels_cw01_2024",
    "beschikbaar": true,
    "promoEnd": null,
    "link": "https://www.aldi.nl/handsinaasappels-1219056.html"
  },
  {
    "id": "1219039",
    "title": "SNACK FAN Mini snacks Inhoud: ca. 36 stuks, 648 g",
    "category": "Snoep, koek, chips",
    "price": 3.49,
    "promoPrice": null,
    "price_per_unit": 5.39,
    "unit": "KG",
    "image": "https://s7g10.scene7.com/is/image/aldinord/variant_1219039_1_main_cms_1_nl_nl_mini_snacks_cw01_2024",
    "beschikbaar": true,
    "promoEnd": null,
    "link": "https://www.aldi.nl/mini-snacks-1219039.html"
  },
  {
    "id": "1219037",
    "title": "DAYLICIOUS Chinese roerbakmix 400 g",
    "category": "Groente, aardappelen",
    "price": 1.99,
    "promoPrice": null,
    "price_per_unit": 4.98,
    "unit": "KG",
    "image": "https://s7g10.scene7.com/is/image/aldinord/product_1219037_main_cms_3_nl_nl_chinese_roerbakmix_cw01_2024",
    "beschikbaar": true,
    "promoEnd": null,
    "link": "https://www.aldi.nl/chinese-roerbakmix-1219037.html"
  },
  {
    "id": "1219029",
    "title": "WERELDPIZZA Turkse pizza 4 stuks",
    "category": "Snoep, koek, chips",
    "price": 3.35,
    "promoPrice": null,
    "price_per_unit": null,
    "unit": null,
    "image": "https://s7g10.scene7.com/is/image/aldinord/variant_1219029_1_main_cms_1_nl_nl_turkse_pizza_cw01_2024",
    "beschikbaar": true,
    "promoEnd": null,
    "link": "https://www.aldi.nl/turkse-pizza-1219029.html"
  },
  {
    "id": "1219022",
    "title": "Platte peterselie 20 g",
    "category": "Maaltijden, salades",
    "price": 0.49,
    "promoPrice": null,
    "price_per_unit": 24.5,
    "unit": "KG",
    "image": "https://s7g10.scene7.com/is/image/aldinord/product_1219022_main_cms_2_nl_nl_platte_peterselie_cw01_2024",
    "beschikbaar": true,
    "promoEnd": null,
    "link": "https://www.aldi.nl/platte-peterselie-1219022.html"
  },
  {
    "id": "1219018",
    "title": "MUCCI Cacaosticks Inhoud: 12 stuks, 408 g",
    "category": "Speciaal assortiment",
    "price": null,
    "promoPrice": null,
    "price_per_unit": null,
    "unit": null,
    "image": "https://s7g10.scene7.com/is/image/aldinord/product_1219018_main_cms_2_nl_nl_cacaosticks_cw01_2024",
    "beschikbaar": true,
    "promoEnd": null,
    "link": "https://www.aldi.nl/cacaosticks-1219018.html"
  },
  {
    "id": "1219007",
    "title": "DE VLEESMEESTERS Rundvleeshamburgers Inhoud: 12 stuks, 900 g",
    "category": "Vlees, vis, vega",
    "price": 8.29,
    "promoPrice": null,
    "price_per_unit": 9.21,
    "unit": "KG",
    "image": "https://s7g10.scene7.com/is/image/aldinord/variant_1219007_1_main_cms_1_nl_nl_rundvleeshamburgers_cw01_2024",
    "beschikbaar": true,
    "promoEnd": null,
    "link": "https://www.aldi.nl/rundvleeshamburgers-1219007.html"
  },
  {
    "id": "1219000",
    "title": "DE HETE KETEL Tomatencrème- of Chinese tomatensoep 800 ml",
    "category": "Maaltijden, salades",
    "price": 1.99,
    "promoPrice": null,
    "price_per_unit": 2.49,
    "unit": "L",
    "image": "https://s7g10.scene7.com/is/image/aldinord/product_1219000_main_cms_9_nl_nl_tomatencreme_of_chinese_tomatensoep_cw01_2024",
    "beschikbaar": true,
    "promoEnd": null,
    "link": "https://www.aldi.nl/tomatencrme-of-chinese-tomatensoep-1219000.html"
  },
  {
    "id": "1218986",
    "title": "DAYLICIOUS 4-pack ambachtelijke rundvleesslaatjes 4x140 g",
    "category": "Maaltijden, salades",
    "price": 3.49,
    "promoPrice": null,
    "price_per_unit": 24.93,
    "unit": "KG",
    "image": "https://s7g10.scene7.com/is/image/aldinord/product_1218986_main_cms_5_nl_nl_4_pack_ambachtelijke_rundvleesslaatjes_cw01_2024",
    "beschikbaar": true,
    "promoEnd": null,
    "link": "https://www.aldi.nl/4-pack-ambachtelijke-rundvleesslaatjes-1218986.html"
  },
  {
    "id": "1218980",
    "title": "BIO Biologische vastkokende aardappelen 2 kg",
    "category": "Groente, aardappelen",
    "price": 3.29,
    "promoPrice": null,
    "price_per_unit": 1.65,
    "unit": "KG",
    "image": "https://s7g10.scene7.com/is/image/aldinord/product_1218980_main_cms_2_nl_nl_biologische_vastkokende_aardappelen_cw01_2024",
    "beschikbaar": true,
    "promoEnd": null,
    "link": "https://www.aldi.nl/biologische-vastkokende-aardappelen-1218980.html"
  },
  {
    "id": "1218979",
    "title": "HEERLIJCK BANKET Mini-stroopwafels 300 g",
    "category": "Snoep, koek, chips",
    "price": 2.39,
    "promoPrice": null,
    "price_per_unit": 7.97,
    "unit": "KG",
    "image": "https://s7g10.scene7.com/is/image/aldinord/product_1218979_main_cms_1_nl_nl_mini_stroopwafels_cw01_2024",
    "beschikbaar": true,
    "promoEnd": null,
    "link": "https://www.aldi.nl/mini-stroopwafels-1218979.html"
  },
  {
    "id": "1218976",
    "title": "MILSANI Kruidenboter 100 g",
    "category": "Zuivel, eieren",
    "price": 1.35,
    "promoPrice": null,
    "price_per_unit": 13.5,
    "unit": "KG",
    "image": "https://s7g10.scene7.com/is/image/aldinord/product_1218976_main_cms_2_nl_nl_kruidenboter_cw01_2024",
    "beschikbaar": true,
    "promoEnd": null,
    "link": "https://www.aldi.nl/kruidenboter-1218976.html"
  },
  {
    "id": "1218970",
    "title": "Mars 7-pack",
    "category": "Snoep, koek, chips",
    "price": 4.19,
    "promoPrice": null,
    "price_per_unit": null,
    "unit": null,
    "image": "https://s7g10.scene7.com/is/image/aldinord/product_1218970_main_cms_1_nl_nl_mars_cw01_2024",
    "beschikbaar": true,
    "promoEnd": null,
    "link": "https://www.aldi.nl/mars-1218970.html"
  },
  {
    "id": "1218969",
    "title": "DAYLICIOUS Rauwkostsalade wortel-witte kool 400 g",
    "category": "Maaltijden, salades",
    "price": 1.79,
    "promoPrice": null,
    "price_per_unit": 4.48,
    "unit": "KG",
    "image": "https://s7g10.scene7.com/is/image/aldinord/product_1218969_main_cms_4_nl_nl_rauwkostsalade_wortel_witte_kool_cw01_2024",
    "beschikbaar": true,
    "promoEnd": null,
    "link": "https://www.aldi.nl/rauwkostsalade-wortel-witte-kool-1218969.html"
  },
  {
    "id": "1218966",
    "title": "SNACK FAN Kipnuggets Inhoud: ca. 28 stuks, 500 g",
    "category": "Snoep, koek, chips",
    "price": 2.99,
    "promoPrice": null,
    "price_per_unit": 5.98,
    "unit": "KG",
    "image": "https://s7g10.scene7.com/is/image/aldinord/variant_1218966_1_main_cms_1_nl_nl_kipnuggets_cw01_2024",
    "beschikbaar": true,
    "promoEnd": null,
    "link": "https://www.aldi.nl/kipnuggets-1218966.html"
  },
  {
    "id": "1218963",
    "title": "Appelflap Per stuk",
    "category": "Brood, ontbijtgranen",
    "price": 0.89,
    "promoPrice": null,
    "price_per_unit": null,
    "unit": null,
    "image": "https://s7g10.scene7.com/is/image/aldinord/product_1218963_main_cms_1_nl_nl_appelflap_cw01_2024",
    "beschikbaar": true,
    "promoEnd": null,
    "link": "https://www.aldi.nl/appelflap-1218963.html"
  },
  {
    "id": "1218931",
    "title": "ALBONA Bakpoeder 150 g",
    "category": "Brood, ontbijtgranen",
    "price": 0.65,
    "promoPrice": null,
    "price_per_unit": 4.33,
    "unit": "KG",
    "image": "https://s7g10.scene7.com/is/image/aldinord/product_1218931_main_cms_1_nl_nl_bakpoeder_cw01_2024",
    "beschikbaar": true,
    "promoEnd": null,
    "link": "https://www.aldi.nl/bakpoeder-1218931.html"
  },
  {
    "id": "1218917",
    "title": "STORCK Toffifee 125 g",
    "category": "Snoep, koek, chips",
    "price": null,
    "promoPrice": null,
    "price_per_unit": null,
    "unit": null,
    "image": "https://s7g10.scene7.com/is/image/aldinord/variant_1218917_1_main_cms_1_nl_nl_toffifee_cw01_2024",
    "beschikbaar": true,
    "promoEnd": null,
    "link": "https://www.aldi.nl/toffifee-1218917.html"
  },
  {
    "id": "1218887",
    "title": "SNACK FAN Frikandellen Inhoud: 20 stuks, 1.4 kg",
    "category": "Snoep, koek, chips",
    "price": 3.99,
    "promoPrice": null,
    "price_per_unit": 2.85,
    "unit": "KG",
    "image": "https://s7g10.scene7.com/is/image/aldinord/product_1218887_main_cms_1_nl_nl_frikandellen_cw01_2024",
    "beschikbaar": true,
    "promoEnd": null,
    "link": "https://www.aldi.nl/frikandellen-1218887.html"
  },
  {
    "id": "1218882",
    "title": "LACURA Deodorant 200 ml",
    "category": "Baby, verzorging",
    "price": 1.89,
    "promoPrice": null,
    "price_per_unit": 9.45,
    "unit": "L",
    "image": "https://s7g10.scene7.com/is/image/aldinord/product_1218882_main_cms_9_nl_nl_deodorant_cw01_2024",
    "beschikbaar": true,
    "promoEnd": null,
    "link": "https://www.aldi.nl/deodorant-1218882.html"
  },
  {
    "id": "1218874",
    "title": "LACURA Wattenstaafjes 300 stuks",
    "category": "Baby, verzorging",
    "price": 0.89,
    "promoPrice": null,
    "price_per_unit": null,
    "unit": null,
    "image": "https://s7g10.scene7.com/is/image/aldinord/product_1218874_main_cms_5_nl_nl_wattenstaafjes_cw01_2024",
    "beschikbaar": true,
    "promoEnd": null,
    "link": "https://www.aldi.nl/wattenstaafjes-1218874.html"
  },
  {
    "id": "1218869",
    "title": "MILSANI Koffiecreamer 400 g",
    "category": "Zuivel, eieren",
    "price": 1.54,
    "promoPrice": null,
    "price_per_unit": 3.85,
    "unit": "KG",
    "image": "https://s7g10.scene7.com/is/image/aldinord/product_1218869_main_cms_2_nl_nl_koffiecreamer_cw01_2024",
    "beschikbaar": true,
    "promoEnd": null,
    "link": "https://www.aldi.nl/koffiecreamer-1218869.html"
  },
  {
    "id": "1218862",
    "title": "Witte wijn halfzoet 1 l",
    "category": "Bier, wijn, sterke drank",
    "price": 4.29,
    "promoPrice": null,
    "price_per_unit": 4.29,
    "unit": "L",
    "image": "https://s7g10.scene7.com/is/image/aldinord/product_1218862_main_cms_1_nl_nl_witte_wijn_halfzoet_cw01_2024",
    "beschikbaar": true,
    "promoEnd": null,
    "link": "https://www.aldi.nl/witte-wijn-halfzoet-1218862.html"
  },
  {
    "id": "1218838",
    "title": "LOFT Discreet verband 10-14 stuks",
    "category": "Baby, verzorging",
    "price": 1.99,
    "promoPrice": null,
    "price_per_unit": null,
    "unit": null,
    "image": "https://s7g10.scene7.com/is/image/aldinord/product_1218838_main_cms_5_nl_nl_discreet_verband_cw01_2024",
    "beschikbaar": true,
    "promoEnd": null,
    "link": "https://www.aldi.nl/discreet-verband-1218838.html"
  },
  {
    "id": "1218826",
    "title": "LACURA Shampoo 500 ml",
    "category": "Baby, verzorging",
    "price": 0.59,
    "promoPrice": null,
    "price_per_unit": 1.18,
    "unit": "L",
    "image": "https://s7g10.scene7.com/is/image/aldinord/product_1218826_main_cms_8_nl_nl_shampoo_cw01_2024",
    "beschikbaar": true,
    "promoEnd": null,
    "link": "https://www.aldi.nl/shampoo-1218826.html"
  },
  {
    "id": "1218816",
    "title": "Knoflook 2 stuks",
    "category": "Groente, aardappelen",
    "price": 0.99,
    "promoPrice": null,
    "price_per_unit": null,
    "unit": null,
    "image": "https://s7g10.scene7.com/is/image/aldinord/product_1218816_main_cms_1_nl_nl_knoflook_cw01_2024",
    "beschikbaar": true,
    "promoEnd": null,
    "link": "https://www.aldi.nl/knoflook-1218816.html"
  },
  {
    "id": "1218815",
    "title": "HEERLIJCK BANKET Mini-kano's Inhoud: 14 stuks, 308 g",
    "category": "Speciaal assortiment",
    "price": 2.29,
    "promoPrice": 2.29,
    "price_per_unit": 7.44,
    "unit": "KG",
    "image": "https://s7g10.scene7.com/is/image/aldinord/product_1218815_main_cms_3_nl_nl_mini_kano_s_cw01_2024",
    "beschikbaar": true,
    "promoEnd": "2025-10-12",
    "link": "https://www.aldi.nl/mini-kanos-1218815.html"
  },
  {
    "id": "1218814",
    "title": "MILSANI Karnemelkdessert 200 g",
    "category": "Zuivel, eieren",
    "price": 0.59,
    "promoPrice": null,
    "price_per_unit": 2.95,
    "unit": "KG",
    "image": "https://s7g10.scene7.com/is/image/aldinord/product_1218814_main_cms_6_nl_nl_karnemelkdessert_cw01_2024",
    "beschikbaar": true,
    "promoEnd": null,
    "link": "https://www.aldi.nl/karnemelkdessert-1218814.html"
  },
  {
    "id": "1218806",
    "title": "BONROYAAL Pindarotsjes 250 g",
    "category": "Snoep, koek, chips",
    "price": 2.39,
    "promoPrice": null,
    "price_per_unit": 9.56,
    "unit": "KG",
    "image": "https://s7g10.scene7.com/is/image/aldinord/product_1218806_main_cms_4_nl_nl_pindarotsjes_cw01_2024",
    "beschikbaar": true,
    "promoEnd": null,
    "link": "https://www.aldi.nl/pindarotsjes-1218806.html"
  },
  {
    "id": "1218804",
    "title": "MILSANI Roomyoghurt 150 g",
    "category": "Zuivel, eieren",
    "price": 0.49,
    "promoPrice": null,
    "price_per_unit": 3.27,
    "unit": "KG",
    "image": "https://s7g10.scene7.com/is/image/aldinord/product_1218804_main_cms_18_nl_nl_roomyoghurt_cw01_2024",
    "beschikbaar": true,
    "promoEnd": null,
    "link": "https://www.aldi.nl/roomyoghurt-1218804.html"
  },
  {
    "id": "1218797",
    "title": "Yorkham 150 g",
    "category": "Vlees, vis, vega",
    "price": 1.99,
    "promoPrice": null,
    "price_per_unit": 13.27,
    "unit": "KG",
    "image": "https://s7g10.scene7.com/is/image/aldinord/variant_1218797_1_main_cms_1_nl_nl_yorkham_cw01_2024",
    "beschikbaar": true,
    "promoEnd": null,
    "link": "https://www.aldi.nl/yorkham-1218797.html"
  },
  {
    "id": "1218787",
    "title": "MILSANI Karnemelk 1 l",
    "category": "Zuivel, eieren",
    "price": 0.95,
    "promoPrice": null,
    "price_per_unit": 0.95,
    "unit": "L",
    "image": "https://s7g10.scene7.com/is/image/aldinord/product_1218787_main_cms_2_nl_nl_karnemelk_cw01_2024",
    "beschikbaar": true,
    "promoEnd": null,
    "link": "https://www.aldi.nl/karnemelk-1218787.html"
  },
  {
    "id": "1218786",
    "title": "Adega de Pegões wit 0.75 l",
    "category": "Bier, wijn, sterke drank",
    "price": 3.99,
    "promoPrice": null,
    "price_per_unit": 5.32,
    "unit": "L",
    "image": "https://s7g10.scene7.com/is/image/aldinord/product_1218786_main_cms_4_nl_nl_adega_de_pegoes_wit_cw01_2024",
    "beschikbaar": true,
    "promoEnd": null,
    "link": "https://www.aldi.nl/adega-de-peges-wit-1218786.html"
  },
  {
    "id": "1218782",
    "title": "LACURA Deodorant roll-on 50 ml",
    "category": "Baby, verzorging",
    "price": 1.19,
    "promoPrice": null,
    "price_per_unit": 23.8,
    "unit": "L",
    "image": "https://s7g10.scene7.com/is/image/aldinord/product_1218782_main_cms_5_nl_nl_deodorant_roll_on_cw01_2024",
    "beschikbaar": true,
    "promoEnd": null,
    "link": "https://www.aldi.nl/deodorant-roll-on-1218782.html"
  },
  {
    "id": "1218774",
    "title": "MAMIA 2-pack vochtige babydoekjes 2x80 stuks",
    "category": "Baby, verzorging",
    "price": 2.78,
    "promoPrice": null,
    "price_per_unit": null,
    "unit": null,
    "image": "https://s7g10.scene7.com/is/image/aldinord/product_1218774_main_cms_5_nl_nl_2_pack_vochtige_babydoekjes_cw01_2024",
    "beschikbaar": true,
    "promoEnd": null,
    "link": "https://www.aldi.nl/2-pack-vochtige-babydoekjes-1218774.html"
  },
  {
    "id": "1218749",
    "title": "Chardonnay bag-in-box 3 l",
    "category": "Bier, wijn, sterke drank",
    "price": 12.39,
    "promoPrice": null,
    "price_per_unit": 4.13,
    "unit": "L",
    "image": "https://s7g10.scene7.com/is/image/aldinord/product_1218749_main_cms_7_nl_nl_chardonnay_bag_in_box_cw01_2024",
    "beschikbaar": true,
    "promoEnd": null,
    "link": "https://www.aldi.nl/chardonnay-bag-in-box-1218749.html"
  },
  {
    "id": "1218740",
    "title": "Rosbief 100 g",
    "category": "Vlees, vis, vega",
    "price": 2.99,
    "promoPrice": null,
    "price_per_unit": 29.9,
    "unit": "KG",
    "image": "https://s7g10.scene7.com/is/image/aldinord/product_1218740_main_cms_4_nl_nl_rosbief_cw01_2024",
    "beschikbaar": true,
    "promoEnd": null,
    "link": "https://www.aldi.nl/rosbief-1218740.html"
  },
  {
    "id": "1218707",
    "title": "Boerenmetworst 150 g",
    "category": "Vlees, vis, vega",
    "price": 1.69,
    "promoPrice": null,
    "price_per_unit": 11.27,
    "unit": "KG",
    "image": "https://s7g10.scene7.com/is/image/aldinord/product_1218707_main_cms_1_nl_nl_boerenmetworst_cw01_2024",
    "beschikbaar": true,
    "promoEnd": null,
    "link": "https://www.aldi.nl/boerenmetworst-1218707.html"
  },
  {
    "id": "1218701",
    "title": "MOUNTAIN Vanillesuiker 120 g",
    "category": "Brood, ontbijtgranen",
    "price": 0.49,
    "promoPrice": null,
    "price_per_unit": 4.08,
    "unit": "KG",
    "image": "https://s7g10.scene7.com/is/image/aldinord/product_1218701_main_cms_2_nl_nl_vanillesuiker_cw01_2024",
    "beschikbaar": true,
    "promoEnd": null,
    "link": "https://www.aldi.nl/vanillesuiker-1218701.html"
  },
  {
    "id": "1218698",
    "title": "WERELDPIZZA Döner pizza's Inhoud: 2 stuks, 600 g",
    "category": "Snoep, koek, chips",
    "price": 3.19,
    "promoPrice": null,
    "price_per_unit": 5.32,
    "unit": "KG",
    "image": "https://s7g10.scene7.com/is/image/aldinord/variant_1218698_1_main_cms_1_nl_nl_doner_pizza_s_cw01_2024",
    "beschikbaar": true,
    "promoEnd": null,
    "link": "https://www.aldi.nl/dner-pizzas-1218698.html"
  },
  {
    "id": "1218693",
    "title": "ASIA GREEN GARDEN Kroepoek 100 g",
    "category": "Maaltijden, salades",
    "price": 1.16,
    "promoPrice": null,
    "price_per_unit": 11.6,
    "unit": "KG",
    "image": "https://s7g10.scene7.com/is/image/aldinord/product_1218693_main_cms_2_nl_nl_kroepoek_cw01_2024",
    "beschikbaar": true,
    "promoEnd": null,
    "link": "https://www.aldi.nl/kroepoek-1218693.html"
  },
  {
    "id": "1218677",
    "title": "MILSANI Rijstdessert vanille 200 g",
    "category": "Zuivel, eieren",
    "price": 0.69,
    "promoPrice": null,
    "price_per_unit": 3.45,
    "unit": "KG",
    "image": "https://s7g10.scene7.com/is/image/aldinord/product_1218677_main_cms_5_nl_nl_rijstdessert_vanille_cw01_2024",
    "beschikbaar": true,
    "promoEnd": null,
    "link": "https://www.aldi.nl/rijstdessert-vanille-1218677.html"
  },
  {
    "id": "1218670",
    "title": "Anthurium Per stuk",
    "category": "Speciaal assortiment",
    "price": 5.99,
    "promoPrice": 5.99,
    "price_per_unit": null,
    "unit": null,
    "image": "https://s7g10.scene7.com/is/image/aldinord/product_1218670_main_cms_21_nl_nl_anthurium_cw01_2024",
    "beschikbaar": true,
    "promoEnd": "2025-10-19",
    "link": "https://www.aldi.nl/anthurium-1218670.html"
  },
  {
    "id": "1218663",
    "title": "DELICIOUS HOME Pannenkoeken 10 stuks",
    "category": "Maaltijden, salades",
    "price": 1.99,
    "promoPrice": null,
    "price_per_unit": null,
    "unit": null,
    "image": "https://s7g10.scene7.com/is/image/aldinord/variant_1218663_1_main_cms_1_nl_nl_pannenkoeken_cw01_2024",
    "beschikbaar": true,
    "promoEnd": null,
    "link": "https://www.aldi.nl/pannenkoeken-1218663.html"
  },
  {
    "id": "1218660",
    "title": "JULIET Kattenbakvulling 5 kg",
    "category": "Huisdieren",
    "price": 1.99,
    "promoPrice": null,
    "price_per_unit": 0.4,
    "unit": "KG",
    "image": "https://s7g10.scene7.com/is/image/aldinord/product_1218660_main_cms_2_nl_nl_kattenbakvulling_cw01_2024",
    "beschikbaar": true,
    "promoEnd": null,
    "link": "https://www.aldi.nl/kattenbakvulling-1218660.html"
  },
  {
    "id": "1218644",
    "title": "Trio sla op kluit Per stuk",
    "category": "Groente, aardappelen",
    "price": 0.99,
    "promoPrice": null,
    "price_per_unit": null,
    "unit": null,
    "image": "https://s7g10.scene7.com/is/image/aldinord/product_1218644_main_cms_3_nl_nl_trio_sla_op_kluit_cw01_2024",
    "beschikbaar": true,
    "promoEnd": null,
    "link": "https://www.aldi.nl/trio-sla-op-kluit-1218644.html"
  },
  {
    "id": "1218637",
    "title": "TRADER JOE'S Brownies 240 g",
    "category": "Snoep, koek, chips",
    "price": 1.69,
    "promoPrice": null,
    "price_per_unit": 7.04,
    "unit": "KG",
    "image": "https://s7g10.scene7.com/is/image/aldinord/product_1218637_main_cms_3_nl_nl_brownies_cw01_2024",
    "beschikbaar": true,
    "promoEnd": null,
    "link": "https://www.aldi.nl/brownies-1218637.html"
  },
  {
    "id": "1218629",
    "title": "Mini-cherry trostomaten 250 g",
    "category": "Groente, aardappelen",
    "price": 1.99,
    "promoPrice": null,
    "price_per_unit": 7.96,
    "unit": "KG",
    "image": "https://s7g10.scene7.com/is/image/aldinord/product_1218629_main_cms_3_nl_nl_mini_cherry_trostomaten_cw01_2024",
    "beschikbaar": true,
    "promoEnd": null,
    "link": "https://www.aldi.nl/mini-cherry-trostomaten-1218629.html"
  },
  {
    "id": "1218621",
    "title": "OLA Magnum mini 8 stuks",
    "category": "Maaltijden, salades",
    "price": null,
    "promoPrice": null,
    "price_per_unit": null,
    "unit": null,
    "image": "https://s7g10.scene7.com/is/image/aldinord/variant_1218621_1_main_cms_1_nl_nl_magnum_mini_cw01_2024",
    "beschikbaar": true,
    "promoEnd": null,
    "link": "https://www.aldi.nl/magnum-mini-1218621.html"
  },
  {
    "id": "1218619",
    "title": "SUN SNACKS Twisted sticks 150 g",
    "category": "Snoep, koek, chips",
    "price": 1.19,
    "promoPrice": null,
    "price_per_unit": 7.93,
    "unit": "KG",
    "image": "https://s7g10.scene7.com/is/image/aldinord/product_1218619_main_cms_7_nl_nl_twisted_sticks_cw01_2024",
    "beschikbaar": true,
    "promoEnd": null,
    "link": "https://www.aldi.nl/twisted-sticks-1218619.html"
  },
  {
    "id": "1218610",
    "title": "UNOX Smac XXL 340 g",
    "category": "Vlees, vis, vega",
    "price": null,
    "promoPrice": null,
    "price_per_unit": null,
    "unit": null,
    "image": "https://s7g10.scene7.com/is/image/aldinord/product_1218610_main_cms_2_nl_nl_smac_xxl_cw01_2024",
    "beschikbaar": true,
    "promoEnd": null,
    "link": "https://www.aldi.nl/smac-xxl-1218610.html"
  },
  {
    "id": "1218609",
    "title": "MAN BY BIOCURA 2-voudig scheersysteem Per set",
    "category": "Baby, verzorging",
    "price": 4.94,
    "promoPrice": null,
    "price_per_unit": null,
    "unit": null,
    "image": "https://s7g10.scene7.com/is/image/aldinord/variant_1218609_1_main_cms_1_nl_nl_2_voudig_scheersysteem_cw01_2024",
    "beschikbaar": true,
    "promoEnd": null,
    "link": "https://www.aldi.nl/2-voudig-scheersysteem-1218609.html"
  },
  {
    "id": "1218582",
    "title": "ALL SEASONS Doperwten en wortelen 220 g",
    "category": "Groente, aardappelen",
    "price": 0.43,
    "promoPrice": null,
    "price_per_unit": 1.95,
    "unit": "KG",
    "image": "https://s7g10.scene7.com/is/image/aldinord/product_1218582_main_cms_2_nl_nl_doperwten_en_wortelen_cw01_2024",
    "beschikbaar": true,
    "promoEnd": null,
    "link": "https://www.aldi.nl/doperwten-en-wortelen-1218582.html"
  },
  {
    "id": "1218579",
    "title": "TRADER JOE'S Walnoten ongebrand 200 g",
    "category": "Snoep, koek, chips",
    "price": 2.99,
    "promoPrice": null,
    "price_per_unit": 14.95,
    "unit": "KG",
    "image": "https://s7g10.scene7.com/is/image/aldinord/product_1218579_main_cms_1_nl_nl_walnoten_ongebrand_cw01_2024",
    "beschikbaar": true,
    "promoEnd": null,
    "link": "https://www.aldi.nl/walnoten-ongebrand-1218579.html"
  },
  {
    "id": "1218516",
    "title": "Serranoham roomkaasrolletjes 100 g",
    "category": "Zuivel, eieren",
    "price": 1.99,
    "promoPrice": null,
    "price_per_unit": 19.9,
    "unit": "KG",
    "image": "https://s7g10.scene7.com/is/image/aldinord/variant_1218516_1_main_cms_2_nl_nl_serranoham_roomkaasrolletjes_cw01_2024",
    "beschikbaar": true,
    "promoEnd": null,
    "link": "https://www.aldi.nl/serranoham-roomkaasrolletjes-1218516.html"
  },
  {
    "id": "1218506",
    "title": "TRIANGLE PHARMA Paracetamol 500 mg 20 tabletten",
    "category": "Verzorging, gezondheid",
    "price": 0.69,
    "promoPrice": null,
    "price_per_unit": null,
    "unit": null,
    "image": "https://s7g10.scene7.com/is/image/aldinord/product_1218506_main_cms_1_nl_nl_paracetamol_500_mg_cw01_2024",
    "beschikbaar": true,
    "promoEnd": null,
    "link": "https://www.aldi.nl/paracetamol-500-mg-1218506.html"
  },
  {
    "id": "1218489",
    "title": "MILSANI Volle koffiemelk 472 ml",
    "category": "Zuivel, eieren",
    "price": 0.71,
    "promoPrice": null,
    "price_per_unit": 1.5,
    "unit": "L",
    "image": "https://s7g10.scene7.com/is/image/aldinord/product_1218489_main_cms_4_nl_nl_volle_koffiemelk_cw01_2024",
    "beschikbaar": true,
    "promoEnd": null,
    "link": "https://www.aldi.nl/volle-koffiemelk-1218489.html"
  },
  {
    "id": "1218487",
    "title": "LOFT maandverband normaal&nacht Per pak",
    "category": "Baby, verzorging",
    "price": 1.09,
    "promoPrice": null,
    "price_per_unit": null,
    "unit": null,
    "image": "https://s7g10.scene7.com/is/image/aldinord/variant_1218487_2_main_cms_4_nl_nl_maandverband_normaal_nacht_cw01_2024",
    "beschikbaar": true,
    "promoEnd": null,
    "link": "https://www.aldi.nl/maandverband-normaalnacht-1218487.html"
  },
  {
    "id": "1218482",
    "title": "SOLO 4-laags toiletpapier 9 rollen",
    "category": "Huishouden",
    "price": 4.39,
    "promoPrice": null,
    "price_per_unit": null,
    "unit": null,
    "image": "https://s7g10.scene7.com/is/image/aldinord/product_1218482_main_cms_1_nl_nl_4_laags_toiletpapier_cw01_2024",
    "beschikbaar": true,
    "promoEnd": null,
    "link": "https://www.aldi.nl/4-laags-toiletpapier-1218482.html"
  },
  {
    "id": "1218477",
    "title": "Scharrelkipfiletblokjes 350 g",
    "category": "Vlees, vis, vega",
    "price": 5.29,
    "promoPrice": null,
    "price_per_unit": 15.11,
    "unit": "KG",
    "image": "https://s7g10.scene7.com/is/image/aldinord/variant_1218477_1_main_cms_2_nl_nl_scharrelkipfiletblokjes_cw01_2024",
    "beschikbaar": true,
    "promoEnd": null,
    "link": "https://www.aldi.nl/scharrelkipfiletblokjes-1218477.html"
  },
  {
    "id": "1218470",
    "title": "MILSANI Halfvolle roeryoghurt naturel 500 g",
    "category": "Zuivel, eieren",
    "price": 0.79,
    "promoPrice": null,
    "price_per_unit": 1.58,
    "unit": "KG",
    "image": "https://s7g10.scene7.com/is/image/aldinord/variant_1218470_1_main_cms_2_nl_nl_halfvolle_roeryoghurt_naturel_cw01_2024",
    "beschikbaar": true,
    "promoEnd": null,
    "link": "https://www.aldi.nl/halfvolle-roeryoghurt-naturel-1218470.html"
  },
  {
    "id": "1218468",
    "title": "LACURA MEN Deodorant 200 ml",
    "category": "Baby, verzorging",
    "price": 1.79,
    "promoPrice": null,
    "price_per_unit": 8.95,
    "unit": "L",
    "image": "https://s7g10.scene7.com/is/image/aldinord/product_1218468_main_cms_10_nl_nl_deodorant_cw01_2024",
    "beschikbaar": true,
    "promoEnd": null,
    "link": "https://www.aldi.nl/deodorant-1218468.html"
  },
  {
    "id": "1218462",
    "title": "CHOCEUR Chocoladerozijnen 200 g",
    "category": "Snoep, koek, chips",
    "price": 1.79,
    "promoPrice": null,
    "price_per_unit": 8.95,
    "unit": "KG",
    "image": "https://s7g10.scene7.com/is/image/aldinord/product_1218462_main_cms_2_nl_nl_chocoladerozijnen_cw01_2024",
    "beschikbaar": true,
    "promoEnd": null,
    "link": "https://www.aldi.nl/chocoladerozijnen-1218462.html"
  },
  {
    "id": "1218460",
    "title": "Meergranen puntjes 6 stuks",
    "category": "Brood, ontbijtgranen",
    "price": 1.49,
    "promoPrice": null,
    "price_per_unit": null,
    "unit": null,
    "image": "https://s7g10.scene7.com/is/image/aldinord/product_1218460_main_cms_1_nl_nl_meergranen_puntjes_cw01_2024",
    "beschikbaar": true,
    "promoEnd": null,
    "link": "https://www.aldi.nl/meergranen-puntjes-1218460.html"
  },
  {
    "id": "1218437",
    "title": "Snijbonen 400 g",
    "category": "Groente, aardappelen",
    "price": 1.69,
    "promoPrice": 1.69,
    "price_per_unit": 4.23,
    "unit": "KG",
    "image": "https://s7g10.scene7.com/is/image/aldinord/product_1218437_main_cms_9_nl_nl_snijbonen_cw01_2024",
    "beschikbaar": true,
    "promoEnd": "2025-10-12",
    "link": "https://www.aldi.nl/snijbonen-1218437.html"
  },
  {
    "id": "1218376",
    "title": "EURODONT 2-pack tandenborstels 2-pack",
    "category": "Baby, verzorging",
    "price": 1.39,
    "promoPrice": null,
    "price_per_unit": null,
    "unit": null,
    "image": "https://s7g10.scene7.com/is/image/aldinord/product_1218376_main_cms_8_nl_nl_2_pack_tandenborstels_cw01_2024",
    "beschikbaar": true,
    "promoEnd": null,
    "link": "https://www.aldi.nl/2-pack-tandenborstels-1218376.html"
  },
  {
    "id": "1218369",
    "title": "LACURA Douchecrème 300 ml",
    "category": "Baby, verzorging",
    "price": 1.69,
    "promoPrice": null,
    "price_per_unit": 5.63,
    "unit": "L",
    "image": "https://s7g10.scene7.com/is/image/aldinord/product_1218369_main_cms_7_nl_nl_douchecreme_cw01_2024",
    "beschikbaar": true,
    "promoEnd": null,
    "link": "https://www.aldi.nl/douchecrme-1218369.html"
  },
  {
    "id": "1218342",
    "title": "UNA Vaatwastabletten all-in-1 40 tabs",
    "category": "Baby, verzorging",
    "price": 2.69,
    "promoPrice": null,
    "price_per_unit": null,
    "unit": null,
    "image": "https://s7g10.scene7.com/is/image/aldinord/product_1218342_main_cms_10_nl_nl_vaatwastabletten_all_in_1_cw01_2024",
    "beschikbaar": true,
    "promoEnd": null,
    "link": "https://www.aldi.nl/vaatwastabletten-all-in-1-1218342.html"
  },
  {
    "id": "1218338",
    "title": "TASTY PLANET Thaise groene curry 750 g",
    "category": "Snoep, koek, chips",
    "price": 4.99,
    "promoPrice": null,
    "price_per_unit": null,
    "unit": null,
    "image": "https://s7g10.scene7.com/is/image/aldinord/product_1218338_main_cms_1_nl_nl_thaise_groene_curry_cw01_2024",
    "beschikbaar": true,
    "promoEnd": null,
    "link": "https://www.aldi.nl/thaise-groene-curry-1218338.html"
  },
  {
    "id": "1218335",
    "title": "WRAPITT Boterhamzakjes 120 stuks",
    "category": "Huishouden",
    "price": 0.59,
    "promoPrice": null,
    "price_per_unit": null,
    "unit": null,
    "image": "https://s7g10.scene7.com/is/image/aldinord/product_1218335_main_cms_1_nl_nl_boterhamzakjes_cw01_2024",
    "beschikbaar": true,
    "promoEnd": null,
    "link": "https://www.aldi.nl/boterhamzakjes-1218335.html"
  },
  {
    "id": "1218334",
    "title": "HOME SWEET HOME Zoetjes Inhoud: 1200 stuks, 97 g",
    "category": "Zuivel, eieren",
    "price": 0.99,
    "promoPrice": null,
    "price_per_unit": 10.21,
    "unit": "KG",
    "image": "https://s7g10.scene7.com/is/image/aldinord/product_1218334_main_cms_4_nl_nl_zoetjes_cw01_2024",
    "beschikbaar": true,
    "promoEnd": null,
    "link": "https://www.aldi.nl/zoetjes-1218334.html"
  },
  {
    "id": "1218284",
    "title": "SNACK FAN Kipsaté 160 g",
    "category": "Vlees, vis, vega",
    "price": 1.49,
    "promoPrice": null,
    "price_per_unit": 9.31,
    "unit": "KG",
    "image": "https://s7g10.scene7.com/is/image/aldinord/variant_1218284_1_main_cms_1_nl_nl_kipsate_cw01_2024",
    "beschikbaar": true,
    "promoEnd": null,
    "link": "https://www.aldi.nl/kipsat-1218284.html"
  },
  {
    "id": "1218273",
    "title": "ASIA GREEN GARDEN Mangoschijven 425 g",
    "category": "Speciaal assortiment",
    "price": 0.99,
    "promoPrice": 0.99,
    "price_per_unit": 2.33,
    "unit": "KG",
    "image": "https://s7g10.scene7.com/is/image/aldinord/product_1218273_main_cms_2_nl_nl_mangoschijven_cw01_2024",
    "beschikbaar": true,
    "promoEnd": "2025-10-19",
    "link": "https://www.aldi.nl/mangoschijven-1218273.html"
  },
  {
    "id": "1218264",
    "title": "WRAPITT Vershoudfolie Per stuk",
    "category": "Huishouden",
    "price": 1.19,
    "promoPrice": null,
    "price_per_unit": null,
    "unit": null,
    "image": "https://s7g10.scene7.com/is/image/aldinord/product_1218264_main_cms_2_nl_nl_vershoudfolie_cw01_2024",
    "beschikbaar": true,
    "promoEnd": null,
    "link": "https://www.aldi.nl/vershoudfolie-1218264.html"
  },
  {
    "id": "1218256",
    "title": "ALL SEASONS Gebroken sperziebonen 185 g",
    "category": "Groente, aardappelen",
    "price": 0.79,
    "promoPrice": null,
    "price_per_unit": 4.27,
    "unit": "KG",
    "image": "https://s7g10.scene7.com/is/image/aldinord/product_1218256_main_cms_5_nl_nl_gebroken_sperziebonen_cw01_2024",
    "beschikbaar": true,
    "promoEnd": null,
    "link": "https://www.aldi.nl/gebroken-sperziebonen-1218256.html"
  },
  {
    "id": "1218251",
    "title": "LACURA Zeepvrije waslotion 500 ml",
    "category": "Baby, verzorging",
    "price": 1.99,
    "promoPrice": null,
    "price_per_unit": 3.98,
    "unit": "L",
    "image": "https://s7g10.scene7.com/is/image/aldinord/variant_1218251_1_main_cms_2_nl_nl_zeepvrije_waslotion_cw01_2024",
    "beschikbaar": true,
    "promoEnd": null,
    "link": "https://www.aldi.nl/zeepvrije-waslotion-1218251.html"
  },
  {
    "id": "1218231",
    "title": "Gesuikerde donut Per stuk",
    "category": "Brood, ontbijtgranen",
    "price": 0.49,
    "promoPrice": null,
    "price_per_unit": null,
    "unit": null,
    "image": "https://s7g10.scene7.com/is/image/aldinord/product_1218231_main_cms_1_nl_nl_gesuikerde_donut_cw01_2024",
    "beschikbaar": true,
    "promoEnd": null,
    "link": "https://www.aldi.nl/gesuikerde-donut-1218231.html"
  },
  {
    "id": "1218206",
    "title": "MAMA MANCINI Biologische pizza 460 g",
    "category": "Snoep, koek, chips",
    "price": 3.79,
    "promoPrice": null,
    "price_per_unit": 8.24,
    "unit": "KG",
    "image": "https://s7g10.scene7.com/is/image/aldinord/product_1218206_main_cms_3_nl_nl_biologische_pizza_cw01_2024",
    "beschikbaar": true,
    "promoEnd": null,
    "link": "https://www.aldi.nl/biologische-pizza-1218206.html"
  },
  {
    "id": "1218193",
    "title": "OPTI HOME 3-pack huishoudhandschoenen 3-pack",
    "category": "Speciaal assortiment",
    "price": 1.89,
    "promoPrice": 1.89,
    "price_per_unit": null,
    "unit": null,
    "image": "https://s7g10.scene7.com/is/image/aldinord/product_1218193_main_cms_10_nl_nl_3_pack_huishoudhandschoenen_cw01_2024",
    "beschikbaar": true,
    "promoEnd": "2025-10-19",
    "link": "https://www.aldi.nl/3-pack-huishoudhandschoenen-1218193.html"
  },
  {
    "id": "1218180",
    "title": "ASIA GREEN GARDEN Ketjap manis 500 ml",
    "category": "Maaltijden, salades",
    "price": 1.49,
    "promoPrice": null,
    "price_per_unit": 2.98,
    "unit": "L",
    "image": "https://s7g10.scene7.com/is/image/aldinord/product_1218180_main_cms_3_nl_nl_ketjap_manis_cw01_2024",
    "beschikbaar": true,
    "promoEnd": null,
    "link": "https://www.aldi.nl/ketjap-manis-1218180.html"
  },
  {
    "id": "1218163",
    "title": "El Árbol Reserva Carmenère 0.75 l",
    "category": "Bier, wijn, sterke drank",
    "price": 4.29,
    "promoPrice": null,
    "price_per_unit": 5.72,
    "unit": "L",
    "image": "https://s7g10.scene7.com/is/image/aldinord/product_1218163_main_cms_8_nl_nl_el_arbol_reserva_carmenere_cw01_2024",
    "beschikbaar": true,
    "promoEnd": null,
    "link": "https://www.aldi.nl/el-rbol-reserva-carmenre-1218163.html"
  },
  {
    "id": "1218160",
    "title": "SOLO 3-laags tissues XXL box 180 vellen",
    "category": "Speciaal assortiment",
    "price": 2.69,
    "promoPrice": 2.49,
    "price_per_unit": null,
    "unit": null,
    "image": "https://s7g10.scene7.com/is/image/aldinord/product_1218160_main_cms_4_nl_nl_3_laags_tissues_xxl_box_cw01_2024",
    "beschikbaar": true,
    "promoEnd": "2025-10-19",
    "link": "https://www.aldi.nl/3-laags-tissues-xxl-box-1218160.html"
  },
  {
    "id": "1218152",
    "title": "ALBONA Bakmix voor brood 500 g",
    "category": "Brood, ontbijtgranen",
    "price": 0.89,
    "promoPrice": null,
    "price_per_unit": 1.78,
    "unit": "KG",
    "image": "https://s7g10.scene7.com/is/image/aldinord/product_1218152_main_cms_5_nl_nl_bakmix_voor_brood_cw01_2024",
    "beschikbaar": true,
    "promoEnd": null,
    "link": "https://www.aldi.nl/bakmix-voor-brood-1218152.html"
  },
  {
    "id": "1218145",
    "title": "UNA Reinigingsdoekjes 80 doekjes",
    "category": "Huishouden",
    "price": 1.29,
    "promoPrice": null,
    "price_per_unit": null,
    "unit": null,
    "image": "https://s7g10.scene7.com/is/image/aldinord/product_1218145_main_cms_6_nl_nl_reinigingsdoekjes_cw01_2024",
    "beschikbaar": true,
    "promoEnd": null,
    "link": "https://www.aldi.nl/reinigingsdoekjes-1218145.html"
  },
  {
    "id": "1218139",
    "title": "BALDO High premium hondenvoer 3 kg",
    "category": "Huisdieren",
    "price": 5.49,
    "promoPrice": null,
    "price_per_unit": 1.83,
    "unit": "KG",
    "image": "https://s7g10.scene7.com/is/image/aldinord/product_1218139_main_cms_2_nl_nl_high_premium_hondenvoer_cw01_2024",
    "beschikbaar": true,
    "promoEnd": null,
    "link": "https://www.aldi.nl/high-premium-hondenvoer-1218139.html"
  },
  {
    "id": "1218114",
    "title": "FRESH LIFE 2-pack mints 2x25 g",
    "category": "Snoep, koek, chips",
    "price": 1.66,
    "promoPrice": null,
    "price_per_unit": 66.4,
    "unit": "KG",
    "image": "https://s7g10.scene7.com/is/image/aldinord/product_1218114_main_cms_9_nl_nl_2_pack_mints_cw01_2024",
    "beschikbaar": true,
    "promoEnd": null,
    "link": "https://www.aldi.nl/2-pack-mints-1218114.html"
  },
  {
    "id": "1218112",
    "title": "MILSANI 6-pack yoghurtdrink aardbei of rood fruit 6x200 ml",
    "category": "Zuivel, eieren",
    "price": 1.99,
    "promoPrice": null,
    "price_per_unit": 9.95,
    "unit": "L",
    "image": "https://s7g10.scene7.com/is/image/aldinord/product_1218112_main_cms_13_nl_nl_6_pack_yoghurtdrink_aardbei_of_rood_frui_cw01_2024",
    "beschikbaar": true,
    "promoEnd": null,
    "link": "https://www.aldi.nl/6-pack-yoghurtdrink-aardbei-of-rood-fruit-1218112.html"
  },
  {
    "id": "1218110",
    "title": "GOUD GEBAKKEN Dunne roggecrackers Inhoud: 33 stuks, 300 g",
    "category": "Brood, ontbijtgranen",
    "price": 1.99,
    "promoPrice": null,
    "price_per_unit": 6.63,
    "unit": "KG",
    "image": "https://s7g10.scene7.com/is/image/aldinord/product_1218110_main_cms_5_nl_nl_dunne_roggecrackers_cw01_2024",
    "beschikbaar": true,
    "promoEnd": null,
    "link": "https://www.aldi.nl/dunne-roggecrackers-1218110.html"
  },
  {
    "id": "1218094",
    "title": "ASIA GREEN GARDEN Cassave kroepoek 125 g",
    "category": "Maaltijden, salades",
    "price": 1.29,
    "promoPrice": null,
    "price_per_unit": 10.32,
    "unit": "KG",
    "image": "https://s7g10.scene7.com/is/image/aldinord/product_1218094_main_cms_2_nl_nl_cassave_kroepoek_cw01_2024",
    "beschikbaar": true,
    "promoEnd": null,
    "link": "https://www.aldi.nl/cassave-kroepoek-1218094.html"
  },
  {
    "id": "1218091",
    "title": "Scharrelkipfilet 200 g",
    "category": "Vlees, vis, vega",
    "price": 2.99,
    "promoPrice": null,
    "price_per_unit": 14.95,
    "unit": "KG",
    "image": "https://s7g10.scene7.com/is/image/aldinord/variant_1218091_1_main_cms_1_nl_nl_scharrelkipfilet_cw01_2024",
    "beschikbaar": true,
    "promoEnd": null,
    "link": "https://www.aldi.nl/scharrelkipfilet-1218091.html"
  },
  {
    "id": "1218088",
    "title": "DE HETE KETEL Kippensoep 800 ml",
    "category": "Maaltijden, salades",
    "price": 1.59,
    "promoPrice": null,
    "price_per_unit": 1.99,
    "unit": "L",
    "image": "https://s7g10.scene7.com/is/image/aldinord/product_1218088_main_cms_2_nl_nl_kippensoep_cw01_2024",
    "beschikbaar": true,
    "promoEnd": null,
    "link": "https://www.aldi.nl/kippensoep-1218088.html"
  },
  {
    "id": "1218055",
    "title": "DAYLICIOUS Italiaanse saladeschotel 240 g",
    "category": "Maaltijden, salades",
    "price": 2.99,
    "promoPrice": null,
    "price_per_unit": 12.46,
    "unit": "KG",
    "image": "https://s7g10.scene7.com/is/image/aldinord/product_1218055_main_cms_3_nl_nl_italiaanse_saladeschotel_cw01_2024",
    "beschikbaar": true,
    "promoEnd": null,
    "link": "https://www.aldi.nl/italiaanse-saladeschotel-1218055.html"
  },
  {
    "id": "1218037",
    "title": "SOLO tissues 4-laags met lotion 100 vel 100 vellen",
    "category": "Baby, verzorging",
    "price": 1.79,
    "promoPrice": null,
    "price_per_unit": null,
    "unit": null,
    "image": "https://s7g10.scene7.com/is/image/aldinord/product_1218037_main_cms_7_nl_nl_tissues_4_laags_met_lotion_100_vel_cw01_2024",
    "beschikbaar": true,
    "promoEnd": null,
    "link": "https://www.aldi.nl/tissues-4-laags-met-lotion-100-vel-1218037.html"
  },
  {
    "id": "1218007",
    "title": "ROMEO Brokken in saus 1.2 kg",
    "category": "Huisdieren",
    "price": 1.69,
    "promoPrice": null,
    "price_per_unit": 1.41,
    "unit": "KG",
    "image": "https://s7g10.scene7.com/is/image/aldinord/product_1218007_main_cms_11_nl_nl_brokken_in_saus_cw01_2024",
    "beschikbaar": true,
    "promoEnd": null,
    "link": "https://www.aldi.nl/brokken-in-saus-1218007.html"
  },
  {
    "id": "1218003",
    "title": "Grüner Veltliner 0.75 l",
    "category": "Bier, wijn, sterke drank",
    "price": 4.39,
    "promoPrice": null,
    "price_per_unit": 5.85,
    "unit": "L",
    "image": "https://s7g10.scene7.com/is/image/aldinord/product_1218003_main_cms_6_nl_nl_gruner_veltliner_cw01_2024",
    "beschikbaar": true,
    "promoEnd": null,
    "link": "https://www.aldi.nl/grner-veltliner-1218003.html"
  },
  {
    "id": "1217979",
    "title": "Casselerrib 150 g",
    "category": "Vlees, vis, vega",
    "price": 1.99,
    "promoPrice": null,
    "price_per_unit": 13.27,
    "unit": "KG",
    "image": "https://s7g10.scene7.com/is/image/aldinord/variant_1217979_1_main_cms_1_nl_nl_casselerrib_cw01_2024",
    "beschikbaar": true,
    "promoEnd": null,
    "link": "https://www.aldi.nl/casselerrib-1217979.html"
  },
  {
    "id": "1217967",
    "title": "Slagersgehaktballen Inhoud: 4 stuks, 600 g",
    "category": "Vlees, vis, vega",
    "price": 3.99,
    "promoPrice": 3.99,
    "price_per_unit": 6.65,
    "unit": "KG",
    "image": "https://s7g10.scene7.com/is/image/aldinord/variant_1217967_1_main_cms_2_nl_nl_slagersgehaktballen_cw01_2024",
    "beschikbaar": true,
    "promoEnd": "2025-10-12",
    "link": "https://www.aldi.nl/slagersgehaktballen-1217967.html"
  },
  {
    "id": "1217946",
    "title": "Rundersaucijzen Inhoud: 4 stuks, 400 g",
    "category": "Vlees, vis, vega",
    "price": 4.99,
    "promoPrice": null,
    "price_per_unit": 12.48,
    "unit": "KG",
    "image": "https://s7g10.scene7.com/is/image/aldinord/variant_1217946_1_main_cms_3_nl_nl_rundersaucijzen_cw01_2024",
    "beschikbaar": true,
    "promoEnd": null,
    "link": "https://www.aldi.nl/rundersaucijzen-1217946.html"
  },
  {
    "id": "1217935",
    "title": "SUN SNACKS Sun moon stars chips 125 g",
    "category": "Snoep, koek, chips",
    "price": 1.49,
    "promoPrice": null,
    "price_per_unit": 11.92,
    "unit": "KG",
    "image": "https://s7g10.scene7.com/is/image/aldinord/product_1217935_main_cms_4_nl_nl_sun_moon_stars_chips_cw01_2024",
    "beschikbaar": true,
    "promoEnd": null,
    "link": "https://www.aldi.nl/sun-moon-stars-chips-1217935.html"
  },
  {
    "id": "1217932",
    "title": "2-pack gevulde speculaas 2x250 g",
    "category": "Speciaal assortiment",
    "price": 2.99,
    "promoPrice": null,
    "price_per_unit": 11.96,
    "unit": "KG",
    "image": "https://s7g10.scene7.com/is/image/aldinord/product_1217932_main_cms_1_nl_nl_2_pack_gevulde_speculaas_cw01_2024",
    "beschikbaar": true,
    "promoEnd": null,
    "link": "https://www.aldi.nl/2-pack-gevulde-speculaas-1217932.html"
  },
  {
    "id": "1217930",
    "title": "Biologisch rundergehakt 400 g",
    "category": "Vlees, vis, vega",
    "price": 5.29,
    "promoPrice": null,
    "price_per_unit": 13.23,
    "unit": "KG",
    "image": "https://s7g10.scene7.com/is/image/aldinord/variant_1217930_1_main_cms_1_nl_nl_biologisch_rundergehakt_cw01_2024",
    "beschikbaar": true,
    "promoEnd": null,
    "link": "https://www.aldi.nl/biologisch-rundergehakt-1217930.html"
  },
  {
    "id": "1217911",
    "title": "KIEKEBOE Hagelslag XXL 550 g",
    "category": "Brood, ontbijtgranen",
    "price": 3.99,
    "promoPrice": null,
    "price_per_unit": 7.25,
    "unit": "KG",
    "image": "https://s7g10.scene7.com/is/image/aldinord/product_1217911_main_cms_5_nl_nl_hagelslag_xxl_cw01_2024",
    "beschikbaar": true,
    "promoEnd": null,
    "link": "https://www.aldi.nl/hagelslag-xxl-1217911.html"
  },
  {
    "id": "1217908",
    "title": "HEERLIJCK BANKET Eierwafels Inhoud: 12 stuks, 300 g",
    "category": "Snoep, koek, chips",
    "price": 1.55,
    "promoPrice": null,
    "price_per_unit": 5.17,
    "unit": "KG",
    "image": "https://s7g10.scene7.com/is/image/aldinord/product_1217908_main_cms_2_nl_nl_eierwafels_cw01_2024",
    "beschikbaar": true,
    "promoEnd": null,
    "link": "https://www.aldi.nl/eierwafels-1217908.html"
  },
  {
    "id": "1217906",
    "title": "FRUIT FRIS Limonadesiroop framboos 0% suiker 1 l",
    "category": "Groente, aardappelen",
    "price": 1.99,
    "promoPrice": null,
    "price_per_unit": 1.99,
    "unit": "L",
    "image": "https://s7g10.scene7.com/is/image/aldinord/variant_1217906_1_main_cms_1_nl_nl_limonadesiroop_framboos_0_suiker_cw01_2024",
    "beschikbaar": true,
    "promoEnd": null,
    "link": "https://www.aldi.nl/limonadesiroop-framboos-0-suiker-1217906.html"
  },
  {
    "id": "1217892",
    "title": "ASIA GREEN GARDEN Roerbaksaus 490 g",
    "category": "Maaltijden, salades",
    "price": 1.95,
    "promoPrice": null,
    "price_per_unit": 3.98,
    "unit": "KG",
    "image": "https://s7g10.scene7.com/is/image/aldinord/product_1217892_main_cms_17_nl_nl_roerbaksaus_cw01_2024",
    "beschikbaar": true,
    "promoEnd": null,
    "link": "https://www.aldi.nl/roerbaksaus-1217892.html"
  },
  {
    "id": "1217883",
    "title": "ALL SEASONS Appelmoes 0% suiker toegevoegd 360 g",
    "category": "Groente, aardappelen",
    "price": 0.99,
    "promoPrice": null,
    "price_per_unit": 2.75,
    "unit": "KG",
    "image": "https://s7g10.scene7.com/is/image/aldinord/product_1217883_main_cms_2_nl_nl_appelmoes_0_suiker_toegevoegd_cw01_2024",
    "beschikbaar": true,
    "promoEnd": null,
    "link": "https://www.aldi.nl/appelmoes-0-suiker-toegevoegd-1217883.html"
  },
  {
    "id": "1217868",
    "title": "Extra vezelrijk volkorenbrood Heel",
    "category": "Brood, ontbijtgranen",
    "price": 2.19,
    "promoPrice": 1.89,
    "price_per_unit": null,
    "unit": null,
    "image": "https://s7g10.scene7.com/is/image/aldinord/product_1217868_main_cms_7_nl_nl_extra_vezelrijk_volkorenbrood_cw01_2024",
    "beschikbaar": true,
    "promoEnd": "2025-10-19",
    "link": "https://www.aldi.nl/extra-vezelrijk-volkorenbrood-1217868.html"
  },
  {
    "id": "1217779",
    "title": "JULIET 7-pack vloeibare kattensnacks 7x15 g",
    "category": "Huisdieren",
    "price": 1.79,
    "promoPrice": null,
    "price_per_unit": 17.05,
    "unit": "KG",
    "image": "https://s7g10.scene7.com/is/image/aldinord/variant_1217779_1_main_cms_1_nl_nl_7_pack_vloeibare_kattensnacks_cw01_2024",
    "beschikbaar": true,
    "promoEnd": null,
    "link": "https://www.aldi.nl/7-pack-vloeibare-kattensnacks-1217779.html"
  },
  {
    "id": "1217770",
    "title": "Slagersachterham 150 g",
    "category": "Vlees, vis, vega",
    "price": 1.99,
    "promoPrice": null,
    "price_per_unit": 13.27,
    "unit": "KG",
    "image": "https://s7g10.scene7.com/is/image/aldinord/product_1217770_main_cms_1_nl_nl_slagersachterham_cw01_2024",
    "beschikbaar": true,
    "promoEnd": null,
    "link": "https://www.aldi.nl/slagersachterham-1217770.html"
  },
  {
    "id": "1217727",
    "title": "MY VAY Vegan nuggets 200 g",
    "category": "Vlees, vis, vega",
    "price": 1.89,
    "promoPrice": null,
    "price_per_unit": 9.45,
    "unit": "KG",
    "image": "https://s7g10.scene7.com/is/image/aldinord/product_1217727_main_cms_2_nl_nl_vegan_nuggets_cw01_2024",
    "beschikbaar": true,
    "promoEnd": null,
    "link": "https://www.aldi.nl/vegan-nuggets-1217727.html"
  },
  {
    "id": "1217708",
    "title": "BIO Extra virgin olijfolie 500 ml",
    "category": "Biologisch assortiment",
    "price": 6.49,
    "promoPrice": null,
    "price_per_unit": 12.98,
    "unit": "L",
    "image": "https://s7g10.scene7.com/is/image/aldinord/product_1217708_main_cms_2_nl_nl_extra_virgin_olijfolie_cw01_2024",
    "beschikbaar": true,
    "promoEnd": null,
    "link": "https://www.aldi.nl/extra-virgin-olijfolie-1217708.html"
  },
  {
    "id": "1217679",
    "title": "BON-RI Basmatirijst 2 kg",
    "category": "Speciaal assortiment",
    "price": 4.99,
    "promoPrice": 4.99,
    "price_per_unit": 2.5,
    "unit": "KG",
    "image": "https://s7g10.scene7.com/is/image/aldinord/product_1217679_main_cms_3_nl_nl_basmatirijst_cw01_2024",
    "beschikbaar": true,
    "promoEnd": "2025-10-19",
    "link": "https://www.aldi.nl/basmatirijst-1217679.html"
  },
  {
    "id": "1217676",
    "title": "Zinkvaren Per stuk",
    "category": "Speciaal assortiment",
    "price": 2.99,
    "promoPrice": 2.99,
    "price_per_unit": null,
    "unit": null,
    "image": "https://s7g10.scene7.com/is/image/aldinord/product_1217676_main_cms_1_nl_nl_zinkvaren_cw01_2024",
    "beschikbaar": true,
    "promoEnd": "2025-10-12",
    "link": "https://www.aldi.nl/zinkvaren-1217676.html"
  },
  {
    "id": "1217671",
    "title": "MILSANI Tex Mex geraspte kaas 500 g",
    "category": "Zuivel, eieren",
    "price": 4.99,
    "promoPrice": 4.99,
    "price_per_unit": 9.98,
    "unit": "KG",
    "image": "https://s7g10.scene7.com/is/image/aldinord/product_1217671_main_cms_3_nl_nl_tex_mex_geraspte_kaas_cw01_2024",
    "beschikbaar": true,
    "promoEnd": "2025-10-12",
    "link": "https://www.aldi.nl/tex-mex-geraspte-kaas-1217671.html"
  },
  {
    "id": "1217662",
    "title": "ALL SEASONS Paddenstoelenpot 970 g",
    "category": "Speciaal assortiment",
    "price": 2.49,
    "promoPrice": 2.49,
    "price_per_unit": 2.57,
    "unit": "KG",
    "image": "https://s7g10.scene7.com/is/image/aldinord/product_1217662_main_cms_1_nl_nl_paddenstoelenpot_cw01_2024",
    "beschikbaar": true,
    "promoEnd": "2025-10-12",
    "link": "https://www.aldi.nl/paddenstoelenpot-1217662.html"
  },
  {
    "id": "1217527",
    "title": "RIO D'ORO Koelvers sinaasappelsap 250 ml",
    "category": "Frisdrank, sappen",
    "price": 1.39,
    "promoPrice": null,
    "price_per_unit": 5.56,
    "unit": "L",
    "image": "https://s7g10.scene7.com/is/image/aldinord/product_1217527_main_cms_4_nl_nl_koelvers_sinaasappelsap_cw01_2024",
    "beschikbaar": true,
    "promoEnd": null,
    "link": "https://www.aldi.nl/koelvers-sinaasappelsap-1217527.html"
  },
  {
    "id": "1217453",
    "title": "MILSANI High protein pudding 200 g",
    "category": "Zuivel, eieren",
    "price": 1.29,
    "promoPrice": null,
    "price_per_unit": 6.45,
    "unit": "KG",
    "image": "https://s7g10.scene7.com/is/image/aldinord/product_1217453_main_cms_7_nl_nl_high_protein_pudding_cw01_2024",
    "beschikbaar": true,
    "promoEnd": null,
    "link": "https://www.aldi.nl/high-protein-pudding-1217453.html"
  },
  {
    "id": "1217421",
    "title": "Prosciutto di Parma 70 g",
    "category": "Vlees, vis, vega",
    "price": 2.56,
    "promoPrice": null,
    "price_per_unit": 36.57,
    "unit": "KG",
    "image": "https://s7g10.scene7.com/is/image/aldinord/product_1217421_main_cms_1_nl_nl_prosciutto_di_parma_cw01_2024",
    "beschikbaar": true,
    "promoEnd": null,
    "link": "https://www.aldi.nl/prosciutto-di-parma-1217421.html"
  },
  {
    "id": "1217347",
    "title": "DROPMAKERS Muntendrop 350 g",
    "category": "Snoep, koek, chips",
    "price": 1.29,
    "promoPrice": null,
    "price_per_unit": 3.69,
    "unit": "KG",
    "image": "https://s7g10.scene7.com/is/image/aldinord/product_1217347_main_cms_1_nl_nl_muntendrop_cw01_2024",
    "beschikbaar": true,
    "promoEnd": null,
    "link": "https://www.aldi.nl/muntendrop-1217347.html"
  },
  {
    "id": "1217335",
    "title": "MY VAY Bio tofu 500 g",
    "category": "Vlees, vis, vega",
    "price": 1.95,
    "promoPrice": null,
    "price_per_unit": 3.9,
    "unit": "KG",
    "image": "https://s7g10.scene7.com/is/image/aldinord/product_1217335_main_cms_3_nl_nl_bio_tofu_cw01_2024",
    "beschikbaar": true,
    "promoEnd": null,
    "link": "https://www.aldi.nl/bio-tofu-1217335.html"
  },
  {
    "id": "1217322",
    "title": "Monstera Per stuk",
    "category": "Speciaal assortiment",
    "price": 4.99,
    "promoPrice": 4.99,
    "price_per_unit": null,
    "unit": null,
    "image": "https://s7g10.scene7.com/is/image/aldinord/product_1217322_main_cms_1_nl_nl_monstera_cw01_2024",
    "beschikbaar": true,
    "promoEnd": "2025-10-19",
    "link": "https://www.aldi.nl/monstera-1217322.html"
  },
  {
    "id": "1217302",
    "title": "Frambozen 150 g",
    "category": "Groente, aardappelen",
    "price": 2.49,
    "promoPrice": null,
    "price_per_unit": 16.6,
    "unit": "KG",
    "image": "https://s7g10.scene7.com/is/image/aldinord/product_1217302_main_cms_7_nl_nl_frambozen_cw01_2024",
    "beschikbaar": true,
    "promoEnd": null,
    "link": "https://www.aldi.nl/frambozen-1217302.html"
  },
  {
    "id": "1217266",
    "title": "MILSANI Magere kwark 500 g",
    "category": "Zuivel, eieren",
    "price": 1.09,
    "promoPrice": null,
    "price_per_unit": 2.18,
    "unit": "KG",
    "image": "https://s7g10.scene7.com/is/image/aldinord/product_1217266_main_cms_3_nl_nl_magere_kwark_cw01_2024",
    "beschikbaar": true,
    "promoEnd": null,
    "link": "https://www.aldi.nl/magere-kwark-1217266.html"
  },
  {
    "id": "1217256",
    "title": "MILSANI Volle kwark 500 g",
    "category": "Zuivel, eieren",
    "price": 1.29,
    "promoPrice": null,
    "price_per_unit": 2.58,
    "unit": "KG",
    "image": "https://s7g10.scene7.com/is/image/aldinord/product_1217256_main_cms_4_nl_nl_volle_kwark_cw01_2024",
    "beschikbaar": true,
    "promoEnd": null,
    "link": "https://www.aldi.nl/volle-kwark-1217256.html"
  },
  {
    "id": "1217223",
    "title": "Bolchrysant Per stuk",
    "category": "Speciaal assortiment",
    "price": 3.99,
    "promoPrice": 3.99,
    "price_per_unit": null,
    "unit": null,
    "image": "https://s7g10.scene7.com/is/image/aldinord/product_1217223_main_cms_6_nl_nl_bolchrysant_cw01_2024",
    "beschikbaar": true,
    "promoEnd": "2025-10-12",
    "link": "https://www.aldi.nl/bolchrysant-1217223.html"
  },
  {
    "id": "1217221",
    "title": "TRADER JOE'S Taco of fajita specerijenmix 28 g",
    "category": "Maaltijden, salades",
    "price": 0.49,
    "promoPrice": null,
    "price_per_unit": 17.5,
    "unit": "KG",
    "image": "https://s7g10.scene7.com/is/image/aldinord/product_1217221_main_cms_3_nl_nl_taco_of_fajita_specerijenmix_cw01_2024",
    "beschikbaar": true,
    "promoEnd": null,
    "link": "https://www.aldi.nl/taco-of-fajita-specerijenmix-1217221.html"
  },
  {
    "id": "1217210",
    "title": "Cyclaam Allure Per stuk",
    "category": "Speciaal assortiment",
    "price": 2.49,
    "promoPrice": 2.49,
    "price_per_unit": null,
    "unit": null,
    "image": "https://s7g10.scene7.com/is/image/aldinord/product_1217210_main_cms_6_nl_nl_cyclaam_allure_cw01_2024",
    "beschikbaar": true,
    "promoEnd": "2025-10-19",
    "link": "https://www.aldi.nl/cyclaam-allure-1217210.html"
  },
  {
    "id": "1217204",
    "title": "LAY'S Uitdeelzak chips 15 stuks",
    "category": "Snoep, koek, chips",
    "price": null,
    "promoPrice": null,
    "price_per_unit": null,
    "unit": null,
    "image": "https://s7g10.scene7.com/is/image/aldinord/product_1217204_main_cms_1_nl_nl_uitdeelzak_chips_cw01_2024",
    "beschikbaar": true,
    "promoEnd": null,
    "link": "https://www.aldi.nl/uitdeelzak-chips-1217204.html"
  },
  {
    "id": "1217156",
    "title": "MOLENLAND Goudse kaas 30+ oud Inhoud: ca. 5 plakken, 175 g",
    "category": "Zuivel, eieren",
    "price": 2.49,
    "promoPrice": null,
    "price_per_unit": 14.23,
    "unit": "KG",
    "image": "https://s7g10.scene7.com/is/image/aldinord/product_1217156_main_cms_1_nl_nl_goudse_kaas_30_oud_cw01_2024",
    "beschikbaar": true,
    "promoEnd": null,
    "link": "https://www.aldi.nl/goudse-kaas-30-oud-1217156.html"
  },
  {
    "id": "1217124",
    "title": "Bramen 150 g",
    "category": "Groente, aardappelen",
    "price": 2.49,
    "promoPrice": null,
    "price_per_unit": null,
    "unit": null,
    "image": "https://s7g10.scene7.com/is/image/aldinord/product_1217124_main_cms_1_nl_nl_bramen_cw01_2024",
    "beschikbaar": true,
    "promoEnd": null,
    "link": "https://www.aldi.nl/bramen-1217124.html"
  },
  {
    "id": "1217112",
    "title": "GROLSCH 6-pack 0.0% bier 6x33 cl",
    "category": "Frisdrank, sappen",
    "price": 2.59,
    "promoPrice": 2.59,
    "price_per_unit": null,
    "unit": null,
    "image": "https://s7g10.scene7.com/is/image/aldinord/product_1217112_main_cms_1_nl_nl_6_pack_0_0_bier_cw01_2024",
    "beschikbaar": true,
    "promoEnd": "2025-10-19",
    "link": "https://www.aldi.nl/6-pack-00-bier-1217112.html"
  },
  {
    "id": "1217064",
    "title": "Valgrande Sauvignon Blanc 3 l",
    "category": "Bier, wijn, sterke drank",
    "price": 9.99,
    "promoPrice": null,
    "price_per_unit": null,
    "unit": null,
    "image": "https://s7g10.scene7.com/is/image/aldinord/product_1217064_main_cms_4_nl_nl_valgrande_sauvignon_blanc_cw01_2024",
    "beschikbaar": true,
    "promoEnd": null,
    "link": "https://www.aldi.nl/valgrande-sauvignon-blanc-1217064.html"
  },
  {
    "id": "1217000",
    "title": "Chrysanten Per bos",
    "category": "Speciaal assortiment",
    "price": 1.99,
    "promoPrice": 1.99,
    "price_per_unit": null,
    "unit": null,
    "image": "https://s7g10.scene7.com/is/image/aldinord/product_1217000_main_cms_16_nl_nl_chrysanten_cw01_2024",
    "beschikbaar": true,
    "promoEnd": "2025-10-12",
    "link": "https://www.aldi.nl/chrysanten-1217000.html"
  },
  {
    "id": "1216996",
    "title": "6-pack Tripel Karmeliet 6x25 cl",
    "category": "Speciaal assortiment",
    "price": 6.99,
    "promoPrice": 6.99,
    "price_per_unit": null,
    "unit": null,
    "image": "https://s7g10.scene7.com/is/image/aldinord/product_1216996_main_cms_1_nl_nl_6_pack_tripel_karmeliet_cw01_2024",
    "beschikbaar": true,
    "promoEnd": "2025-10-19",
    "link": "https://www.aldi.nl/6-pack-tripel-karmeliet-1216996.html"
  },
  {
    "id": "1216988",
    "title": "DIRT DEVIL 16-pack universele microvezeldoekjes 16 stuks",
    "category": "Huishouden",
    "price": 2.99,
    "promoPrice": 2.99,
    "price_per_unit": null,
    "unit": null,
    "image": "https://s7g10.scene7.com/is/image/aldinord/product_1216988_main_cms_1_nl_nl_16_pack_universele_microvezeldoekjes_cw01_2024",
    "beschikbaar": true,
    "promoEnd": "2025-10-12",
    "link": "https://www.aldi.nl/16-pack-universele-microvezeldoekjes-1216988.html"
  },
  {
    "id": "1216964",
    "title": "MILSANI Skyr 500 g",
    "category": "Zuivel, eieren",
    "price": 2.5,
    "promoPrice": 2.5,
    "price_per_unit": 5.0,
    "unit": "KG",
    "image": "https://s7g10.scene7.com/is/image/aldinord/product_1216964_main_cms_8_nl_nl_skyr_cw01_2024",
    "beschikbaar": true,
    "promoEnd": "2025-10-12",
    "link": "https://www.aldi.nl/skyr-1216964.html"
  },
  {
    "id": "1216928",
    "title": "Scharrelkipburgers Inhoud: 2 stuks, 200 g",
    "category": "Vlees, vis, vega",
    "price": 2.79,
    "promoPrice": null,
    "price_per_unit": 13.95,
    "unit": "KG",
    "image": "https://s7g10.scene7.com/is/image/aldinord/variant_1216928_1_main_cms_2_nl_nl_scharrelkipburgers_cw01_2024",
    "beschikbaar": true,
    "promoEnd": null,
    "link": "https://www.aldi.nl/scharrelkipburgers-1216928.html"
  },
  {
    "id": "1216898",
    "title": "M&M M&M's choco 400 g",
    "category": "Snoep, koek, chips",
    "price": null,
    "promoPrice": null,
    "price_per_unit": null,
    "unit": null,
    "image": "https://s7g10.scene7.com/is/image/aldinord/product_1216898_main_cms_1_nl_nl_m_m_s_choco_cw01_2024",
    "beschikbaar": true,
    "promoEnd": null,
    "link": "https://www.aldi.nl/mms-choco-1216898.html"
  },
  {
    "id": "1216863",
    "title": "La Coterie Chardonnay 0.75 l",
    "category": "Speciaal assortiment",
    "price": 5.99,
    "promoPrice": null,
    "price_per_unit": 7.99,
    "unit": "L",
    "image": "https://s7g10.scene7.com/is/image/aldinord/product_1216863_main_cms_3_nl_nl_la_coterie_chardonnay_cw01_2024",
    "beschikbaar": true,
    "promoEnd": null,
    "link": "https://www.aldi.nl/la-coterie-chardonnay-1216863.html"
  },
  {
    "id": "1216850",
    "title": "La Coterie Grenache Syrah Mourvèdre 0.75 l",
    "category": "Speciaal assortiment",
    "price": 5.99,
    "promoPrice": null,
    "price_per_unit": 7.99,
    "unit": "L",
    "image": "https://s7g10.scene7.com/is/image/aldinord/product_1216850_main_cms_3_nl_nl_la_coterie_grenache_syrah_mourvedre_cw01_2024",
    "beschikbaar": true,
    "promoEnd": null,
    "link": "https://www.aldi.nl/la-coterie-grenache-syrah-mourvdre-1216850.html"
  },
  {
    "id": "1216822",
    "title": "HARIBO Kindermix 375 g",
    "category": "Speciaal assortiment",
    "price": 2.99,
    "promoPrice": 2.99,
    "price_per_unit": null,
    "unit": null,
    "image": "https://s7g10.scene7.com/is/image/aldinord/product_1216822_main_cms_1_nl_nl_kindermix_cw01_2024",
    "beschikbaar": true,
    "promoEnd": "2025-10-19",
    "link": "https://www.aldi.nl/kindermix-1216822.html"
  },
  {
    "id": "1216778",
    "title": "WESTMINSTER Groene thee citroen of cranberry 25 zakjes",
    "category": "Koffie, thee",
    "price": 0.69,
    "promoPrice": null,
    "price_per_unit": null,
    "unit": null,
    "image": "https://s7g10.scene7.com/is/image/aldinord/product_1216778_main_cms_1_nl_nl_groene_thee_citroen_of_cranberry_cw01_2024",
    "beschikbaar": true,
    "promoEnd": null,
    "link": "https://www.aldi.nl/groene-thee-citroen-of-cranberry-1216778.html"
  },
  {
    "id": "1216763",
    "title": "LAY'S Paprikachips 300 g",
    "category": "Snoep, koek, chips",
    "price": null,
    "promoPrice": null,
    "price_per_unit": null,
    "unit": null,
    "image": "https://s7g10.scene7.com/is/image/aldinord/product_1216763_main_cms_2_nl_nl_paprikachips_cw01_2024",
    "beschikbaar": true,
    "promoEnd": null,
    "link": "https://www.aldi.nl/paprikachips-1216763.html"
  },
  {
    "id": "1216741",
    "title": "WESTMINSTER Groene thee 25 zakjes",
    "category": "Koffie, thee",
    "price": 0.69,
    "promoPrice": null,
    "price_per_unit": null,
    "unit": null,
    "image": "https://s7g10.scene7.com/is/image/aldinord/product_1216741_main_cms_25_nl_nl_groene_thee_cw01_2024",
    "beschikbaar": true,
    "promoEnd": null,
    "link": "https://www.aldi.nl/groene-thee-1216741.html"
  },
  {
    "id": "1216724",
    "title": "Pangasiusfilets met tuinkruiden & knoflook 525 g",
    "category": "Speciaal assortiment",
    "price": 5.49,
    "promoPrice": 5.49,
    "price_per_unit": 10.46,
    "unit": "KG",
    "image": "https://s7g10.scene7.com/is/image/aldinord/product_1216724_main_cms_2_nl_nl_pangasiusfilets_met_tuinkruiden_knoflook_cw01_2024",
    "beschikbaar": true,
    "promoEnd": "2025-10-12",
    "link": "https://www.aldi.nl/pangasiusfilets-met-tuinkruiden-knoflook-1216724.html"
  },
  {
    "id": "1216719",
    "title": "Bastide de la Chapelle Provence rosé 0.75 l",
    "category": "Bier, wijn, sterke drank",
    "price": 5.99,
    "promoPrice": null,
    "price_per_unit": 7.99,
    "unit": "L",
    "image": "https://s7g10.scene7.com/is/image/aldinord/product_1216719_main_cms_4_nl_nl_bastide_de_la_chapelle_provence_rose_cw01_2024",
    "beschikbaar": true,
    "promoEnd": null,
    "link": "https://www.aldi.nl/bastide-de-la-chapelle-provence-ros-1216719.html"
  },
  {
    "id": "1216662",
    "title": "WESTMINSTER fruitthee aardbei bosvrucht 25x1,5g 25 zakjes",
    "category": "Koffie, thee",
    "price": 0.99,
    "promoPrice": null,
    "price_per_unit": null,
    "unit": null,
    "image": "https://s7g10.scene7.com/is/image/aldinord/product_1216662_main_cms_5_nl_nl_fruitthee_aardbei_bosvrucht_25x1_5g_cw01_2024",
    "beschikbaar": true,
    "promoEnd": null,
    "link": "https://www.aldi.nl/fruitthee-aardbei-bosvrucht-25x15g-1216662.html"
  },
  {
    "id": "1216660",
    "title": "MILSANI High protein mousse 200 g",
    "category": "Zuivel, eieren",
    "price": 1.39,
    "promoPrice": null,
    "price_per_unit": 6.95,
    "unit": "KG",
    "image": "https://s7g10.scene7.com/is/image/aldinord/product_1216660_main_cms_13_nl_nl_high_protein_mousse_cw01_2024",
    "beschikbaar": true,
    "promoEnd": null,
    "link": "https://www.aldi.nl/high-protein-mousse-1216660.html"
  },
  {
    "id": "1216652",
    "title": "RAVINI Vermouth Bianco 1 l",
    "category": "Frisdrank, sappen",
    "price": 3.99,
    "promoPrice": null,
    "price_per_unit": 3.99,
    "unit": "L",
    "image": "https://s7g10.scene7.com/is/image/aldinord/product_1216652_main_cms_1_nl_nl_vermouth_bianco_cw01_2024",
    "beschikbaar": true,
    "promoEnd": null,
    "link": "https://www.aldi.nl/vermouth-bianco-1216652.html"
  },
  {
    "id": "1216651",
    "title": "Mega scharreleieren 10 stuks",
    "category": "Zuivel, eieren",
    "price": 2.85,
    "promoPrice": null,
    "price_per_unit": null,
    "unit": null,
    "image": "https://s7g10.scene7.com/is/image/aldinord/product_1216651_main_cms_2_nl_nl_mega_scharreleieren_cw01_2024",
    "beschikbaar": true,
    "promoEnd": null,
    "link": "https://www.aldi.nl/mega-scharreleieren-1216651.html"
  },
  {
    "id": "1216639",
    "title": "HEINEKEN Heineken 0.5 l",
    "category": "Bier, wijn, sterke drank",
    "price": null,
    "promoPrice": null,
    "price_per_unit": null,
    "unit": null,
    "image": "https://s7g10.scene7.com/is/image/aldinord/product_1216639_main_cms_1_nl_nl_heineken_cw01_2024",
    "beschikbaar": true,
    "promoEnd": null,
    "link": "https://www.aldi.nl/heineken-1216639.html"
  },
  {
    "id": "1216636",
    "title": "Charette Sauvignon Blanc 0.75 l",
    "category": "Bier, wijn, sterke drank",
    "price": 3.99,
    "promoPrice": null,
    "price_per_unit": 5.32,
    "unit": "L",
    "image": "https://s7g10.scene7.com/is/image/aldinord/product_1216636_main_cms_6_nl_nl_charette_sauvignon_blanc_cw01_2024",
    "beschikbaar": true,
    "promoEnd": null,
    "link": "https://www.aldi.nl/charette-sauvignon-blanc-1216636.html"
  },
  {
    "id": "1216632",
    "title": "DOVE Men+care deodorant 150 ml",
    "category": "Baby, verzorging",
    "price": null,
    "promoPrice": null,
    "price_per_unit": null,
    "unit": null,
    "image": "https://s7g10.scene7.com/is/image/aldinord/product_1216632_main_cms_7_nl_nl_men_care_deodorant_cw01_2024",
    "beschikbaar": true,
    "promoEnd": null,
    "link": "https://www.aldi.nl/mencare-deodorant-1216632.html"
  },
  {
    "id": "1216627",
    "title": "TRADER JOE'S Hazelnoten 200 g",
    "category": "Snoep, koek, chips",
    "price": 3.25,
    "promoPrice": null,
    "price_per_unit": 16.25,
    "unit": "KG",
    "image": "https://s7g10.scene7.com/is/image/aldinord/variant_1216627_2_main_cms_2_nl_nl_hazelnoten_cw01_2024",
    "beschikbaar": true,
    "promoEnd": null,
    "link": "https://www.aldi.nl/hazelnoten-1216627.html"
  },
  {
    "id": "1216616",
    "title": "DOVE Deodorant original 150 ml",
    "category": "Baby, verzorging",
    "price": null,
    "promoPrice": null,
    "price_per_unit": null,
    "unit": null,
    "image": "https://s7g10.scene7.com/is/image/aldinord/variant_1216616_1_main_cms_3_nl_nl_deodorant_original_cw01_2024",
    "beschikbaar": true,
    "promoEnd": null,
    "link": "https://www.aldi.nl/deodorant-original-1216616.html"
  },
  {
    "id": "1216601",
    "title": "Zachte pepernoten 250 g",
    "category": "Speciaal assortiment",
    "price": 1.59,
    "promoPrice": null,
    "price_per_unit": 6.36,
    "unit": "KG",
    "image": "https://s7g10.scene7.com/is/image/aldinord/product_1216601_main_cms_1_nl_nl_zachte_pepernoten_cw01_2024",
    "beschikbaar": true,
    "promoEnd": null,
    "link": "https://www.aldi.nl/zachte-pepernoten-1216601.html"
  },
  {
    "id": "1216567",
    "title": "MONA Vanillepudding 450 ml",
    "category": "Zuivel, eieren",
    "price": null,
    "promoPrice": null,
    "price_per_unit": null,
    "unit": null,
    "image": "https://s7g10.scene7.com/is/image/aldinord/variant_1216567_1_main_cms_1_nl_nl_vanillepudding_cw01_2024",
    "beschikbaar": true,
    "promoEnd": null,
    "link": "https://www.aldi.nl/vanillepudding-1216567.html"
  },
  {
    "id": "1216562",
    "title": "Bakkerskruidnoten 350 g",
    "category": "Snoep, koek, chips",
    "price": 1.79,
    "promoPrice": null,
    "price_per_unit": 5.11,
    "unit": "KG",
    "image": "https://s7g10.scene7.com/is/image/aldinord/product_1216562_main_cms_4_nl_nl_bakkerskruidnoten_cw01_2024",
    "beschikbaar": true,
    "promoEnd": null,
    "link": "https://www.aldi.nl/bakkerskruidnoten-1216562.html"
  },
  {
    "id": "1216556",
    "title": "MONA Griesmeelpudding 450 ml",
    "category": "Zuivel, eieren",
    "price": null,
    "promoPrice": null,
    "price_per_unit": null,
    "unit": null,
    "image": "https://s7g10.scene7.com/is/image/aldinord/variant_1216556_1_main_cms_1_nl_nl_griesmeelpudding_cw01_2024",
    "beschikbaar": true,
    "promoEnd": null,
    "link": "https://www.aldi.nl/griesmeelpudding-1216556.html"
  },
  {
    "id": "1216555",
    "title": "Almoso Vino Rosso 0.75 l",
    "category": "Bier, wijn, sterke drank",
    "price": 4.99,
    "promoPrice": null,
    "price_per_unit": 6.65,
    "unit": "L",
    "image": "https://s7g10.scene7.com/is/image/aldinord/product_1216555_main_cms_4_nl_nl_almoso_vino_rosso_cw01_2024",
    "beschikbaar": true,
    "promoEnd": null,
    "link": "https://www.aldi.nl/almoso-vino-rosso-1216555.html"
  },
  {
    "id": "1216551",
    "title": "Strooigoed 800 g",
    "category": "Speciaal assortiment",
    "price": 3.11,
    "promoPrice": null,
    "price_per_unit": 3.89,
    "unit": "KG",
    "image": "https://s7g10.scene7.com/is/image/aldinord/product_1216551_main_cms_1_nl_nl_strooigoed_cw01_2024",
    "beschikbaar": true,
    "promoEnd": null,
    "link": "https://www.aldi.nl/strooigoed-1216551.html"
  },
  {
    "id": "1216547",
    "title": "SCHULTENBRÄU Neipa 33 cl",
    "category": "Bier, wijn, sterke drank",
    "price": 0.99,
    "promoPrice": null,
    "price_per_unit": null,
    "unit": null,
    "image": "https://s7g10.scene7.com/is/image/aldinord/product_1216547_main_cms_3_nl_nl_neipa_cw01_2024",
    "beschikbaar": true,
    "promoEnd": null,
    "link": "https://www.aldi.nl/neipa-1216547.html"
  },
  {
    "id": "1216535",
    "title": "BROUWMEESTER Bier 0.5 l",
    "category": "Bier, wijn, sterke drank",
    "price": 0.66,
    "promoPrice": null,
    "price_per_unit": 1.32,
    "unit": "L",
    "image": "https://s7g10.scene7.com/is/image/aldinord/product_1216535_main_cms_1_nl_nl_bier_cw01_2024",
    "beschikbaar": true,
    "promoEnd": null,
    "link": "https://www.aldi.nl/bier-1216535.html"
  },
  {
    "id": "1216472",
    "title": "ROMEO Dental snacks 180 g",
    "category": "Huisdieren",
    "price": 1.29,
    "promoPrice": null,
    "price_per_unit": 5.16,
    "unit": "KG",
    "image": "https://s7g10.scene7.com/is/image/aldinord/product_1216472_main_cms_8_nl_nl_dental_snacks_cw01_2024",
    "beschikbaar": true,
    "promoEnd": null,
    "link": "https://www.aldi.nl/dental-snacks-1216472.html"
  },
  {
    "id": "1216462",
    "title": "Culinaire smaakaardappelen 800 g",
    "category": "Groente, aardappelen",
    "price": 1.59,
    "promoPrice": null,
    "price_per_unit": 1.99,
    "unit": "KG",
    "image": "https://s7g10.scene7.com/is/image/aldinord/product_1216462_main_cms_3_nl_nl_culinaire_smaakaardappelen_cw01_2024",
    "beschikbaar": true,
    "promoEnd": null,
    "link": "https://www.aldi.nl/culinaire-smaakaardappelen-1216462.html"
  },
  {
    "id": "1216455",
    "title": "KIEKEBOE Mini kruidnootjes 300 g",
    "category": "Speciaal assortiment",
    "price": 2.99,
    "promoPrice": null,
    "price_per_unit": 9.97,
    "unit": "KG",
    "image": "https://s7g10.scene7.com/is/image/aldinord/product_1216455_main_cms_2_nl_nl_mini_kruidnootjes_cw01_2024",
    "beschikbaar": true,
    "promoEnd": null,
    "link": "https://www.aldi.nl/mini-kruidnootjes-1216455.html"
  },
  {
    "id": "1216448",
    "title": "LACURA Multi intensive serum 30 ml",
    "category": "Baby, verzorging",
    "price": 2.99,
    "promoPrice": null,
    "price_per_unit": 99.67,
    "unit": "L",
    "image": "https://s7g10.scene7.com/is/image/aldinord/product_1216448_main_cms_7_nl_nl_multi_intensive_serum_cw01_2024",
    "beschikbaar": true,
    "promoEnd": null,
    "link": "https://www.aldi.nl/multi-intensive-serum-1216448.html"
  },
  {
    "id": "1216436",
    "title": "TROPHY SMAAKMAKERS Romige knoflooksaus 525 ml",
    "category": "Maaltijden, salades",
    "price": 1.99,
    "promoPrice": null,
    "price_per_unit": 3.79,
    "unit": "L",
    "image": "https://s7g10.scene7.com/is/image/aldinord/product_1216436_main_cms_4_nl_nl_romige_knoflooksaus_cw01_2024",
    "beschikbaar": true,
    "promoEnd": null,
    "link": "https://www.aldi.nl/romige-knoflooksaus-1216436.html"
  },
  {
    "id": "1216399",
    "title": "PREMIUM DUTCH Rum-cola 25 cl",
    "category": "Frisdrank, sappen",
    "price": 1.29,
    "promoPrice": null,
    "price_per_unit": null,
    "unit": null,
    "image": "https://s7g10.scene7.com/is/image/aldinord/product_1216399_main_cms_6_nl_nl_rum_cola_cw01_2024",
    "beschikbaar": true,
    "promoEnd": null,
    "link": "https://www.aldi.nl/rum-cola-1216399.html"
  },
  {
    "id": "1216391",
    "title": "COCA-COLA 12-pack Coca-Cola regular 12x33 cl",
    "category": "Frisdrank, sappen",
    "price": null,
    "promoPrice": null,
    "price_per_unit": null,
    "unit": null,
    "image": "https://s7g10.scene7.com/is/image/aldinord/product_1216391_main_cms_1_nl_nl_12_pack_coca_cola_regular_cw01_2024",
    "beschikbaar": true,
    "promoEnd": null,
    "link": "https://www.aldi.nl/12-pack-coca-cola-regular-1216391.html"
  },
  {
    "id": "1216382",
    "title": "DAYLICIOUS Kipkerriesalade 250 g",
    "category": "Maaltijden, salades",
    "price": 1.89,
    "promoPrice": null,
    "price_per_unit": 7.56,
    "unit": "KG",
    "image": "https://s7g10.scene7.com/is/image/aldinord/product_1216382_main_cms_7_nl_nl_kipkerriesalade_cw01_2024",
    "beschikbaar": true,
    "promoEnd": null,
    "link": "https://www.aldi.nl/kipkerriesalade-1216382.html"
  },
  {
    "id": "1216381",
    "title": "AA DRINK Energydrink* 25 cl",
    "category": "Frisdrank, sappen",
    "price": null,
    "promoPrice": null,
    "price_per_unit": null,
    "unit": null,
    "image": "https://s7g10.scene7.com/is/image/aldinord/product_1216381_main_cms_2_nl_nl_energydrink_cw01_2024",
    "beschikbaar": true,
    "promoEnd": null,
    "link": "https://www.aldi.nl/energydrink-1216381.html"
  },
  {
    "id": "1216376",
    "title": "GOLDEN BRIDGE Krokante muesli 5 noten 400 g",
    "category": "Brood, ontbijtgranen",
    "price": 2.59,
    "promoPrice": null,
    "price_per_unit": 6.48,
    "unit": "KG",
    "image": "https://s7g10.scene7.com/is/image/aldinord/product_1216376_main_cms_1_nl_nl_krokante_muesli_5_noten_cw01_2024",
    "beschikbaar": true,
    "promoEnd": null,
    "link": "https://www.aldi.nl/krokante-muesli-5-noten-1216376.html"
  },
  {
    "id": "1216371",
    "title": "Kip-bambasalade 250 g",
    "category": "Maaltijden, salades",
    "price": 1.99,
    "promoPrice": null,
    "price_per_unit": 7.96,
    "unit": "KG",
    "image": "https://s7g10.scene7.com/is/image/aldinord/product_1216371_main_cms_8_nl_nl_kip_bambasalade_cw01_2024",
    "beschikbaar": true,
    "promoEnd": null,
    "link": "https://www.aldi.nl/kip-bambasalade-1216371.html"
  },
  {
    "id": "1216368",
    "title": "RED BULL Red Bull 250 ml",
    "category": "Frisdrank, sappen",
    "price": null,
    "promoPrice": null,
    "price_per_unit": null,
    "unit": null,
    "image": "https://s7g10.scene7.com/is/image/aldinord/product_1216368_main_cms_2_nl_nl_red_bull_cw01_2024",
    "beschikbaar": true,
    "promoEnd": null,
    "link": "https://www.aldi.nl/red-bull-1216368.html"
  },
  {
    "id": "1216364",
    "title": "GOLDEN BRIDGE Krokante muesli chocolade 320 g",
    "category": "Brood, ontbijtgranen",
    "price": 2.59,
    "promoPrice": null,
    "price_per_unit": 6.48,
    "unit": "KG",
    "image": "https://s7g10.scene7.com/is/image/aldinord/product_1216364_main_cms_1_nl_nl_krokante_muesli_chocolade_cw01_2024",
    "beschikbaar": true,
    "promoEnd": null,
    "link": "https://www.aldi.nl/krokante-muesli-chocolade-1216364.html"
  },
  {
    "id": "1216354",
    "title": "FANTA 12-pack Fanta orange 12x33 cl",
    "category": "Frisdrank, sappen",
    "price": null,
    "promoPrice": null,
    "price_per_unit": null,
    "unit": null,
    "image": "https://s7g10.scene7.com/is/image/aldinord/product_1216354_main_cms_1_nl_nl_12_pack_fanta_orange_cw01_2024",
    "beschikbaar": true,
    "promoEnd": null,
    "link": "https://www.aldi.nl/12-pack-fanta-orange-1216354.html"
  },
  {
    "id": "1216351",
    "title": "Oude-kaassalade 250 g",
    "category": "Maaltijden, salades",
    "price": 1.83,
    "promoPrice": null,
    "price_per_unit": 7.32,
    "unit": "KG",
    "image": "https://s7g10.scene7.com/is/image/aldinord/product_1216351_main_cms_7_nl_nl_oude_kaassalade_cw01_2024",
    "beschikbaar": true,
    "promoEnd": null,
    "link": "https://www.aldi.nl/oude-kaassalade-1216351.html"
  },
  {
    "id": "1216348",
    "title": "GOLDEN BRIDGE Rijkgevulde muesli 750 g",
    "category": "Brood, ontbijtgranen",
    "price": 3.69,
    "promoPrice": null,
    "price_per_unit": 4.92,
    "unit": "KG",
    "image": "https://s7g10.scene7.com/is/image/aldinord/product_1216348_main_cms_4_nl_nl_rijkgevulde_muesli_cw01_2024",
    "beschikbaar": true,
    "promoEnd": null,
    "link": "https://www.aldi.nl/rijkgevulde-muesli-1216348.html"
  },
  {
    "id": "1216347",
    "title": "6-pack Heineken 6x33 cl",
    "category": "Bier, wijn, sterke drank",
    "price": 4.69,
    "promoPrice": 4.69,
    "price_per_unit": 14.21,
    "unit": "L",
    "image": "https://s7g10.scene7.com/is/image/aldinord/product_1216347_main_cms_2_nl_nl_6_pack_heineken_cw01_2024",
    "beschikbaar": true,
    "promoEnd": "2025-10-12",
    "link": "https://www.aldi.nl/6-pack-heineken-1216347.html"
  },
  {
    "id": "1216346",
    "title": "GOLDEN BRIDGE Geroosterde muesli 300-325 g",
    "category": "Brood, ontbijtgranen",
    "price": 1.99,
    "promoPrice": null,
    "price_per_unit": 6.12,
    "unit": "KG",
    "image": "https://s7g10.scene7.com/is/image/aldinord/product_1216346_main_cms_4_nl_nl_geroosterde_muesli_cw01_2024",
    "beschikbaar": true,
    "promoEnd": null,
    "link": "https://www.aldi.nl/geroosterde-muesli-1216346.html"
  },
  {
    "id": "1216342",
    "title": "Desperados 50 cl",
    "category": "Bier, wijn, sterke drank",
    "price": 2.06,
    "promoPrice": null,
    "price_per_unit": null,
    "unit": null,
    "image": "https://s7g10.scene7.com/is/image/aldinord/product_1216342_main_cms_2_nl_nl_desperados_cw01_2024",
    "beschikbaar": true,
    "promoEnd": null,
    "link": "https://www.aldi.nl/desperados-1216342.html"
  },
  {
    "id": "1216332",
    "title": "COCA-COLA 12-pack Coca-Cola zero 12x33 cl",
    "category": "Frisdrank, sappen",
    "price": null,
    "promoPrice": null,
    "price_per_unit": null,
    "unit": null,
    "image": "https://s7g10.scene7.com/is/image/aldinord/product_1216332_main_cms_1_nl_nl_12_pack_coca_cola_zero_cw01_2024",
    "beschikbaar": true,
    "promoEnd": null,
    "link": "https://www.aldi.nl/12-pack-coca-cola-zero-1216332.html"
  },
  {
    "id": "1216331",
    "title": "HEINEKEN 6-pack Heineken 0.0% 6x33 cl",
    "category": "Bier, wijn, sterke drank",
    "price": null,
    "promoPrice": null,
    "price_per_unit": null,
    "unit": null,
    "image": "https://s7g10.scene7.com/is/image/aldinord/product_1216331_main_cms_1_nl_nl_6_pack_heineken_0_0_cw01_2024",
    "beschikbaar": true,
    "promoEnd": null,
    "link": "https://www.aldi.nl/6-pack-heineken-00-1216331.html"
  },
  {
    "id": "1216323",
    "title": "HERTOG JAN 4-pack bier 4x33 cl",
    "category": "Bier, wijn, sterke drank",
    "price": null,
    "promoPrice": null,
    "price_per_unit": null,
    "unit": null,
    "image": "https://s7g10.scene7.com/is/image/aldinord/product_1216323_main_cms_6_nl_nl_4_pack_bier_cw01_2024",
    "beschikbaar": true,
    "promoEnd": null,
    "link": "https://www.aldi.nl/4-pack-bier-1216323.html"
  },
  {
    "id": "1216321",
    "title": "AMSTEL 6-pack Radler 0.0% 6x33 cl",
    "category": "Bier, wijn, sterke drank",
    "price": null,
    "promoPrice": null,
    "price_per_unit": null,
    "unit": null,
    "image": "https://s7g10.scene7.com/is/image/aldinord/product_1216321_main_cms_6_nl_nl_6_pack_radler_0_0_cw01_2024",
    "beschikbaar": true,
    "promoEnd": null,
    "link": "https://www.aldi.nl/6-pack-radler-00-1216321.html"
  },
  {
    "id": "1216320",
    "title": "HERTOG JAN Bier 0.5 l",
    "category": "Bier, wijn, sterke drank",
    "price": 1.09,
    "promoPrice": 1.09,
    "price_per_unit": 2.18,
    "unit": "L",
    "image": "https://s7g10.scene7.com/is/image/aldinord/product_1216320_main_cms_1_nl_nl_bier_cw01_2024",
    "beschikbaar": true,
    "promoEnd": "2025-10-19",
    "link": "https://www.aldi.nl/bier-1216320.html"
  },
  {
    "id": "1216311",
    "title": "UNA 2-pack wc-blokken 5-in-1 2-pack",
    "category": "Huishouden",
    "price": 1.79,
    "promoPrice": null,
    "price_per_unit": null,
    "unit": null,
    "image": "https://s7g10.scene7.com/is/image/aldinord/product_1216311_main_cms_5_nl_nl_2_pack_wc_blokken_5_in_1_cw01_2024",
    "beschikbaar": true,
    "promoEnd": null,
    "link": "https://www.aldi.nl/2-pack-wc-blokken-5-in-1-1216311.html"
  },
  {
    "id": "1216301",
    "title": "MOSER ROTH Pure chocolade 85% cacao 125 g",
    "category": "Snoep, koek, chips",
    "price": 2.39,
    "promoPrice": null,
    "price_per_unit": 19.12,
    "unit": "KG",
    "image": "https://s7g10.scene7.com/is/image/aldinord/product_1216301_main_cms_4_nl_nl_pure_chocolade_85_cacao_cw01_2024",
    "beschikbaar": true,
    "promoEnd": null,
    "link": "https://www.aldi.nl/pure-chocolade-85-cacao-1216301.html"
  },
  {
    "id": "1216296",
    "title": "MOSER ROTH Pure chocolade 70% cacao 125 g",
    "category": "Snoep, koek, chips",
    "price": 2.39,
    "promoPrice": null,
    "price_per_unit": 19.12,
    "unit": "KG",
    "image": "https://s7g10.scene7.com/is/image/aldinord/product_1216296_main_cms_6_nl_nl_pure_chocolade_70_cacao_cw01_2024",
    "beschikbaar": true,
    "promoEnd": null,
    "link": "https://www.aldi.nl/pure-chocolade-70-cacao-1216296.html"
  },
  {
    "id": "1216286",
    "title": "JULIET Kattenvoer in blik 400-415 g",
    "category": "Huisdieren",
    "price": 0.87,
    "promoPrice": null,
    "price_per_unit": null,
    "unit": null,
    "image": "https://s7g10.scene7.com/is/image/aldinord/product_1216286_main_cms_1_nl_nl_kattenvoer_in_blik_cw01_2024",
    "beschikbaar": true,
    "promoEnd": null,
    "link": "https://www.aldi.nl/kattenvoer-in-blik-1216286.html"
  },
  {
    "id": "1216250",
    "title": "JULIET Kattenbrokjes in saus 415 g",
    "category": "Huisdieren",
    "price": 0.79,
    "promoPrice": null,
    "price_per_unit": 1.9,
    "unit": "KG",
    "image": "https://s7g10.scene7.com/is/image/aldinord/product_1216250_main_cms_12_nl_nl_kattenbrokjes_in_saus_cw01_2024",
    "beschikbaar": true,
    "promoEnd": null,
    "link": "https://www.aldi.nl/kattenbrokjes-in-saus-1216250.html"
  },
  {
    "id": "1216234",
    "title": "ROMEO High premium hondenvoer 400 g",
    "category": "Huisdieren",
    "price": 1.09,
    "promoPrice": null,
    "price_per_unit": 2.73,
    "unit": "KG",
    "image": "https://s7g10.scene7.com/is/image/aldinord/product_1216234_main_cms_7_nl_nl_high_premium_hondenvoer_cw01_2024",
    "beschikbaar": true,
    "promoEnd": null,
    "link": "https://www.aldi.nl/high-premium-hondenvoer-1216234.html"
  },
  {
    "id": "1216228",
    "title": "JULIET Kattenbrokjes 800 g",
    "category": "Huisdieren",
    "price": 3.99,
    "promoPrice": null,
    "price_per_unit": 4.99,
    "unit": "KG",
    "image": "https://s7g10.scene7.com/is/image/aldinord/product_1216228_main_cms_8_nl_nl_kattenbrokjes_cw01_2024",
    "beschikbaar": true,
    "promoEnd": null,
    "link": "https://www.aldi.nl/kattenbrokjes-1216228.html"
  },
  {
    "id": "1216212",
    "title": "SNOEPFABRIEK Suikervrije hartjes, mini- of soft gums 100 g",
    "category": "Snoep, koek, chips",
    "price": 1.29,
    "promoPrice": null,
    "price_per_unit": 12.9,
    "unit": "KG",
    "image": "https://s7g10.scene7.com/is/image/aldinord/product_1216212_main_cms_4_nl_nl_suikervrije_hartjes_mini_of_soft_gums_cw01_2024",
    "beschikbaar": true,
    "promoEnd": null,
    "link": "https://www.aldi.nl/suikervrije-hartjes-mini-of-soft-gums-1216212.html"
  },
  {
    "id": "1216210",
    "title": "Adega de Pegões rosé 0.75 l",
    "category": "Bier, wijn, sterke drank",
    "price": 3.99,
    "promoPrice": null,
    "price_per_unit": 5.32,
    "unit": "L",
    "image": "https://s7g10.scene7.com/is/image/aldinord/product_1216210_main_cms_3_nl_nl_adega_de_pegoes_rose_cw01_2024",
    "beschikbaar": true,
    "promoEnd": null,
    "link": "https://www.aldi.nl/adega-de-peges-ros-1216210.html"
  },
  {
    "id": "1216208",
    "title": "ROMEO Kauwstengels Inhoud: 8 stuks, 88 g",
    "category": "Huisdieren",
    "price": 1.29,
    "promoPrice": null,
    "price_per_unit": 14.66,
    "unit": "KG",
    "image": "https://s7g10.scene7.com/is/image/aldinord/product_1216208_main_cms_13_nl_nl_kauwstengels_cw01_2024",
    "beschikbaar": true,
    "promoEnd": null,
    "link": "https://www.aldi.nl/kauwstengels-1216208.html"
  },
  {
    "id": "1216198",
    "title": "ROMEO Fijne paté voor honden 300 g",
    "category": "Huisdieren",
    "price": 0.79,
    "promoPrice": null,
    "price_per_unit": 2.63,
    "unit": "KG",
    "image": "https://s7g10.scene7.com/is/image/aldinord/product_1216198_main_cms_20_nl_nl_fijne_pate_voor_honden_cw01_2024",
    "beschikbaar": true,
    "promoEnd": null,
    "link": "https://www.aldi.nl/fijne-pat-voor-honden-1216198.html"
  },
  {
    "id": "1216174",
    "title": "COCA-COLA 4-pack Coca-Cola zero 4x1.5 l",
    "category": "Frisdrank, sappen",
    "price": null,
    "promoPrice": null,
    "price_per_unit": null,
    "unit": null,
    "image": "https://s7g10.scene7.com/is/image/aldinord/product_1216174_main_cms_1_nl_nl_4_pack_coca_cola_zero_cw01_2024",
    "beschikbaar": true,
    "promoEnd": null,
    "link": "https://www.aldi.nl/4-pack-coca-cola-zero-1216174.html"
  },
  {
    "id": "1216159",
    "title": "JULIET Kattenbrokjes 2 kg",
    "category": "Huisdieren",
    "price": 2.99,
    "promoPrice": null,
    "price_per_unit": 1.5,
    "unit": "KG",
    "image": "https://s7g10.scene7.com/is/image/aldinord/product_1216159_main_cms_6_nl_nl_kattenbrokjes_cw01_2024",
    "beschikbaar": true,
    "promoEnd": null,
    "link": "https://www.aldi.nl/kattenbrokjes-1216159.html"
  },
  {
    "id": "1216158",
    "title": "COCA-COLA 4-pack Coca-Cola regular 4x1.5 l",
    "category": "Frisdrank, sappen",
    "price": null,
    "promoPrice": null,
    "price_per_unit": null,
    "unit": null,
    "image": "https://s7g10.scene7.com/is/image/aldinord/product_1216158_main_cms_1_nl_nl_4_pack_coca_cola_regular_cw01_2024",
    "beschikbaar": true,
    "promoEnd": null,
    "link": "https://www.aldi.nl/4-pack-coca-cola-regular-1216158.html"
  },
  {
    "id": "1216122",
    "title": "JULIET Katten kauwsticks 10 sticks",
    "category": "Huisdieren",
    "price": 1.19,
    "promoPrice": null,
    "price_per_unit": 23.8,
    "unit": "KG",
    "image": "https://s7g10.scene7.com/is/image/aldinord/product_1216122_main_cms_10_nl_nl_katten_kauwsticks_cw01_2024",
    "beschikbaar": true,
    "promoEnd": null,
    "link": "https://www.aldi.nl/katten-kauwsticks-1216122.html"
  },
  {
    "id": "1216104",
    "title": "Scharrelkipgehakt 300 g",
    "category": "Vlees, vis, vega",
    "price": 3.74,
    "promoPrice": null,
    "price_per_unit": 12.47,
    "unit": "KG",
    "image": "https://s7g10.scene7.com/is/image/aldinord/product_1216104_main_cms_1_nl_nl_scharrelkipgehakt_cw01_2024",
    "beschikbaar": true,
    "promoEnd": null,
    "link": "https://www.aldi.nl/scharrelkipgehakt-1216104.html"
  },
  {
    "id": "1216090",
    "title": "DREFT Quickwash afwasmiddel 350 ml",
    "category": "Huishouden",
    "price": 3,
    "promoPrice": 3,
    "price_per_unit": 8.57,
    "unit": "L",
    "image": "https://s7g10.scene7.com/is/image/aldinord/product_1216090_main_cms_3_nl_nl_quickwash_afwasmiddel_cw01_2024",
    "beschikbaar": true,
    "promoEnd": "2025-10-12",
    "link": "https://www.aldi.nl/quickwash-afwasmiddel-1216090.html"
  },
  {
    "id": "1216063",
    "title": "HEERLIJCK BANKET Chocolade pindakoeken Inhoud: 6 stuks, 200 g",
    "category": "Snoep, koek, chips",
    "price": 1.99,
    "promoPrice": null,
    "price_per_unit": 9.95,
    "unit": "KG",
    "image": "https://s7g10.scene7.com/is/image/aldinord/variant_1216063_1_main_cms_1_nl_nl_chocolade_pindakoeken_cw01_2024",
    "beschikbaar": true,
    "promoEnd": null,
    "link": "https://www.aldi.nl/chocolade-pindakoeken-1216063.html"
  },
  {
    "id": "1216041",
    "title": "KNOPPERS 8-pack Knoppers 200 g",
    "category": "Snoep, koek, chips",
    "price": null,
    "promoPrice": null,
    "price_per_unit": null,
    "unit": null,
    "image": "https://s7g10.scene7.com/is/image/aldinord/product_1216041_main_cms_9_nl_nl_8_pack_knoppers_cw01_2024",
    "beschikbaar": true,
    "promoEnd": null,
    "link": "https://www.aldi.nl/8-pack-knoppers-1216041.html"
  },
  {
    "id": "1216016",
    "title": "RIO D'ORO Duodrank 1.5 l",
    "category": "Groente, aardappelen",
    "price": 2.29,
    "promoPrice": null,
    "price_per_unit": 1.53,
    "unit": "L",
    "image": "https://s7g10.scene7.com/is/image/aldinord/product_1216016_main_cms_6_nl_nl_duodrank_cw01_2024",
    "beschikbaar": true,
    "promoEnd": null,
    "link": "https://www.aldi.nl/duodrank-1216016.html"
  },
  {
    "id": "1215977",
    "title": "Tzatziki 150 g",
    "category": "Speciaal assortiment",
    "price": 1.39,
    "promoPrice": null,
    "price_per_unit": null,
    "unit": null,
    "image": "https://s7g10.scene7.com/is/image/aldinord/product_1215977_main_cms_2_nl_nl_tzatziki_cw01_2024",
    "beschikbaar": true,
    "promoEnd": null,
    "link": "https://www.aldi.nl/tzatziki-1215977.html"
  },
  {
    "id": "1215901",
    "title": "BELLASAN Olijfolie 500 ml",
    "category": "Maaltijden, salades",
    "price": 5.69,
    "promoPrice": null,
    "price_per_unit": 11.38,
    "unit": "L",
    "image": "https://s7g10.scene7.com/is/image/aldinord/product_1215901_main_cms_5_nl_nl_olijfolie_cw01_2024",
    "beschikbaar": true,
    "promoEnd": null,
    "link": "https://www.aldi.nl/olijfolie-1215901.html"
  },
  {
    "id": "1215889",
    "title": "SUN SNACKS Fritessticks naturel 150 g",
    "category": "Snoep, koek, chips",
    "price": 0.99,
    "promoPrice": null,
    "price_per_unit": 6.6,
    "unit": "KG",
    "image": "https://s7g10.scene7.com/is/image/aldinord/product_1215889_main_cms_1_nl_nl_fritessticks_naturel_cw01_2024",
    "beschikbaar": true,
    "promoEnd": null,
    "link": "https://www.aldi.nl/fritessticks-naturel-1215889.html"
  },
  {
    "id": "1215853",
    "title": "SUN SNACKS Chips 250 g",
    "category": "Snoep, koek, chips",
    "price": 1.39,
    "promoPrice": null,
    "price_per_unit": null,
    "unit": null,
    "image": "https://s7g10.scene7.com/is/image/aldinord/product_1215853_main_cms_3_nl_nl_chips_cw01_2024",
    "beschikbaar": true,
    "promoEnd": null,
    "link": "https://www.aldi.nl/chips-1215853.html"
  },
  {
    "id": "1215842",
    "title": "SUN SNACKS Fritessticks paprika 150 g",
    "category": "Snoep, koek, chips",
    "price": 0.99,
    "promoPrice": null,
    "price_per_unit": 6.6,
    "unit": "KG",
    "image": "https://s7g10.scene7.com/is/image/aldinord/product_1215842_main_cms_1_nl_nl_fritessticks_paprika_cw01_2024",
    "beschikbaar": true,
    "promoEnd": null,
    "link": "https://www.aldi.nl/fritessticks-paprika-1215842.html"
  },
  {
    "id": "1215827",
    "title": "ROMEO Hondenbrokken 2 kg",
    "category": "Huisdieren",
    "price": 3.99,
    "promoPrice": null,
    "price_per_unit": null,
    "unit": null,
    "image": "https://s7g10.scene7.com/is/image/aldinord/product_1215827_main_cms_3_nl_nl_hondenbrokken_cw01_2024",
    "beschikbaar": true,
    "promoEnd": null,
    "link": "https://www.aldi.nl/hondenbrokken-1215827.html"
  },
  {
    "id": "1215816",
    "title": "ASIA GREEN GARDEN Woksaus 200 g",
    "category": "Maaltijden, salades",
    "price": 1.49,
    "promoPrice": null,
    "price_per_unit": 7.45,
    "unit": "KG",
    "image": "https://s7g10.scene7.com/is/image/aldinord/product_1215816_main_cms_3_nl_nl_woksaus_cw01_2024",
    "beschikbaar": true,
    "promoEnd": null,
    "link": "https://www.aldi.nl/woksaus-1215816.html"
  },
  {
    "id": "1215806",
    "title": "ASIA GREEN GARDEN Instant noodles 85 g",
    "category": "Maaltijden, salades",
    "price": 0.55,
    "promoPrice": null,
    "price_per_unit": 6.47,
    "unit": "KG",
    "image": "https://s7g10.scene7.com/is/image/aldinord/product_1215806_main_cms_7_nl_nl_instant_noodles_cw01_2024",
    "beschikbaar": true,
    "promoEnd": null,
    "link": "https://www.aldi.nl/instant-noodles-1215806.html"
  },
  {
    "id": "1215803",
    "title": "HOFSTEE DE DRIE EIKEN Droge worst 250 g",
    "category": "Vlees, vis, vega",
    "price": 2.59,
    "promoPrice": null,
    "price_per_unit": 10.36,
    "unit": "KG",
    "image": "https://s7g10.scene7.com/is/image/aldinord/product_1215803_main_cms_3_nl_nl_droge_worst_cw01_2024",
    "beschikbaar": true,
    "promoEnd": null,
    "link": "https://www.aldi.nl/droge-worst-1215803.html"
  },
  {
    "id": "1215800",
    "title": "BREKIES 9-pack fruitrepen 264 g",
    "category": "Brood, ontbijtgranen",
    "price": 1.69,
    "promoPrice": null,
    "price_per_unit": null,
    "unit": null,
    "image": "https://s7g10.scene7.com/is/image/aldinord/product_1215800_main_cms_3_nl_nl_9_pack_fruitrepen_cw01_2024",
    "beschikbaar": true,
    "promoEnd": null,
    "link": "https://www.aldi.nl/9-pack-fruitrepen-1215800.html"
  },
  {
    "id": "1215791",
    "title": "CUCINA Risotto 500 g",
    "category": "Maaltijden, salades",
    "price": 2.59,
    "promoPrice": null,
    "price_per_unit": null,
    "unit": null,
    "image": "https://s7g10.scene7.com/is/image/aldinord/product_1215791_main_cms_1_nl_nl_risotto_cw01_2024",
    "beschikbaar": true,
    "promoEnd": null,
    "link": "https://www.aldi.nl/risotto-1215791.html"
  },
  {
    "id": "1215790",
    "title": "DE ZOETE ZON Fruitspread 300 g",
    "category": "Brood, ontbijtgranen",
    "price": 2.39,
    "promoPrice": null,
    "price_per_unit": 7.97,
    "unit": "KG",
    "image": "https://s7g10.scene7.com/is/image/aldinord/product_1215790_main_cms_5_nl_nl_fruitspread_cw01_2024",
    "beschikbaar": true,
    "promoEnd": null,
    "link": "https://www.aldi.nl/fruitspread-1215790.html"
  },
  {
    "id": "1215788",
    "title": "HEERLIJCK BANKET Galetten 250 g",
    "category": "Snoep, koek, chips",
    "price": 2.29,
    "promoPrice": null,
    "price_per_unit": 9.16,
    "unit": "KG",
    "image": "https://s7g10.scene7.com/is/image/aldinord/product_1215788_main_cms_2_nl_nl_galetten_cw01_2024",
    "beschikbaar": true,
    "promoEnd": null,
    "link": "https://www.aldi.nl/galetten-1215788.html"
  },
  {
    "id": "1215773",
    "title": "SUN SNACKS Chips uitdeelzakjes 15 zakjes",
    "category": "Snoep, koek, chips",
    "price": 4.09,
    "promoPrice": null,
    "price_per_unit": null,
    "unit": null,
    "image": "https://s7g10.scene7.com/is/image/aldinord/product_1215773_main_cms_1_nl_nl_chips_uitdeelzakjes_cw01_2024",
    "beschikbaar": true,
    "promoEnd": null,
    "link": "https://www.aldi.nl/chips-uitdeelzakjes-1215773.html"
  },
  {
    "id": "1215737",
    "title": "FRESH LIFE 3-pack suikervrije kauwgom 50 g",
    "category": "Snoep, koek, chips",
    "price": 0.85,
    "promoPrice": null,
    "price_per_unit": 17.0,
    "unit": "KG",
    "image": "https://s7g10.scene7.com/is/image/aldinord/product_1215737_main_cms_3_nl_nl_3_pack_suikervrije_kauwgom_cw01_2024",
    "beschikbaar": true,
    "promoEnd": null,
    "link": "https://www.aldi.nl/3-pack-suikervrije-kauwgom-1215737.html"
  },
  {
    "id": "1215726",
    "title": "HEERLIJCK BANKET Roomboter- of marmercakejes Inhoud: 8 stuks, 320 g",
    "category": "Snoep, koek, chips",
    "price": 1.95,
    "promoPrice": null,
    "price_per_unit": 6.09,
    "unit": "KG",
    "image": "https://s7g10.scene7.com/is/image/aldinord/product_1215726_main_cms_3_nl_nl_roomboter_of_marmercakejes_cw01_2024",
    "beschikbaar": true,
    "promoEnd": null,
    "link": "https://www.aldi.nl/roomboter-of-marmercakejes-1215726.html"
  },
  {
    "id": "1215723",
    "title": "HEERLIJCK BANKET Roomboter custardcakejes Inhoud: 6 stuks, 240 g",
    "category": "Snoep, koek, chips",
    "price": 1.69,
    "promoPrice": null,
    "price_per_unit": 7.04,
    "unit": "KG",
    "image": "https://s7g10.scene7.com/is/image/aldinord/variant_1215723_1_main_cms_1_nl_nl_roomboter_custardcakejes_cw01_2024",
    "beschikbaar": true,
    "promoEnd": null,
    "link": "https://www.aldi.nl/roomboter-custardcakejes-1215723.html"
  },
  {
    "id": "1215698",
    "title": "Hamburgers Inhoud: 2 stuks, 200 g",
    "category": "Vlees, vis, vega",
    "price": 3.39,
    "promoPrice": null,
    "price_per_unit": 16.95,
    "unit": "KG",
    "image": "https://s7g10.scene7.com/is/image/aldinord/product_1215698_main_cms_2_nl_nl_hamburgers_cw01_2024",
    "beschikbaar": true,
    "promoEnd": null,
    "link": "https://www.aldi.nl/hamburgers-1215698.html"
  },
  {
    "id": "1215686",
    "title": "MILSANI High protein yoghurt 200 g",
    "category": "Zuivel, eieren",
    "price": 0.89,
    "promoPrice": null,
    "price_per_unit": 4.45,
    "unit": "KG",
    "image": "https://s7g10.scene7.com/is/image/aldinord/product_1215686_main_cms_10_nl_nl_high_protein_yoghurt_cw01_2024",
    "beschikbaar": true,
    "promoEnd": null,
    "link": "https://www.aldi.nl/high-protein-yoghurt-1215686.html"
  },
  {
    "id": "1215675",
    "title": "Soepballetjes 250 g",
    "category": "Vlees, vis, vega",
    "price": 3.19,
    "promoPrice": null,
    "price_per_unit": 12.76,
    "unit": "KG",
    "image": "https://s7g10.scene7.com/is/image/aldinord/variant_1215675_1_main_cms_1_nl_nl_soepballetjes_cw01_2024",
    "beschikbaar": true,
    "promoEnd": null,
    "link": "https://www.aldi.nl/soepballetjes-1215675.html"
  },
  {
    "id": "1215666",
    "title": "UNA Vaatwastabletten classic 60 tabs",
    "category": "Huishouden",
    "price": 3.79,
    "promoPrice": null,
    "price_per_unit": null,
    "unit": null,
    "image": "https://s7g10.scene7.com/is/image/aldinord/product_1215666_main_cms_2_nl_nl_vaatwastabletten_classic_cw01_2024",
    "beschikbaar": true,
    "promoEnd": null,
    "link": "https://www.aldi.nl/vaatwastabletten-classic-1215666.html"
  },
  {
    "id": "1215660",
    "title": "WRAPITT Pedaalemmerzakken 25 l 50 stuks",
    "category": "Huishouden",
    "price": 1.29,
    "promoPrice": null,
    "price_per_unit": null,
    "unit": null,
    "image": "https://s7g10.scene7.com/is/image/aldinord/product_1215660_main_cms_1_nl_nl_pedaalemmerzakken_25_l_cw01_2024",
    "beschikbaar": true,
    "promoEnd": null,
    "link": "https://www.aldi.nl/pedaalemmerzakken-25-l-1215660.html"
  },
  {
    "id": "1215650",
    "title": "WRAPITT Pedaalemmerzakken 30 l 20 stuks",
    "category": "Huishouden",
    "price": 1.99,
    "promoPrice": null,
    "price_per_unit": null,
    "unit": null,
    "image": "https://s7g10.scene7.com/is/image/aldinord/product_1215650_main_cms_1_nl_nl_pedaalemmerzakken_30_l_cw01_2024",
    "beschikbaar": true,
    "promoEnd": null,
    "link": "https://www.aldi.nl/pedaalemmerzakken-30-l-1215650.html"
  },
  {
    "id": "1215592",
    "title": "ASIA GREEN GARDEN Sushirijst 500 g",
    "category": "Speciaal assortiment",
    "price": 1.49,
    "promoPrice": 1.49,
    "price_per_unit": null,
    "unit": null,
    "image": "https://s7g10.scene7.com/is/image/aldinord/product_1215592_main_cms_2_nl_nl_sushirijst_cw01_2024",
    "beschikbaar": true,
    "promoEnd": "2025-10-19",
    "link": "https://www.aldi.nl/sushirijst-1215592.html"
  },
  {
    "id": "1215535",
    "title": "KANZI Appels 6 stuks",
    "category": "Groente, aardappelen",
    "price": 2.99,
    "promoPrice": null,
    "price_per_unit": null,
    "unit": null,
    "image": "https://s7g10.scene7.com/is/image/aldinord/product_1215535_main_cms_3_nl_nl_appels_cw01_2024",
    "beschikbaar": true,
    "promoEnd": null,
    "link": "https://www.aldi.nl/appels-1215535.html"
  },
  {
    "id": "1215531",
    "title": "ASIA GREEN GARDEN 4-pack instantnoedels 4x85 g",
    "category": "Snoep, koek, chips",
    "price": 1.79,
    "promoPrice": 1.79,
    "price_per_unit": 21.06,
    "unit": "KG",
    "image": "https://s7g10.scene7.com/is/image/aldinord/product_1215531_main_cms_6_nl_nl_4_pack_instantnoedels_cw01_2024",
    "beschikbaar": true,
    "promoEnd": "2025-10-19",
    "link": "https://www.aldi.nl/4-pack-instantnoedels-1215531.html"
  },
  {
    "id": "1215522",
    "title": "ASIA GREEN GARDEN Aziatische kant-en-klare maaltijd 375 g",
    "category": "Speciaal assortiment",
    "price": 2.49,
    "promoPrice": 2.49,
    "price_per_unit": 6.64,
    "unit": "KG",
    "image": "https://s7g10.scene7.com/is/image/aldinord/product_1215522_main_cms_10_nl_nl_aziatische_kant_en_klare_maaltijd_cw01_2024",
    "beschikbaar": true,
    "promoEnd": "2025-10-19",
    "link": "https://www.aldi.nl/aziatische-kant-en-klare-maaltijd-1215522.html"
  },
  {
    "id": "1215479",
    "title": "Scharrelkipfilethaasjes 300 g",
    "category": "Vlees, vis, vega",
    "price": 4.59,
    "promoPrice": null,
    "price_per_unit": 15.3,
    "unit": "KG",
    "image": "https://s7g10.scene7.com/is/image/aldinord/product_1215479_main_cms_1_nl_nl_scharrelkipfilethaasjes_cw01_2024",
    "beschikbaar": true,
    "promoEnd": null,
    "link": "https://www.aldi.nl/scharrelkipfilethaasjes-1215479.html"
  },
  {
    "id": "1215468",
    "title": "MENTOS Kauwdragees mint of fruit Per stuk",
    "category": "Snoep, koek, chips",
    "price": null,
    "promoPrice": null,
    "price_per_unit": null,
    "unit": null,
    "image": "https://s7g10.scene7.com/is/image/aldinord/product_1215468_main_cms_1_nl_nl_kauwdragees_mint_of_fruit_cw01_2024",
    "beschikbaar": true,
    "promoEnd": null,
    "link": "https://www.aldi.nl/kauwdragees-mint-of-fruit-1215468.html"
  },
  {
    "id": "1215466",
    "title": "Scharrelkipkluifjes 550 g",
    "category": "Vlees, vis, vega",
    "price": 3.99,
    "promoPrice": null,
    "price_per_unit": 7.25,
    "unit": "KG",
    "image": "https://s7g10.scene7.com/is/image/aldinord/product_1215466_main_cms_1_nl_nl_scharrelkipkluifjes_cw01_2024",
    "beschikbaar": true,
    "promoEnd": null,
    "link": "https://www.aldi.nl/scharrelkipkluifjes-1215466.html"
  },
  {
    "id": "1215454",
    "title": "Scharrelkipbraadsticks 800 g",
    "category": "Vlees, vis, vega",
    "price": 6.49,
    "promoPrice": null,
    "price_per_unit": 8.11,
    "unit": "KG",
    "image": "https://s7g10.scene7.com/is/image/aldinord/variant_1215454_1_main_cms_1_nl_nl_scharrelkipbraadsticks_cw01_2024",
    "beschikbaar": true,
    "promoEnd": null,
    "link": "https://www.aldi.nl/scharrelkipbraadsticks-1215454.html"
  },
  {
    "id": "1215415",
    "title": "Pannenkoekenplant Per stuk",
    "category": "Snoep, koek, chips",
    "price": 3.99,
    "promoPrice": 3.99,
    "price_per_unit": null,
    "unit": null,
    "image": "https://s7g10.scene7.com/is/image/aldinord/product_1215415_main_cms_1_nl_nl_pannenkoekenplant_cw01_2024",
    "beschikbaar": true,
    "promoEnd": "2025-10-19",
    "link": "https://www.aldi.nl/pannenkoekenplant-1215415.html"
  },
  {
    "id": "1215389",
    "title": "LIQUAIR Automatische geurverspreider Per stuk.",
    "category": "Speciaal assortiment",
    "price": 2.49,
    "promoPrice": 2.49,
    "price_per_unit": null,
    "unit": null,
    "image": "https://s7g10.scene7.com/is/image/aldinord/product_1215389_main_cms_6_nl_nl_automatische_geurverspreider_cw01_2024",
    "beschikbaar": true,
    "promoEnd": "2025-10-19",
    "link": "https://www.aldi.nl/automatische-geurverspreider-1215389.html"
  },
  {
    "id": "1215380",
    "title": "Scharrelkipfiletreepjes 350 g",
    "category": "Vlees, vis, vega",
    "price": 4.49,
    "promoPrice": null,
    "price_per_unit": 12.83,
    "unit": "KG",
    "image": "https://s7g10.scene7.com/is/image/aldinord/product_1215380_main_cms_1_nl_nl_scharrelkipfiletreepjes_cw01_2024",
    "beschikbaar": true,
    "promoEnd": null,
    "link": "https://www.aldi.nl/scharrelkipfiletreepjes-1215380.html"
  },
  {
    "id": "1215370",
    "title": "Scharrelkipdijfilet 400 g",
    "category": "Vlees, vis, vega",
    "price": 4.99,
    "promoPrice": null,
    "price_per_unit": 12.48,
    "unit": "KG",
    "image": "https://s7g10.scene7.com/is/image/aldinord/product_1215370_main_cms_1_nl_nl_scharrelkipdijfilet_cw01_2024",
    "beschikbaar": true,
    "promoEnd": null,
    "link": "https://www.aldi.nl/scharrelkipdijfilet-1215370.html"
  },
  {
    "id": "1215360",
    "title": "Scharrelkipkluifjes gemarineerd 900 g",
    "category": "Vlees, vis, vega",
    "price": 6.49,
    "promoPrice": null,
    "price_per_unit": 7.21,
    "unit": "KG",
    "image": "https://s7g10.scene7.com/is/image/aldinord/product_1215360_main_cms_2_nl_nl_scharrelkipkluifjes_gemarineerd_cw01_2024",
    "beschikbaar": true,
    "promoEnd": null,
    "link": "https://www.aldi.nl/scharrelkipkluifjes-gemarineerd-1215360.html"
  },
  {
    "id": "1215351",
    "title": "Gekruide scharrelkipdrumsticks 1 kg",
    "category": "Vlees, vis, vega",
    "price": 6.19,
    "promoPrice": null,
    "price_per_unit": 6.19,
    "unit": "KG",
    "image": "https://s7g10.scene7.com/is/image/aldinord/product_1215351_main_cms_1_nl_nl_gekruide_scharrelkipdrumsticks_cw01_2024",
    "beschikbaar": true,
    "promoEnd": null,
    "link": "https://www.aldi.nl/gekruide-scharrelkipdrumsticks-1215351.html"
  },
  {
    "id": "1215333",
    "title": "Scharrelkipfilet 800 g",
    "category": "Vlees, vis, vega",
    "price": 9.29,
    "promoPrice": null,
    "price_per_unit": 11.61,
    "unit": "KG",
    "image": "https://s7g10.scene7.com/is/image/aldinord/product_1215333_main_cms_1_nl_nl_scharrelkipfilet_cw01_2024",
    "beschikbaar": true,
    "promoEnd": null,
    "link": "https://www.aldi.nl/scharrelkipfilet-1215333.html"
  },
  {
    "id": "1215299",
    "title": "CUCINA Pinsa 230 g",
    "category": "Brood, ontbijtgranen",
    "price": 2.29,
    "promoPrice": null,
    "price_per_unit": 9.96,
    "unit": "KG",
    "image": "https://s7g10.scene7.com/is/image/aldinord/product_1215299_main_cms_2_nl_nl_pinsa_cw01_2024",
    "beschikbaar": true,
    "promoEnd": null,
    "link": "https://www.aldi.nl/pinsa-1215299.html"
  },
  {
    "id": "1215259",
    "title": "Stamppotvinken Inhoud: 4 stuks, 400 g",
    "category": "Vlees, vis, vega",
    "price": 2.99,
    "promoPrice": 2.99,
    "price_per_unit": 7.48,
    "unit": "KG",
    "image": "https://s7g10.scene7.com/is/image/aldinord/product_1215259_main_cms_1_nl_nl_stamppotvinken_cw01_2024",
    "beschikbaar": true,
    "promoEnd": "2025-10-19",
    "link": "https://www.aldi.nl/stamppotvinken-1215259.html"
  },
  {
    "id": "1215255",
    "title": "LACURA Badcrème 750 ml",
    "category": "Baby, verzorging",
    "price": 1.49,
    "promoPrice": null,
    "price_per_unit": 1.99,
    "unit": "L",
    "image": "https://s7g10.scene7.com/is/image/aldinord/variant_1215255_1_main_cms_2_nl_nl_badcreme_cw01_2024",
    "beschikbaar": true,
    "promoEnd": null,
    "link": "https://www.aldi.nl/badcrme-1215255.html"
  },
  {
    "id": "1215242",
    "title": "MAMIA Baby waterdoekjes 60 stuks",
    "category": "Baby, verzorging",
    "price": 1.29,
    "promoPrice": null,
    "price_per_unit": null,
    "unit": null,
    "image": "https://s7g10.scene7.com/is/image/aldinord/product_1215242_main_cms_1_nl_nl_baby_waterdoekjes_cw01_2024",
    "beschikbaar": true,
    "promoEnd": null,
    "link": "https://www.aldi.nl/baby-waterdoekjes-1215242.html"
  },
  {
    "id": "1215207",
    "title": "SENSODYNE Tandpasta freshmint 75 ml",
    "category": "Baby, verzorging",
    "price": null,
    "promoPrice": null,
    "price_per_unit": null,
    "unit": null,
    "image": "https://s7g10.scene7.com/is/image/aldinord/product_1215207_main_cms_1_nl_nl_tandpasta_freshmint_cw01_2024",
    "beschikbaar": true,
    "promoEnd": null,
    "link": "https://www.aldi.nl/tandpasta-freshmint-1215207.html"
  },
  {
    "id": "1215195",
    "title": "Ronde Opperdoezer aardappelen 2 kg",
    "category": "Groente, aardappelen",
    "price": 3.99,
    "promoPrice": null,
    "price_per_unit": 2.0,
    "unit": "KG",
    "image": "https://s7g10.scene7.com/is/image/aldinord/product_1215195_main_cms_2_nl_nl_ronde_opperdoezer_aardappelen_cw01_2024",
    "beschikbaar": true,
    "promoEnd": null,
    "link": "https://www.aldi.nl/ronde-opperdoezer-aardappelen-1215195.html"
  },
  {
    "id": "1215191",
    "title": "Solanum Per stuk",
    "category": "Speciaal assortiment",
    "price": 2.49,
    "promoPrice": 2.49,
    "price_per_unit": null,
    "unit": null,
    "image": "https://s7g10.scene7.com/is/image/aldinord/product_1215191_main_cms_1_nl_nl_solanum_cw01_2024",
    "beschikbaar": true,
    "promoEnd": "2025-10-19",
    "link": "https://www.aldi.nl/solanum-1215191.html"
  },
  {
    "id": "1215190",
    "title": "RIO D'ORO Koelvers sinaasappelsap 1 l",
    "category": "Frisdrank, sappen",
    "price": 2.49,
    "promoPrice": null,
    "price_per_unit": 2.49,
    "unit": "L",
    "image": "https://s7g10.scene7.com/is/image/aldinord/product_1215190_main_cms_1_nl_nl_koelvers_sinaasappelsap_cw01_2024",
    "beschikbaar": true,
    "promoEnd": null,
    "link": "https://www.aldi.nl/koelvers-sinaasappelsap-1215190.html"
  },
  {
    "id": "1215112",
    "title": "Vastkokende aardappelen 3 kg",
    "category": "Groente, aardappelen",
    "price": 3.89,
    "promoPrice": null,
    "price_per_unit": 1.3,
    "unit": "KG",
    "image": "https://s7g10.scene7.com/is/image/aldinord/product_1215112_main_cms_6_nl_nl_vastkokende_aardappelen_cw01_2024",
    "beschikbaar": true,
    "promoEnd": null,
    "link": "https://www.aldi.nl/vastkokende-aardappelen-1215112.html"
  },
  {
    "id": "1215076",
    "title": "Rundergehakt 300 g",
    "category": "Vlees, vis, vega",
    "price": 4.25,
    "promoPrice": null,
    "price_per_unit": null,
    "unit": null,
    "image": "https://s7g10.scene7.com/is/image/aldinord/variant_1215076_1_main_cms_1_nl_nl_rundergehakt_cw01_2024",
    "beschikbaar": true,
    "promoEnd": null,
    "link": "https://www.aldi.nl/rundergehakt-1215076.html"
  },
  {
    "id": "1215044",
    "title": "RIO D'ORO Vers sinaasappelsap 750 ml",
    "category": "Frisdrank, sappen",
    "price": 2.89,
    "promoPrice": null,
    "price_per_unit": 3.85,
    "unit": "L",
    "image": "https://s7g10.scene7.com/is/image/aldinord/product_1215044_main_cms_5_nl_nl_vers_sinaasappelsap_cw01_2024",
    "beschikbaar": true,
    "promoEnd": null,
    "link": "https://www.aldi.nl/vers-sinaasappelsap-1215044.html"
  },
  {
    "id": "1215035",
    "title": "MARS Mini's 500 g",
    "category": "Snoep, koek, chips",
    "price": 3.99,
    "promoPrice": 3.99,
    "price_per_unit": 7.98,
    "unit": "KG",
    "image": "https://s7g10.scene7.com/is/image/aldinord/product_1215035_main_cms_1_nl_nl_mini_s_cw01_2024",
    "beschikbaar": true,
    "promoEnd": "2025-10-12",
    "link": "https://www.aldi.nl/minis-1215035.html"
  },
  {
    "id": "1215023",
    "title": "JULIET 12-pack premium kattenvoer 12x 100g",
    "category": "Huisdieren",
    "price": 3.99,
    "promoPrice": null,
    "price_per_unit": 39.9,
    "unit": "KG",
    "image": "https://s7g10.scene7.com/is/image/aldinord/product_1215023_main_cms_7_nl_nl_12_pack_premium_kattenvoer_cw01_2024",
    "beschikbaar": true,
    "promoEnd": null,
    "link": "https://www.aldi.nl/12-pack-premium-kattenvoer-1215023.html"
  },
  {
    "id": "1215009",
    "title": "MY VAY Haverdrink 1 l",
    "category": "Zuivel, eieren",
    "price": 1.39,
    "promoPrice": null,
    "price_per_unit": 1.39,
    "unit": "L",
    "image": "https://s7g10.scene7.com/is/image/aldinord/product_1215009_main_cms_1_nl_nl_haverdrink_cw01_2024",
    "beschikbaar": true,
    "promoEnd": null,
    "link": "https://www.aldi.nl/haverdrink-1215009.html"
  },
  {
    "id": "1214955",
    "title": "GOUD GEBAKKEN 3-/4-pack maïswafels 100-104 g",
    "category": "Brood, ontbijtgranen",
    "price": 1.39,
    "promoPrice": null,
    "price_per_unit": 13.37,
    "unit": "KG",
    "image": "https://s7g10.scene7.com/is/image/aldinord/product_1214955_main_cms_9_nl_nl_3_4_pack_maiswafels_cw01_2024",
    "beschikbaar": true,
    "promoEnd": null,
    "link": "https://www.aldi.nl/3-4-pack-maswafels-1214955.html"
  },
  {
    "id": "1214619",
    "title": "LACURA Maxi-wattenschijfjes 70 stuks",
    "category": "Baby, verzorging",
    "price": 1.29,
    "promoPrice": null,
    "price_per_unit": null,
    "unit": null,
    "image": "https://s7g10.scene7.com/is/image/aldinord/variant_1214619_1_main_cms_2_nl_nl_maxi_wattenschijfjes_cw01_2024",
    "beschikbaar": true,
    "promoEnd": null,
    "link": "https://www.aldi.nl/maxi-wattenschijfjes-1214619.html"
  },
  {
    "id": "1214593",
    "title": "MOLENLAND Goudse kaas 30+ extra belegen 225 g",
    "category": "Zuivel, eieren",
    "price": 3.2,
    "promoPrice": null,
    "price_per_unit": 14.22,
    "unit": "KG",
    "image": "https://s7g10.scene7.com/is/image/aldinord/product_1214593_main_cms_1_nl_nl_goudse_kaas_30_extra_belegen_cw01_2024",
    "beschikbaar": true,
    "promoEnd": null,
    "link": "https://www.aldi.nl/goudse-kaas-30-extra-belegen-1214593.html"
  },
  {
    "id": "1214581",
    "title": "MOLENLAND Goudse kaas 30+ belegen 225 g",
    "category": "Zuivel, eieren",
    "price": 2.96,
    "promoPrice": null,
    "price_per_unit": 13.16,
    "unit": "KG",
    "image": "https://s7g10.scene7.com/is/image/aldinord/product_1214581_main_cms_1_nl_nl_goudse_kaas_30_belegen_cw01_2024",
    "beschikbaar": true,
    "promoEnd": null,
    "link": "https://www.aldi.nl/goudse-kaas-30-belegen-1214581.html"
  },
  {
    "id": "1214562",
    "title": "TRIANGLE PHARMA Paracetamol coffeïne 500 mg 20 tabletten",
    "category": "Verzorging, gezondheid",
    "price": 1.69,
    "promoPrice": null,
    "price_per_unit": null,
    "unit": null,
    "image": "https://s7g10.scene7.com/is/image/aldinord/product_1214562_main_cms_2_nl_nl_paracetamol_coffeine_500_mg_cw01_2024",
    "beschikbaar": true,
    "promoEnd": null,
    "link": "https://www.aldi.nl/paracetamol-coffene-500-mg-1214562.html"
  },
  {
    "id": "1214538",
    "title": "MOLENLAND Goudse kaas 30+ jong belegen Inhoud: ca. 9 plakken, 300 g",
    "category": "Zuivel, eieren",
    "price": 3.69,
    "promoPrice": null,
    "price_per_unit": 12.3,
    "unit": "KG",
    "image": "https://s7g10.scene7.com/is/image/aldinord/product_1214538_main_cms_1_nl_nl_goudse_kaas_30_jong_belegen_cw01_2024",
    "beschikbaar": true,
    "promoEnd": null,
    "link": "https://www.aldi.nl/goudse-kaas-30-jong-belegen-1214538.html"
  },
  {
    "id": "1214530",
    "title": "MOLENLAND Goudse kaas 30+ jong Inhoud: ca. 9 plakken, 300 g",
    "category": "Zuivel, eieren",
    "price": 3.59,
    "promoPrice": null,
    "price_per_unit": 11.97,
    "unit": "KG",
    "image": "https://s7g10.scene7.com/is/image/aldinord/product_1214530_main_cms_1_nl_nl_goudse_kaas_30_jong_cw01_2024",
    "beschikbaar": true,
    "promoEnd": null,
    "link": "https://www.aldi.nl/goudse-kaas-30-jong-1214530.html"
  },
  {
    "id": "1214526",
    "title": "Goudse geraspte kaas 48+ mild 200 g",
    "category": "Zuivel, eieren",
    "price": 2.29,
    "promoPrice": null,
    "price_per_unit": 11.45,
    "unit": "KG",
    "image": "https://s7g10.scene7.com/is/image/aldinord/variant_1214526_1_main_cms_1_nl_nl_goudse_geraspte_kaas_48_mild_cw01_2024",
    "beschikbaar": true,
    "promoEnd": null,
    "link": "https://www.aldi.nl/goudse-geraspte-kaas-48-mild-1214526.html"
  },
  {
    "id": "1214493",
    "title": "TRADER JOE'S Notenmelange 500 g",
    "category": "Snoep, koek, chips",
    "price": 6.49,
    "promoPrice": null,
    "price_per_unit": 12.98,
    "unit": "KG",
    "image": "https://s7g10.scene7.com/is/image/aldinord/product_1214493_main_cms_1_nl_nl_notenmelange_cw01_2024",
    "beschikbaar": true,
    "promoEnd": null,
    "link": "https://www.aldi.nl/notenmelange-1214493.html"
  },
  {
    "id": "1214469",
    "title": "LACURA Handcrème 50-100 ml",
    "category": "Baby, verzorging",
    "price": 1.69,
    "promoPrice": null,
    "price_per_unit": 16.9,
    "unit": "L",
    "image": "https://s7g10.scene7.com/is/image/aldinord/product_1214469_main_cms_5_nl_nl_handcreme_cw01_2024",
    "beschikbaar": true,
    "promoEnd": null,
    "link": "https://www.aldi.nl/handcrme-1214469.html"
  },
  {
    "id": "1214454",
    "title": "Overjarige kaas Ca. 200 g",
    "category": "Zuivel, eieren",
    "price": 3.29,
    "promoPrice": null,
    "price_per_unit": null,
    "unit": null,
    "image": "https://s7g10.scene7.com/is/image/aldinord/product_1214454_main_cms_2_nl_nl_overjarige_kaas_cw01_2024",
    "beschikbaar": true,
    "promoEnd": null,
    "link": "https://www.aldi.nl/overjarige-kaas-1214454.html"
  },
  {
    "id": "1214453",
    "title": "WRAPITT Bio pedaalemmerzakken 20 stuks",
    "category": "Biologisch assortiment",
    "price": 2.65,
    "promoPrice": null,
    "price_per_unit": null,
    "unit": null,
    "image": "https://s7g10.scene7.com/is/image/aldinord/product_1214453_main_cms_1_nl_nl_bio_pedaalemmerzakken_cw01_2024",
    "beschikbaar": true,
    "promoEnd": null,
    "link": "https://www.aldi.nl/bio-pedaalemmerzakken-1214453.html"
  },
  {
    "id": "1214441",
    "title": "La Capelude Grande Réserve 0.75 l",
    "category": "Bier, wijn, sterke drank",
    "price": 4.99,
    "promoPrice": null,
    "price_per_unit": 6.65,
    "unit": "L",
    "image": "https://s7g10.scene7.com/is/image/aldinord/product_1214441_main_cms_6_nl_nl_la_capelude_grande_reserve_cw01_2024",
    "beschikbaar": true,
    "promoEnd": null,
    "link": "https://www.aldi.nl/la-capelude-grande-rserve-1214441.html"
  },
  {
    "id": "1214439",
    "title": "Adega de Pegões Selected Harvest 0.75 l",
    "category": "Speciaal assortiment",
    "price": 5.99,
    "promoPrice": null,
    "price_per_unit": 7.99,
    "unit": "L",
    "image": "https://s7g10.scene7.com/is/image/aldinord/product_1214439_main_cms_4_nl_nl_adega_de_pegoes_selected_harvest_cw01_2024",
    "beschikbaar": true,
    "promoEnd": null,
    "link": "https://www.aldi.nl/adega-de-peges-selected-harvest-1214439.html"
  },
  {
    "id": "1214434",
    "title": "UNA Afwasmiddel 1 l",
    "category": "Huishouden",
    "price": 1.18,
    "promoPrice": null,
    "price_per_unit": 1.18,
    "unit": "L",
    "image": "https://s7g10.scene7.com/is/image/aldinord/variant_1214434_1_main_cms_1_nl_nl_afwasmiddel_cw01_2024",
    "beschikbaar": true,
    "promoEnd": null,
    "link": "https://www.aldi.nl/afwasmiddel-1214434.html"
  },
  {
    "id": "1214387",
    "title": "GOLDEN POWER Energydrink sugar free* 25 cl",
    "category": "Frisdrank, sappen",
    "price": 0.79,
    "promoPrice": null,
    "price_per_unit": 3.16,
    "unit": "L",
    "image": "https://s7g10.scene7.com/is/image/aldinord/product_1214387_main_cms_3_nl_nl_energydrink_sugar_free_cw01_2024",
    "beschikbaar": true,
    "promoEnd": null,
    "link": "https://www.aldi.nl/energydrink-sugar-free-1214387.html"
  },
  {
    "id": "1214357",
    "title": "Adega de Pegões Selected Harvest 0.75 l",
    "category": "Speciaal assortiment",
    "price": 5.99,
    "promoPrice": null,
    "price_per_unit": 7.99,
    "unit": "L",
    "image": "https://s7g10.scene7.com/is/image/aldinord/product_1214357_main_cms_4_nl_nl_adega_de_pegoes_selected_harvest_cw01_2024",
    "beschikbaar": true,
    "promoEnd": null,
    "link": "https://www.aldi.nl/adega-de-peges-selected-harvest-1214357.html"
  },
  {
    "id": "1214206",
    "title": "ASIA GREEN GARDEN Mungboonpitten 330 g",
    "category": "Speciaal assortiment",
    "price": 0.79,
    "promoPrice": 0.79,
    "price_per_unit": 2.29,
    "unit": "KG",
    "image": "https://s7g10.scene7.com/is/image/aldinord/product_1214206_main_cms_1_nl_nl_mungboonpitten_cw01_2024",
    "beschikbaar": true,
    "promoEnd": "2025-10-19",
    "link": "https://www.aldi.nl/mungboonpitten-1214206.html"
  },
  {
    "id": "1214169",
    "title": "RIO D'ORO Sinaasappelsap 1 l",
    "category": "Groente, aardappelen",
    "price": 2.29,
    "promoPrice": null,
    "price_per_unit": 2.29,
    "unit": "L",
    "image": "https://s7g10.scene7.com/is/image/aldinord/product_1214169_main_cms_2_nl_nl_sinaasappelsap_cw01_2024",
    "beschikbaar": true,
    "promoEnd": null,
    "link": "https://www.aldi.nl/sinaasappelsap-1214169.html"
  },
  {
    "id": "1214126",
    "title": "Ballaturi Prosecco extra dry 0.75 l",
    "category": "Bier, wijn, sterke drank",
    "price": 5.99,
    "promoPrice": null,
    "price_per_unit": 7.99,
    "unit": "L",
    "image": "https://s7g10.scene7.com/is/image/aldinord/product_1214126_main_cms_5_nl_nl_ballaturi_prosecco_extra_dry_cw01_2024",
    "beschikbaar": true,
    "promoEnd": null,
    "link": "https://www.aldi.nl/ballaturi-prosecco-extra-dry-1214126.html"
  },
  {
    "id": "1214124",
    "title": "Rioja Rivallana Crianza 0.75 l",
    "category": "Bier, wijn, sterke drank",
    "price": 4.99,
    "promoPrice": null,
    "price_per_unit": 6.65,
    "unit": "L",
    "image": "https://s7g10.scene7.com/is/image/aldinord/product_1214124_main_cms_5_nl_nl_rioja_rivallana_crianza_cw01_2024",
    "beschikbaar": true,
    "promoEnd": null,
    "link": "https://www.aldi.nl/rioja-rivallana-crianza-1214124.html"
  },
  {
    "id": "1214009",
    "title": "GOUD GEBAKKEN Fries roggebrood volkoren 500 g",
    "category": "Brood, ontbijtgranen",
    "price": 1.49,
    "promoPrice": null,
    "price_per_unit": 2.98,
    "unit": "KG",
    "image": "https://s7g10.scene7.com/is/image/aldinord/variant_1214009_1_main_cms_2_nl_nl_fries_roggebrood_volkoren_cw01_2024",
    "beschikbaar": true,
    "promoEnd": null,
    "link": "https://www.aldi.nl/fries-roggebrood-volkoren-1214009.html"
  },
  {
    "id": "1213989",
    "title": "Snoeptomatenmix 400 g",
    "category": "Groente, aardappelen",
    "price": 2.69,
    "promoPrice": null,
    "price_per_unit": 6.73,
    "unit": "KG",
    "image": "https://s7g10.scene7.com/is/image/aldinord/product_1213989_main_cms_4_nl_nl_snoeptomatenmix_cw01_2024",
    "beschikbaar": true,
    "promoEnd": null,
    "link": "https://www.aldi.nl/snoeptomatenmix-1213989.html"
  },
  {
    "id": "1213901",
    "title": "HARIBO Starmix 375 g",
    "category": "Snoep, koek, chips",
    "price": null,
    "promoPrice": null,
    "price_per_unit": null,
    "unit": null,
    "image": "https://s7g10.scene7.com/is/image/aldinord/product_1213901_main_cms_1_nl_nl_starmix_cw01_2024",
    "beschikbaar": true,
    "promoEnd": null,
    "link": "https://www.aldi.nl/starmix-1213901.html"
  },
  {
    "id": "1213897",
    "title": "Ibérico fuet plakjes 90 g",
    "category": "Vlees, vis, vega",
    "price": 1.89,
    "promoPrice": null,
    "price_per_unit": 21.0,
    "unit": "KG",
    "image": "https://s7g10.scene7.com/is/image/aldinord/product_1213897_main_cms_4_nl_nl_iberico_fuet_plakjes_cw01_2024",
    "beschikbaar": true,
    "promoEnd": null,
    "link": "https://www.aldi.nl/ibrico-fuet-plakjes-1213897.html"
  },
  {
    "id": "1213834",
    "title": "Charette Chardonnay 0.75 l",
    "category": "Bier, wijn, sterke drank",
    "price": 3.99,
    "promoPrice": null,
    "price_per_unit": 5.32,
    "unit": "L",
    "image": "https://s7g10.scene7.com/is/image/aldinord/product_1213834_main_cms_5_nl_nl_charette_chardonnay_cw01_2024",
    "beschikbaar": true,
    "promoEnd": null,
    "link": "https://www.aldi.nl/charette-chardonnay-1213834.html"
  },
  {
    "id": "1213831",
    "title": "DAYLICIOUS Oriëntaalse saladeschotel 250 g",
    "category": "Speciaal assortiment",
    "price": 2.99,
    "promoPrice": null,
    "price_per_unit": 11.96,
    "unit": "KG",
    "image": "https://s7g10.scene7.com/is/image/aldinord/product_1213831_main_cms_8_nl_nl_orientaalse_saladeschotel_cw01_2024",
    "beschikbaar": true,
    "promoEnd": null,
    "link": "https://www.aldi.nl/orintaalse-saladeschotel-1213831.html"
  },
  {
    "id": "1213783",
    "title": "Gehaktschnitzels zigeuner Inhoud: 4 stuks, 400 g",
    "category": "Vlees, vis, vega",
    "price": 3.49,
    "promoPrice": null,
    "price_per_unit": 34.9,
    "unit": "KG",
    "image": "https://s7g10.scene7.com/is/image/aldinord/variant_1213783_1_main_cms_1_nl_nl_gehaktschnitzels_zigeuner_cw01_2024",
    "beschikbaar": true,
    "promoEnd": null,
    "link": "https://www.aldi.nl/gehaktschnitzels-zigeuner-1213783.html"
  },
  {
    "id": "1213777",
    "title": "Speltbroodje Per stuk",
    "category": "Brood, ontbijtgranen",
    "price": 0.39,
    "promoPrice": null,
    "price_per_unit": null,
    "unit": null,
    "image": "https://s7g10.scene7.com/is/image/aldinord/product_1213777_main_cms_1_nl_nl_speltbroodje_cw01_2024",
    "beschikbaar": true,
    "promoEnd": null,
    "link": "https://www.aldi.nl/speltbroodje-1213777.html"
  },
  {
    "id": "1213759",
    "title": "Wienerschnitzels Inhoud: 2 stuks, 300 g",
    "category": "Vlees, vis, vega",
    "price": 3.49,
    "promoPrice": null,
    "price_per_unit": 11.63,
    "unit": "KG",
    "image": "https://s7g10.scene7.com/is/image/aldinord/variant_1213759_1_main_cms_1_nl_nl_wienerschnitzels_cw01_2024",
    "beschikbaar": true,
    "promoEnd": null,
    "link": "https://www.aldi.nl/wienerschnitzels-1213759.html"
  },
  {
    "id": "1213755",
    "title": "Pinot Grigio bag-in-box 3 l",
    "category": "Bier, wijn, sterke drank",
    "price": 11.29,
    "promoPrice": null,
    "price_per_unit": 3.76,
    "unit": "L",
    "image": "https://s7g10.scene7.com/is/image/aldinord/product_1213755_main_cms_3_nl_nl_pinot_grigio_bag_in_box_cw01_2024",
    "beschikbaar": true,
    "promoEnd": null,
    "link": "https://www.aldi.nl/pinot-grigio-bag-in-box-1213755.html"
  },
  {
    "id": "1213748",
    "title": "DROPMAKERS Krijtjesdrop 350 g",
    "category": "Snoep, koek, chips",
    "price": 1.99,
    "promoPrice": null,
    "price_per_unit": 5.69,
    "unit": "KG",
    "image": "https://s7g10.scene7.com/is/image/aldinord/product_1213748_main_cms_1_nl_nl_krijtjesdrop_cw01_2024",
    "beschikbaar": true,
    "promoEnd": null,
    "link": "https://www.aldi.nl/krijtjesdrop-1213748.html"
  },
  {
    "id": "1213740",
    "title": "GOLDEN BRIDGE Krokante muesli 800 g",
    "category": "Brood, ontbijtgranen",
    "price": 2.39,
    "promoPrice": null,
    "price_per_unit": 2.99,
    "unit": "KG",
    "image": "https://s7g10.scene7.com/is/image/aldinord/product_1213740_main_cms_4_nl_nl_krokante_muesli_cw01_2024",
    "beschikbaar": true,
    "promoEnd": null,
    "link": "https://www.aldi.nl/krokante-muesli-1213740.html"
  },
  {
    "id": "1213732",
    "title": "Merlot bag-in-box 3 l",
    "category": "Bier, wijn, sterke drank",
    "price": 11.49,
    "promoPrice": null,
    "price_per_unit": 3.83,
    "unit": "L",
    "image": "https://s7g10.scene7.com/is/image/aldinord/product_1213732_main_cms_3_nl_nl_merlot_bag_in_box_cw01_2024",
    "beschikbaar": true,
    "promoEnd": null,
    "link": "https://www.aldi.nl/merlot-bag-in-box-1213732.html"
  },
  {
    "id": "1213721",
    "title": "Kruidnoten uitdeelzak 8x50 g",
    "category": "Speciaal assortiment",
    "price": 1.99,
    "promoPrice": null,
    "price_per_unit": 39.8,
    "unit": "KG",
    "image": "https://s7g10.scene7.com/is/image/aldinord/product_1213721_main_cms_3_nl_nl_kruidnoten_uitdeelzak_cw01_2024",
    "beschikbaar": true,
    "promoEnd": null,
    "link": "https://www.aldi.nl/kruidnoten-uitdeelzak-1213721.html"
  },
  {
    "id": "1213718",
    "title": "CUCINA NOBILE Macaroni 500 g",
    "category": "Maaltijden, salades",
    "price": 0.78,
    "promoPrice": null,
    "price_per_unit": 1.56,
    "unit": "KG",
    "image": "https://s7g10.scene7.com/is/image/aldinord/variant_1213718_1_main_cms_1_nl_nl_macaroni_cw01_2024",
    "beschikbaar": true,
    "promoEnd": null,
    "link": "https://www.aldi.nl/macaroni-1213718.html"
  },
  {
    "id": "1213715",
    "title": "CHOCEUR Mix voor cacaodrink 800 g",
    "category": "Zuivel, eieren",
    "price": 3.99,
    "promoPrice": null,
    "price_per_unit": 4.99,
    "unit": "KG",
    "image": "https://s7g10.scene7.com/is/image/aldinord/product_1213715_main_cms_4_nl_nl_mix_voor_cacaodrink_cw01_2024",
    "beschikbaar": true,
    "promoEnd": null,
    "link": "https://www.aldi.nl/mix-voor-cacaodrink-1213715.html"
  },
  {
    "id": "1213704",
    "title": "BELLASAN Active margarine 250 g",
    "category": "Zuivel, eieren",
    "price": 1.99,
    "promoPrice": null,
    "price_per_unit": 7.96,
    "unit": "KG",
    "image": "https://s7g10.scene7.com/is/image/aldinord/variant_1213704_1_main_cms_4_nl_nl_active_margarine_cw01_2024",
    "beschikbaar": true,
    "promoEnd": null,
    "link": "https://www.aldi.nl/active-margarine-1213704.html"
  },
  {
    "id": "1213676",
    "title": "HEERLIJCK BANKET Kano's 330 g",
    "category": "Snoep, koek, chips",
    "price": 1.59,
    "promoPrice": null,
    "price_per_unit": 4.82,
    "unit": "KG",
    "image": "https://s7g10.scene7.com/is/image/aldinord/product_1213676_main_cms_2_nl_nl_kano_s_cw01_2024",
    "beschikbaar": true,
    "promoEnd": null,
    "link": "https://www.aldi.nl/kanos-1213676.html"
  },
  {
    "id": "1213540",
    "title": "SCHULTENBRÄU 6-pack premium pilsener 6x33 cl",
    "category": "Bier, wijn, sterke drank",
    "price": 2.99,
    "promoPrice": null,
    "price_per_unit": 9.06,
    "unit": "L",
    "image": "https://s7g10.scene7.com/is/image/aldinord/product_1213540_main_cms_16_nl_nl_6_pack_premium_pilsener_cw01_2024",
    "beschikbaar": true,
    "promoEnd": null,
    "link": "https://www.aldi.nl/6-pack-premium-pilsener-1213540.html"
  },
  {
    "id": "1213537",
    "title": "SCHULTENBRÄU 6-pack bier 0.0% 6x33 cl",
    "category": "Bier, wijn, sterke drank",
    "price": 2.59,
    "promoPrice": null,
    "price_per_unit": null,
    "unit": null,
    "image": "https://s7g10.scene7.com/is/image/aldinord/product_1213537_main_cms_8_nl_nl_6_pack_bier_0_0_cw01_2024",
    "beschikbaar": true,
    "promoEnd": null,
    "link": "https://www.aldi.nl/6-pack-bier-00-1213537.html"
  },
  {
    "id": "1213535",
    "title": "SCHULTENBRÄU 6-pack Radler 0.0% 6x33 cl",
    "category": "Bier, wijn, sterke drank",
    "price": 2.59,
    "promoPrice": null,
    "price_per_unit": null,
    "unit": null,
    "image": "https://s7g10.scene7.com/is/image/aldinord/product_1213535_main_cms_5_nl_nl_6_pack_radler_0_0_cw01_2024",
    "beschikbaar": true,
    "promoEnd": null,
    "link": "https://www.aldi.nl/6-pack-radler-00-1213535.html"
  },
  {
    "id": "1213530",
    "title": "DEL RIO Lemon-agavebier 0.5 l",
    "category": "Bier, wijn, sterke drank",
    "price": 1.29,
    "promoPrice": null,
    "price_per_unit": 2.58,
    "unit": "L",
    "image": "https://s7g10.scene7.com/is/image/aldinord/product_1213530_main_cms_10_nl_nl_lemon_agavebier_cw01_2024",
    "beschikbaar": true,
    "promoEnd": null,
    "link": "https://www.aldi.nl/lemon-agavebier-1213530.html"
  },
  {
    "id": "1213433",
    "title": "SCHULTENBRÄU 12-pack premium bier 12x25 cl",
    "category": "Bier, wijn, sterke drank",
    "price": 5.99,
    "promoPrice": null,
    "price_per_unit": null,
    "unit": null,
    "image": "https://s7g10.scene7.com/is/image/aldinord/product_1213433_main_cms_6_nl_nl_12_pack_premium_bier_cw01_2024",
    "beschikbaar": true,
    "promoEnd": null,
    "link": "https://www.aldi.nl/12-pack-premium-bier-1213433.html"
  },
  {
    "id": "1213380",
    "title": "Bol.com cadeaukaart Per stuk",
    "category": "Speciaal assortiment",
    "price": 50,
    "promoPrice": null,
    "price_per_unit": null,
    "unit": null,
    "image": "https://s7g10.scene7.com/is/image/aldinord/product_1213380_main_cms_1_nl_nl_bol_com_cadeaukaart_cw01_2024",
    "beschikbaar": true,
    "promoEnd": null,
    "link": "https://www.aldi.nl/bolcom-cadeaukaart-1213380.html"
  },
  {
    "id": "1213370",
    "title": "TRADER JOE'S Macadamia's 125 g",
    "category": "Snoep, koek, chips",
    "price": 3.19,
    "promoPrice": null,
    "price_per_unit": 25.52,
    "unit": "KG",
    "image": "https://s7g10.scene7.com/is/image/aldinord/variant_1213370_1_main_cms_1_nl_nl_macadamia_s_cw01_2024",
    "beschikbaar": true,
    "promoEnd": null,
    "link": "https://www.aldi.nl/macadamias-1213370.html"
  },
  {
    "id": "1213354",
    "title": "TRADER JOE'S Dry roasted pinda's 225 g",
    "category": "Snoep, koek, chips",
    "price": 1.33,
    "promoPrice": null,
    "price_per_unit": 5.91,
    "unit": "KG",
    "image": "https://s7g10.scene7.com/is/image/aldinord/product_1213354_main_cms_3_nl_nl_dry_roasted_pinda_s_cw01_2024",
    "beschikbaar": true,
    "promoEnd": null,
    "link": "https://www.aldi.nl/dry-roasted-pindas-1213354.html"
  },
  {
    "id": "1213349",
    "title": "TRADER JOE'S Notenmix 200 g",
    "category": "Snoep, koek, chips",
    "price": 2.19,
    "promoPrice": null,
    "price_per_unit": 10.95,
    "unit": "KG",
    "image": "https://s7g10.scene7.com/is/image/aldinord/product_1213349_main_cms_3_nl_nl_notenmix_cw01_2024",
    "beschikbaar": true,
    "promoEnd": null,
    "link": "https://www.aldi.nl/notenmix-1213349.html"
  },
  {
    "id": "1213347",
    "title": "CHIO Heartbreakers 125 g",
    "category": "Snoep, koek, chips",
    "price": null,
    "promoPrice": null,
    "price_per_unit": null,
    "unit": null,
    "image": "https://s7g10.scene7.com/is/image/aldinord/variant_1213347_1_main_cms_2_nl_nl_heartbreakers_cw01_2024",
    "beschikbaar": true,
    "promoEnd": null,
    "link": "https://www.aldi.nl/heartbreakers-1213347.html"
  },
  {
    "id": "1213321",
    "title": "RIVELLA Rivella 1.5 l",
    "category": "Frisdrank, sappen",
    "price": null,
    "promoPrice": null,
    "price_per_unit": null,
    "unit": null,
    "image": "https://s7g10.scene7.com/is/image/aldinord/product_1213321_main_cms_1_nl_nl_rivella_cw01_2024",
    "beschikbaar": true,
    "promoEnd": null,
    "link": "https://www.aldi.nl/rivella-1213321.html"
  },
  {
    "id": "1213320",
    "title": "Roblox 10 euro Per stuk",
    "category": "Speciaal assortiment",
    "price": 10,
    "promoPrice": null,
    "price_per_unit": null,
    "unit": null,
    "image": "https://s7g10.scene7.com/is/image/aldinord/product_1213320_main_cms_2_nl_nl_roblox_10_euro_cw01_2024",
    "beschikbaar": true,
    "promoEnd": null,
    "link": "https://www.aldi.nl/roblox-10-euro-1213320.html"
  },
  {
    "id": "1213318",
    "title": "Bol.com cadeaukaart Per stuk",
    "category": "Speciaal assortiment",
    "price": 15,
    "promoPrice": null,
    "price_per_unit": null,
    "unit": null,
    "image": "https://s7g10.scene7.com/is/image/aldinord/product_1213318_main_cms_1_nl_nl_bol_com_cadeaukaart_cw01_2024",
    "beschikbaar": true,
    "promoEnd": null,
    "link": "https://www.aldi.nl/bolcom-cadeaukaart-1213318.html"
  },
  {
    "id": "1213259",
    "title": "TRADER JOE'S Cranberry's of cranberry's & rozijnen melange 200 g",
    "category": "Snoep, koek, chips",
    "price": 1.69,
    "promoPrice": null,
    "price_per_unit": 8.45,
    "unit": "KG",
    "image": "https://s7g10.scene7.com/is/image/aldinord/product_1213259_main_cms_3_nl_nl_cranberry_s_of_cranberry_s_rozijnen_mela_cw01_2024",
    "beschikbaar": true,
    "promoEnd": null,
    "link": "https://www.aldi.nl/cranberrys-of-cranberrys-rozijnen-melange-1213259.html"
  },
  {
    "id": "1213225",
    "title": "TRADER JOE'S Pistachenoten 250 g",
    "category": "Snoep, koek, chips",
    "price": 3.29,
    "promoPrice": null,
    "price_per_unit": 13.16,
    "unit": "KG",
    "image": "https://s7g10.scene7.com/is/image/aldinord/product_1213225_main_cms_3_nl_nl_pistachenoten_cw01_2024",
    "beschikbaar": true,
    "promoEnd": null,
    "link": "https://www.aldi.nl/pistachenoten-1213225.html"
  },
  {
    "id": "1213211",
    "title": "Esteban biologische Verdejo Sauvignon Blanc 0.75 l",
    "category": "Bier, wijn, sterke drank",
    "price": 4.99,
    "promoPrice": null,
    "price_per_unit": 6.65,
    "unit": "L",
    "image": "https://s7g10.scene7.com/is/image/aldinord/product_1213211_main_cms_3_nl_nl_esteban_biologische_verdejo_sauvignon_bl_cw01_2024",
    "beschikbaar": true,
    "promoEnd": null,
    "link": "https://www.aldi.nl/esteban-biologische-verdejo-sauvignon-blanc-1213211.html"
  },
  {
    "id": "1213200",
    "title": "TRADER JOE'S Borrelnoten 300 g",
    "category": "Snoep, koek, chips",
    "price": 1.15,
    "promoPrice": null,
    "price_per_unit": 3.83,
    "unit": "KG",
    "image": "https://s7g10.scene7.com/is/image/aldinord/product_1213200_main_cms_4_nl_nl_borrelnoten_cw01_2024",
    "beschikbaar": true,
    "promoEnd": null,
    "link": "https://www.aldi.nl/borrelnoten-1213200.html"
  },
  {
    "id": "1213185",
    "title": "TRADER JOE'S Cashewnoten 500 g",
    "category": "Snoep, koek, chips",
    "price": 5.99,
    "promoPrice": null,
    "price_per_unit": 11.98,
    "unit": "KG",
    "image": "https://s7g10.scene7.com/is/image/aldinord/product_1213185_main_cms_6_nl_nl_cashewnoten_cw01_2024",
    "beschikbaar": true,
    "promoEnd": null,
    "link": "https://www.aldi.nl/cashewnoten-1213185.html"
  },
  {
    "id": "1213175",
    "title": "TRADER JOE'S Borrelnoten 300 g",
    "category": "Snoep, koek, chips",
    "price": 1.15,
    "promoPrice": null,
    "price_per_unit": 3.83,
    "unit": "KG",
    "image": "https://s7g10.scene7.com/is/image/aldinord/product_1213175_main_cms_8_nl_nl_borrelnoten_cw01_2024",
    "beschikbaar": true,
    "promoEnd": null,
    "link": "https://www.aldi.nl/borrelnoten-1213175.html"
  },
  {
    "id": "1213162",
    "title": "CHIO Pom-Bär 125 g",
    "category": "Snoep, koek, chips",
    "price": null,
    "promoPrice": null,
    "price_per_unit": null,
    "unit": null,
    "image": "https://s7g10.scene7.com/is/image/aldinord/variant_1213162_1_main_cms_1_nl_nl_pom_bar_cw01_2024",
    "beschikbaar": true,
    "promoEnd": null,
    "link": "https://www.aldi.nl/pom-br-1213162.html"
  },
  {
    "id": "1213149",
    "title": "NUTELLA Hazelnootpasta 600 g",
    "category": "Brood, ontbijtgranen",
    "price": null,
    "promoPrice": null,
    "price_per_unit": null,
    "unit": null,
    "image": "https://s7g10.scene7.com/is/image/aldinord/variant_1213149_1_main_cms_2_nl_nl_hazelnootpasta_cw01_2024",
    "beschikbaar": true,
    "promoEnd": null,
    "link": "https://www.aldi.nl/hazelnootpasta-1213149.html"
  },
  {
    "id": "1213148",
    "title": "TRADER JOE'S Amandelen 200 g",
    "category": "Snoep, koek, chips",
    "price": 2.25,
    "promoPrice": null,
    "price_per_unit": 11.25,
    "unit": "KG",
    "image": "https://s7g10.scene7.com/is/image/aldinord/product_1213148_main_cms_3_nl_nl_amandelen_cw01_2024",
    "beschikbaar": true,
    "promoEnd": null,
    "link": "https://www.aldi.nl/amandelen-1213148.html"
  },
  {
    "id": "1213142",
    "title": "SUN SNACKS Ribbelchips bolognese of cheese & onion 250 g",
    "category": "Snoep, koek, chips",
    "price": 1.35,
    "promoPrice": null,
    "price_per_unit": 5.4,
    "unit": "KG",
    "image": "https://s7g10.scene7.com/is/image/aldinord/product_1213142_main_cms_1_nl_nl_ribbelchips_bolognese_of_cheese_onion_cw01_2024",
    "beschikbaar": true,
    "promoEnd": null,
    "link": "https://www.aldi.nl/ribbelchips-bolognese-of-cheese-onion-1213142.html"
  },
  {
    "id": "1213132",
    "title": "KOEKKIE Speculoosbitcuits Inhoud: ca. 71 stuks, 500 g",
    "category": "Snoep, koek, chips",
    "price": 1.95,
    "promoPrice": null,
    "price_per_unit": 3.9,
    "unit": "KG",
    "image": "https://s7g10.scene7.com/is/image/aldinord/variant_1213132_1_main_cms_2_nl_nl_speculoosbitcuits_cw01_2024",
    "beschikbaar": true,
    "promoEnd": null,
    "link": "https://www.aldi.nl/speculoosbitcuits-1213132.html"
  },
  {
    "id": "1213129",
    "title": "TRADER JOE'S Cashewnoten 200 g",
    "category": "Snoep, koek, chips",
    "price": 2.49,
    "promoPrice": null,
    "price_per_unit": 12.45,
    "unit": "KG",
    "image": "https://s7g10.scene7.com/is/image/aldinord/variant_1213129_1_main_cms_1_nl_nl_cashewnoten_cw01_2024",
    "beschikbaar": true,
    "promoEnd": null,
    "link": "https://www.aldi.nl/cashewnoten-1213129.html"
  },
  {
    "id": "1213114",
    "title": "Stroopwafels Inhoud: 12 stuks, 378 g",
    "category": "Snoep, koek, chips",
    "price": 0.8,
    "promoPrice": null,
    "price_per_unit": 2.12,
    "unit": "KG",
    "image": "https://s7g10.scene7.com/is/image/aldinord/variant_1213114_1_main_cms_1_nl_nl_stroopwafels_cw01_2024",
    "beschikbaar": true,
    "promoEnd": null,
    "link": "https://www.aldi.nl/stroopwafels-1213114.html"
  },
  {
    "id": "1213100",
    "title": "MY VAY Vegan paté 125 g",
    "category": "Speciaal assortiment",
    "price": 1.39,
    "promoPrice": 1.39,
    "price_per_unit": 11.12,
    "unit": "KG",
    "image": "https://s7g10.scene7.com/is/image/aldinord/product_1213100_main_cms_2_nl_nl_vegan_pate_cw01_2024",
    "beschikbaar": true,
    "promoEnd": "2025-10-19",
    "link": "https://www.aldi.nl/vegan-pat-1213100.html"
  },
  {
    "id": "1213071",
    "title": "GOLDEN BRIDGE Honinghoepels 375 g",
    "category": "Brood, ontbijtgranen",
    "price": 1.59,
    "promoPrice": null,
    "price_per_unit": 375.0,
    "unit": "KG",
    "image": "https://s7g10.scene7.com/is/image/aldinord/variant_1213071_1_main_cms_1_nl_nl_honinghoepels_cw01_2024",
    "beschikbaar": true,
    "promoEnd": null,
    "link": "https://www.aldi.nl/honinghoepels-1213071.html"
  },
  {
    "id": "1213058",
    "title": "RIO D'ORO Appelsap 1 l",
    "category": "Groente, aardappelen",
    "price": 1.99,
    "promoPrice": null,
    "price_per_unit": 1.99,
    "unit": "L",
    "image": "https://s7g10.scene7.com/is/image/aldinord/variant_1213058_1_main_cms_1_nl_nl_appelsap_cw01_2024",
    "beschikbaar": true,
    "promoEnd": null,
    "link": "https://www.aldi.nl/appelsap-1213058.html"
  },
  {
    "id": "1213055",
    "title": "LACURA Anti-klit haarborstel Per stuk",
    "category": "Speciaal assortiment",
    "price": 1.99,
    "promoPrice": 1.99,
    "price_per_unit": null,
    "unit": null,
    "image": "https://s7g10.scene7.com/is/image/aldinord/product_1213055_main_cms_7_nl_nl_anti_klit_haarborstel_cw01_2024",
    "beschikbaar": true,
    "promoEnd": "2025-10-12",
    "link": "https://www.aldi.nl/anti-klit-haarborstel-1213055.html"
  },
  {
    "id": "1213048",
    "title": "Rozemarijn, tijm en oregano 20 g",
    "category": "Maaltijden, salades",
    "price": 0.99,
    "promoPrice": null,
    "price_per_unit": 49.5,
    "unit": "KG",
    "image": "https://s7g10.scene7.com/is/image/aldinord/product_1213048_main_cms_1_nl_nl_rozemarijn_tijm_en_oregano_cw01_2024",
    "beschikbaar": true,
    "promoEnd": null,
    "link": "https://www.aldi.nl/rozemarijn-tijm-en-oregano-1213048.html"
  },
  {
    "id": "1213045",
    "title": "HEERLIJCK BANKET Boterkoekreepjes Inhoud: 8 stuks, 300 g",
    "category": "Snoep, koek, chips",
    "price": 1.99,
    "promoPrice": null,
    "price_per_unit": 6.63,
    "unit": "KG",
    "image": "https://s7g10.scene7.com/is/image/aldinord/product_1213045_main_cms_2_nl_nl_boterkoekreepjes_cw01_2024",
    "beschikbaar": true,
    "promoEnd": null,
    "link": "https://www.aldi.nl/boterkoekreepjes-1213045.html"
  },
  {
    "id": "1212989",
    "title": "ALL SEASONS Aardbeien 750 g",
    "category": "Groente, aardappelen",
    "price": 3.49,
    "promoPrice": null,
    "price_per_unit": 4.65,
    "unit": "KG",
    "image": "https://s7g10.scene7.com/is/image/aldinord/product_1212989_main_cms_2_nl_nl_aardbeien_cw01_2024",
    "beschikbaar": true,
    "promoEnd": null,
    "link": "https://www.aldi.nl/aardbeien-1212989.html"
  },
  {
    "id": "1212980",
    "title": "ALL SEASONS Mango 750 g",
    "category": "Groente, aardappelen",
    "price": 3.99,
    "promoPrice": null,
    "price_per_unit": 5.32,
    "unit": "KG",
    "image": "https://s7g10.scene7.com/is/image/aldinord/product_1212980_main_cms_1_nl_nl_mango_cw01_2024",
    "beschikbaar": true,
    "promoEnd": null,
    "link": "https://www.aldi.nl/mango-1212980.html"
  },
  {
    "id": "1212978",
    "title": "ALL SEASONS Blauwe bessen 750 g",
    "category": "Groente, aardappelen",
    "price": 4.99,
    "promoPrice": null,
    "price_per_unit": 6.65,
    "unit": "KG",
    "image": "https://s7g10.scene7.com/is/image/aldinord/product_1212978_main_cms_1_nl_nl_blauwe_bessen_cw01_2024",
    "beschikbaar": true,
    "promoEnd": null,
    "link": "https://www.aldi.nl/blauwe-bessen-1212978.html"
  },
  {
    "id": "1212977",
    "title": "HEERLIJCK BANKET Roomboter cake naturel of marmer 450 g",
    "category": "Snoep, koek, chips",
    "price": 2.49,
    "promoPrice": null,
    "price_per_unit": 5.53,
    "unit": "KG",
    "image": "https://s7g10.scene7.com/is/image/aldinord/product_1212977_main_cms_3_nl_nl_roomboter_cake_naturel_of_marmer_cw01_2024",
    "beschikbaar": true,
    "promoEnd": null,
    "link": "https://www.aldi.nl/roomboter-cake-naturel-of-marmer-1212977.html"
  },
  {
    "id": "1212971",
    "title": "GOLDEN BRIDGE Choco kussentjes 375 g",
    "category": "Brood, ontbijtgranen",
    "price": 2.65,
    "promoPrice": null,
    "price_per_unit": 7.07,
    "unit": "KG",
    "image": "https://s7g10.scene7.com/is/image/aldinord/variant_1212971_1_main_cms_2_nl_nl_choco_kussentjes_cw01_2024",
    "beschikbaar": true,
    "promoEnd": null,
    "link": "https://www.aldi.nl/choco-kussentjes-1212971.html"
  },
  {
    "id": "1212970",
    "title": "ALL SEASONS Ananas 750 g",
    "category": "Groente, aardappelen",
    "price": 4.49,
    "promoPrice": null,
    "price_per_unit": 5.99,
    "unit": "KG",
    "image": "https://s7g10.scene7.com/is/image/aldinord/product_1212970_main_cms_1_nl_nl_ananas_cw01_2024",
    "beschikbaar": true,
    "promoEnd": null,
    "link": "https://www.aldi.nl/ananas-1212970.html"
  },
  {
    "id": "1212969",
    "title": "ALL SEASONS Frambozen 750 g",
    "category": "Groente, aardappelen",
    "price": 5.49,
    "promoPrice": null,
    "price_per_unit": 7.32,
    "unit": "KG",
    "image": "https://s7g10.scene7.com/is/image/aldinord/product_1212969_main_cms_1_nl_nl_frambozen_cw01_2024",
    "beschikbaar": true,
    "promoEnd": null,
    "link": "https://www.aldi.nl/frambozen-1212969.html"
  },
  {
    "id": "1212854",
    "title": "BELLASAN Bak & braad wikkel 250 g",
    "category": "Zuivel, eieren",
    "price": 0.99,
    "promoPrice": null,
    "price_per_unit": 3.96,
    "unit": "KG",
    "image": "https://s7g10.scene7.com/is/image/aldinord/product_1212854_main_cms_3_nl_nl_bak_braad_wikkel_cw01_2024",
    "beschikbaar": true,
    "promoEnd": null,
    "link": "https://www.aldi.nl/bak-braad-wikkel-1212854.html"
  },
  {
    "id": "1212851",
    "title": "BELLASAN Margarine 250 g",
    "category": "Zuivel, eieren",
    "price": 0.75,
    "promoPrice": null,
    "price_per_unit": 3.0,
    "unit": "KG",
    "image": "https://s7g10.scene7.com/is/image/aldinord/product_1212851_main_cms_3_nl_nl_margarine_cw01_2024",
    "beschikbaar": true,
    "promoEnd": null,
    "link": "https://www.aldi.nl/margarine-1212851.html"
  },
  {
    "id": "1212838",
    "title": "Cantolino Pinot Grigio Bianco 0.75 l",
    "category": "Bier, wijn, sterke drank",
    "price": 3,
    "promoPrice": 3,
    "price_per_unit": 4.0,
    "unit": "L",
    "image": "https://s7g10.scene7.com/is/image/aldinord/product_1212838_main_cms_4_nl_nl_cantolino_pinot_grigio_bianco_cw01_2024",
    "beschikbaar": true,
    "promoEnd": "2025-10-12",
    "link": "https://www.aldi.nl/cantolino-pinot-grigio-bianco-1212838.html"
  },
  {
    "id": "1212819",
    "title": "LOFT Tampons 32 stuks",
    "category": "Baby, verzorging",
    "price": 1.45,
    "promoPrice": null,
    "price_per_unit": null,
    "unit": null,
    "image": "https://s7g10.scene7.com/is/image/aldinord/product_1212819_main_cms_5_nl_nl_tampons_cw01_2024",
    "beschikbaar": true,
    "promoEnd": null,
    "link": "https://www.aldi.nl/tampons-1212819.html"
  },
  {
    "id": "1212785",
    "title": "BELLASAN Culinair 750 ml",
    "category": "Maaltijden, salades",
    "price": 1.87,
    "promoPrice": null,
    "price_per_unit": 2.49,
    "unit": "L",
    "image": "https://s7g10.scene7.com/is/image/aldinord/variant_1212785_1_main_cms_2_nl_nl_culinair_cw01_2024",
    "beschikbaar": true,
    "promoEnd": null,
    "link": "https://www.aldi.nl/culinair-1212785.html"
  },
  {
    "id": "1212774",
    "title": "SNACK FAN Gehaktstaaf pikant Inhoud: 4 stuks, 400 g",
    "category": "Snoep, koek, chips",
    "price": 3.49,
    "promoPrice": null,
    "price_per_unit": 8.73,
    "unit": "KG",
    "image": "https://s7g10.scene7.com/is/image/aldinord/product_1212774_main_cms_7_nl_nl_gehaktstaaf_pikant_cw01_2024",
    "beschikbaar": true,
    "promoEnd": null,
    "link": "https://www.aldi.nl/gehaktstaaf-pikant-1212774.html"
  },
  {
    "id": "1212764",
    "title": "LU Bastogne! 260 g",
    "category": "Snoep, koek, chips",
    "price": null,
    "promoPrice": null,
    "price_per_unit": null,
    "unit": null,
    "image": "https://s7g10.scene7.com/is/image/aldinord/product_1212764_main_cms_2_nl_nl_bastogne_cw01_2024",
    "beschikbaar": true,
    "promoEnd": null,
    "link": "https://www.aldi.nl/bastogne-1212764.html"
  },
  {
    "id": "1212731",
    "title": "MUCCI Fusion waterijs 8 stuks",
    "category": "Maaltijden, salades",
    "price": 1.89,
    "promoPrice": null,
    "price_per_unit": null,
    "unit": null,
    "image": "https://s7g10.scene7.com/is/image/aldinord/variant_1212731_1_main_cms_1_nl_nl_fusion_waterijs_cw01_2024",
    "beschikbaar": true,
    "promoEnd": null,
    "link": "https://www.aldi.nl/fusion-waterijs-1212731.html"
  },
  {
    "id": "1212641",
    "title": "Doyenne du comice peren 1 kg",
    "category": "Groente, aardappelen",
    "price": 2.49,
    "promoPrice": 1.69,
    "price_per_unit": 2.49,
    "unit": "KG",
    "image": "https://s7g10.scene7.com/is/image/aldinord/product_1212641_main_cms_2_nl_nl_doyenne_du_comice_peren_cw01_2024",
    "beschikbaar": true,
    "promoEnd": "2025-10-19",
    "link": "https://www.aldi.nl/doyenne-du-comice-peren-1212641.html"
  },
  {
    "id": "1212620",
    "title": "POTATO KING Zoete aardappelfriet 600 g",
    "category": "Diepvries",
    "price": 2.99,
    "promoPrice": null,
    "price_per_unit": 4.98,
    "unit": "KG",
    "image": "https://s7g10.scene7.com/is/image/aldinord/product_1212620_main_cms_1_nl_nl_zoete_aardappelfriet_cw01_2024",
    "beschikbaar": true,
    "promoEnd": null,
    "link": "https://www.aldi.nl/zoete-aardappelfriet-1212620.html"
  },
  {
    "id": "1212610",
    "title": "Gieser Wildeman stoofperen 1 kg",
    "category": "Groente, aardappelen",
    "price": null,
    "promoPrice": null,
    "price_per_unit": null,
    "unit": null,
    "image": "https://s7g10.scene7.com/is/image/aldinord/product_1212610_main_cms_1_nl_nl_gieser_wildeman_stoofperen_cw01_2024",
    "beschikbaar": true,
    "promoEnd": null,
    "link": "https://www.aldi.nl/gieser-wildeman-stoofperen-1212610.html"
  },
  {
    "id": "1212578",
    "title": "Rode druiven met pit 1 kg",
    "category": "Speciaal assortiment",
    "price": 2.49,
    "promoPrice": 2.49,
    "price_per_unit": 2.49,
    "unit": "KG",
    "image": "https://s7g10.scene7.com/is/image/aldinord/product_1212578_main_cms_4_nl_nl_rode_druiven_met_pit_cw01_2024",
    "beschikbaar": true,
    "promoEnd": "2025-10-19",
    "link": "https://www.aldi.nl/rode-druiven-met-pit-1212578.html"
  },
  {
    "id": "1212537",
    "title": "DAYLICIOUS Spinazie 450 g",
    "category": "Groente, aardappelen",
    "price": 1.49,
    "promoPrice": null,
    "price_per_unit": 3.31,
    "unit": "KG",
    "image": "https://s7g10.scene7.com/is/image/aldinord/product_1212537_main_cms_2_nl_nl_spinazie_cw01_2024",
    "beschikbaar": true,
    "promoEnd": null,
    "link": "https://www.aldi.nl/spinazie-1212537.html"
  },
  {
    "id": "1212521",
    "title": "DE VLEESMEESTERS Gekruide gyros of kebab 500 g",
    "category": "Vlees, vis, vega",
    "price": 5.49,
    "promoPrice": null,
    "price_per_unit": 10.98,
    "unit": "KG",
    "image": "https://s7g10.scene7.com/is/image/aldinord/product_1212521_main_cms_4_nl_nl_gekruide_gyros_of_kebab_cw01_2024",
    "beschikbaar": true,
    "promoEnd": null,
    "link": "https://www.aldi.nl/gekruide-gyros-of-kebab-1212521.html"
  },
  {
    "id": "1212520",
    "title": "BLUE BAND Bak en braad vloeibaar 750 ml",
    "category": "Zuivel, eieren",
    "price": null,
    "promoPrice": null,
    "price_per_unit": null,
    "unit": null,
    "image": "https://s7g10.scene7.com/is/image/aldinord/variant_1212520_1_main_cms_1_nl_nl_bak_en_braad_vloeibaar_cw01_2024",
    "beschikbaar": true,
    "promoEnd": null,
    "link": "https://www.aldi.nl/bak-en-braad-vloeibaar-1212520.html"
  },
  {
    "id": "1212471",
    "title": "CHEETOS Chipito 125 g",
    "category": "Snoep, koek, chips",
    "price": null,
    "promoPrice": null,
    "price_per_unit": null,
    "unit": null,
    "image": "https://s7g10.scene7.com/is/image/aldinord/product_1212471_main_cms_1_nl_nl_chipito_cw01_2024",
    "beschikbaar": true,
    "promoEnd": null,
    "link": "https://www.aldi.nl/chipito-1212471.html"
  },
  {
    "id": "1212463",
    "title": "GOUD GEBAKKEN Low carb crackers 2 x 3 stuks",
    "category": "Brood, ontbijtgranen",
    "price": 1.99,
    "promoPrice": null,
    "price_per_unit": null,
    "unit": null,
    "image": "https://s7g10.scene7.com/is/image/aldinord/product_1212463_main_cms_4_nl_nl_low_carb_crackers_cw01_2024",
    "beschikbaar": true,
    "promoEnd": null,
    "link": "https://www.aldi.nl/low-carb-crackers-1212463.html"
  },
  {
    "id": "1212454",
    "title": "LAY'S Hamka's 125 g",
    "category": "Snoep, koek, chips",
    "price": null,
    "promoPrice": null,
    "price_per_unit": null,
    "unit": null,
    "image": "https://s7g10.scene7.com/is/image/aldinord/variant_1212454_1_main_cms_1_nl_nl_hamka_s_cw01_2024",
    "beschikbaar": true,
    "promoEnd": null,
    "link": "https://www.aldi.nl/hamkas-1212454.html"
  },
  {
    "id": "1212227",
    "title": "MILSANI 4-pack Griekse stijl yoghurt 4x150 g",
    "category": "Zuivel, eieren",
    "price": 1.75,
    "promoPrice": null,
    "price_per_unit": 11.67,
    "unit": "KG",
    "image": "https://s7g10.scene7.com/is/image/aldinord/variant_1212227_1_main_cms_2_nl_nl_4_pack_griekse_stijl_yoghurt_cw01_2024",
    "beschikbaar": true,
    "promoEnd": null,
    "link": "https://www.aldi.nl/4-pack-griekse-stijl-yoghurt-1212227.html"
  },
  {
    "id": "1212158",
    "title": "MILSANI Magere Franse kwark 1 kg",
    "category": "Zuivel, eieren",
    "price": 1.85,
    "promoPrice": null,
    "price_per_unit": 1.85,
    "unit": "KG",
    "image": "https://s7g10.scene7.com/is/image/aldinord/product_1212158_main_cms_8_nl_nl_magere_franse_kwark_cw01_2024",
    "beschikbaar": true,
    "promoEnd": null,
    "link": "https://www.aldi.nl/magere-franse-kwark-1212158.html"
  },
  {
    "id": "1212105",
    "title": "SWEET PALERMO Zoete puntpaprikamix 500 g",
    "category": "Groente, aardappelen",
    "price": 2.99,
    "promoPrice": null,
    "price_per_unit": 5.98,
    "unit": "KG",
    "image": "https://s7g10.scene7.com/is/image/aldinord/product_1212105_main_cms_3_nl_nl_zoete_puntpaprikamix_cw01_2024",
    "beschikbaar": true,
    "promoEnd": null,
    "link": "https://www.aldi.nl/zoete-puntpaprikamix-1212105.html"
  },
  {
    "id": "1212089",
    "title": "MILSANI Kookroom 250 ml",
    "category": "Zuivel, eieren",
    "price": 0.89,
    "promoPrice": null,
    "price_per_unit": 3.56,
    "unit": "L",
    "image": "https://s7g10.scene7.com/is/image/aldinord/product_1212089_main_cms_3_nl_nl_kookroom_cw01_2024",
    "beschikbaar": true,
    "promoEnd": null,
    "link": "https://www.aldi.nl/kookroom-1212089.html"
  },
  {
    "id": "1212079",
    "title": "MY VAY Barista haverdrink 1 l",
    "category": "Zuivel, eieren",
    "price": 1.68,
    "promoPrice": null,
    "price_per_unit": 1.68,
    "unit": "L",
    "image": "https://s7g10.scene7.com/is/image/aldinord/variant_1212079_1_main_cms_3_nl_nl_barista_haverdrink_cw01_2024",
    "beschikbaar": true,
    "promoEnd": null,
    "link": "https://www.aldi.nl/barista-haverdrink-1212079.html"
  },
  {
    "id": "1212008",
    "title": "LACURA Scheergel 200 ml",
    "category": "Baby, verzorging",
    "price": 1.59,
    "promoPrice": null,
    "price_per_unit": 7.95,
    "unit": "L",
    "image": "https://s7g10.scene7.com/is/image/aldinord/variant_1212008_3_main_cms_7_nl_nl_scheergel_cw01_2024",
    "beschikbaar": true,
    "promoEnd": null,
    "link": "https://www.aldi.nl/scheergel-1212008.html"
  },
  {
    "id": "1211774",
    "title": "HEERLIJCK BANKET Suikerwafels Inhoud: 10 stuks, 550 g",
    "category": "Snoep, koek, chips",
    "price": 1.85,
    "promoPrice": null,
    "price_per_unit": 3.36,
    "unit": "KG",
    "image": "https://s7g10.scene7.com/is/image/aldinord/product_1211774_main_cms_1_nl_nl_suikerwafels_cw01_2024",
    "beschikbaar": true,
    "promoEnd": null,
    "link": "https://www.aldi.nl/suikerwafels-1211774.html"
  },
  {
    "id": "1211678",
    "title": "RAVINI Watermeloen cocktail 0.75 l",
    "category": "Speciaal assortiment",
    "price": 2.25,
    "promoPrice": null,
    "price_per_unit": 3.0,
    "unit": "L",
    "image": "https://s7g10.scene7.com/is/image/aldinord/variant_1211678_1_main_cms_1_nl_nl_watermeloen_cocktail_cw01_2024",
    "beschikbaar": true,
    "promoEnd": null,
    "link": "https://www.aldi.nl/watermeloen-cocktail-1211678.html"
  },
  {
    "id": "1211676",
    "title": "ALBONA Fijngemalen patentbloem 1 kg",
    "category": "Brood, ontbijtgranen",
    "price": 0.82,
    "promoPrice": null,
    "price_per_unit": 0.82,
    "unit": "KG",
    "image": "https://s7g10.scene7.com/is/image/aldinord/product_1211676_main_cms_2_nl_nl_fijngemalen_patentbloem_cw01_2024",
    "beschikbaar": true,
    "promoEnd": null,
    "link": "https://www.aldi.nl/fijngemalen-patentbloem-1211676.html"
  },
  {
    "id": "1211661",
    "title": "Ossenworst 3x70 g",
    "category": "Vlees, vis, vega",
    "price": 3.59,
    "promoPrice": null,
    "price_per_unit": 51.29,
    "unit": "KG",
    "image": "https://s7g10.scene7.com/is/image/aldinord/product_1211661_main_cms_3_nl_nl_ossenworst_cw01_2024",
    "beschikbaar": true,
    "promoEnd": null,
    "link": "https://www.aldi.nl/ossenworst-1211661.html"
  },
  {
    "id": "1211646",
    "title": "ALL SEASONS Ananasstukjes 580 ml",
    "category": "Groente, aardappelen",
    "price": 1.99,
    "promoPrice": null,
    "price_per_unit": 3.43,
    "unit": "L",
    "image": "https://s7g10.scene7.com/is/image/aldinord/product_1211646_main_cms_4_nl_nl_ananasstukjes_cw01_2024",
    "beschikbaar": true,
    "promoEnd": null,
    "link": "https://www.aldi.nl/ananasstukjes-1211646.html"
  },
  {
    "id": "1211642",
    "title": "ALL SEASONS 4-pack knijpfruit 4x90 g",
    "category": "Groente, aardappelen",
    "price": 1.89,
    "promoPrice": null,
    "price_per_unit": 21.0,
    "unit": "KG",
    "image": "https://s7g10.scene7.com/is/image/aldinord/product_1211642_main_cms_3_nl_nl_4_pack_knijpfruit_cw01_2024",
    "beschikbaar": true,
    "promoEnd": null,
    "link": "https://www.aldi.nl/4-pack-knijpfruit-1211642.html"
  },
  {
    "id": "1211640",
    "title": "ALL SEASONS Halve perziken 820 g",
    "category": "Groente, aardappelen",
    "price": 1.83,
    "promoPrice": null,
    "price_per_unit": 2.23,
    "unit": "KG",
    "image": "https://s7g10.scene7.com/is/image/aldinord/product_1211640_main_cms_5_nl_nl_halve_perziken_cw01_2024",
    "beschikbaar": true,
    "promoEnd": null,
    "link": "https://www.aldi.nl/halve-perziken-1211640.html"
  },
  {
    "id": "1211621",
    "title": "SNACK FAN Ovenbitterballen Inhoud: 12 stuks, 300 g",
    "category": "Snoep, koek, chips",
    "price": 2.59,
    "promoPrice": null,
    "price_per_unit": 8.63,
    "unit": "KG",
    "image": "https://s7g10.scene7.com/is/image/aldinord/variant_1211621_1_main_cms_2_nl_nl_ovenbitterballen_cw01_2024",
    "beschikbaar": true,
    "promoEnd": null,
    "link": "https://www.aldi.nl/ovenbitterballen-1211621.html"
  },
  {
    "id": "1211618",
    "title": "POTATO KING Vlaamse friet 1 kg",
    "category": "Diepvries",
    "price": 2.29,
    "promoPrice": null,
    "price_per_unit": 2.29,
    "unit": "KG",
    "image": "https://s7g10.scene7.com/is/image/aldinord/product_1211618_main_cms_1_nl_nl_vlaamse_friet_cw01_2024",
    "beschikbaar": true,
    "promoEnd": null,
    "link": "https://www.aldi.nl/vlaamse-friet-1211618.html"
  },
  {
    "id": "1211577",
    "title": "Rode wijn soepel 1 l",
    "category": "Bier, wijn, sterke drank",
    "price": 4.29,
    "promoPrice": null,
    "price_per_unit": 4.29,
    "unit": "L",
    "image": "https://s7g10.scene7.com/is/image/aldinord/product_1211577_main_cms_4_nl_nl_rode_wijn_soepel_cw01_2024",
    "beschikbaar": true,
    "promoEnd": null,
    "link": "https://www.aldi.nl/rode-wijn-soepel-1211577.html"
  },
  {
    "id": "1211572",
    "title": "ALL SEASONS Kersen op siroop 700 g",
    "category": "Groente, aardappelen",
    "price": 1.89,
    "promoPrice": null,
    "price_per_unit": 2.7,
    "unit": "KG",
    "image": "https://s7g10.scene7.com/is/image/aldinord/product_1211572_main_cms_2_nl_nl_kersen_op_siroop_cw01_2024",
    "beschikbaar": true,
    "promoEnd": null,
    "link": "https://www.aldi.nl/kersen-op-siroop-1211572.html"
  },
  {
    "id": "1211551",
    "title": "SLURPIE 10-pack fruitdrink 10x200 ml",
    "category": "Groente, aardappelen",
    "price": 2.69,
    "promoPrice": null,
    "price_per_unit": 13.45,
    "unit": "L",
    "image": "https://s7g10.scene7.com/is/image/aldinord/variant_1211551_2_main_cms_18_nl_nl_10_pack_fruitdrink_cw01_2024",
    "beschikbaar": true,
    "promoEnd": null,
    "link": "https://www.aldi.nl/10-pack-fruitdrink-1211551.html"
  },
  {
    "id": "1211543",
    "title": "TRADER JOE'S Wereldzoutjes 150-175 g",
    "category": "Snoep, koek, chips",
    "price": 1.49,
    "promoPrice": null,
    "price_per_unit": 8.51,
    "unit": "KG",
    "image": "https://s7g10.scene7.com/is/image/aldinord/product_1211543_main_cms_5_nl_nl_wereldzoutjes_cw01_2024",
    "beschikbaar": true,
    "promoEnd": null,
    "link": "https://www.aldi.nl/wereldzoutjes-1211543.html"
  },
  {
    "id": "1211532",
    "title": "SUN SNACKS Toast 100-150 g",
    "category": "Snoep, koek, chips",
    "price": 1.35,
    "promoPrice": null,
    "price_per_unit": 9.0,
    "unit": "KG",
    "image": "https://s7g10.scene7.com/is/image/aldinord/variant_1211532_2_main_cms_10_nl_nl_toast_cw01_2024",
    "beschikbaar": true,
    "promoEnd": null,
    "link": "https://www.aldi.nl/toast-1211532.html"
  },
  {
    "id": "1211518",
    "title": "TRIANGLE PHARMA Ibuprofen 200 mg 10 tabletten",
    "category": "Verzorging, gezondheid",
    "price": 0.99,
    "promoPrice": null,
    "price_per_unit": null,
    "unit": null,
    "image": "https://s7g10.scene7.com/is/image/aldinord/product_1211518_main_cms_2_nl_nl_ibuprofen_200_mg_cw01_2024",
    "beschikbaar": true,
    "promoEnd": null,
    "link": "https://www.aldi.nl/ibuprofen-200-mg-1211518.html"
  },
  {
    "id": "1211502",
    "title": "CHEETOS Nibb-it sticks 110 g",
    "category": "Snoep, koek, chips",
    "price": null,
    "promoPrice": null,
    "price_per_unit": null,
    "unit": null,
    "image": "https://s7g10.scene7.com/is/image/aldinord/product_1211502_main_cms_1_nl_nl_nibb_it_sticks_cw01_2024",
    "beschikbaar": true,
    "promoEnd": null,
    "link": "https://www.aldi.nl/nibb-it-sticks-1211502.html"
  },
  {
    "id": "1211476",
    "title": "MAMA NATURE Biologische appelmoes 370 ml",
    "category": "Groente, aardappelen",
    "price": null,
    "promoPrice": null,
    "price_per_unit": null,
    "unit": null,
    "image": "https://s7g10.scene7.com/is/image/aldinord/product_1211476_main_cms_1_nl_nl_biologische_appelmoes_cw01_2024",
    "beschikbaar": true,
    "promoEnd": null,
    "link": "https://www.aldi.nl/biologische-appelmoes-1211476.html"
  },
  {
    "id": "1211470",
    "title": "UNOX Gelderse rookworst 285 g",
    "category": "Vlees, vis, vega",
    "price": null,
    "promoPrice": null,
    "price_per_unit": null,
    "unit": null,
    "image": "https://s7g10.scene7.com/is/image/aldinord/product_1211470_main_cms_1_nl_nl_gelderse_rookworst_cw01_2024",
    "beschikbaar": true,
    "promoEnd": null,
    "link": "https://www.aldi.nl/gelderse-rookworst-1211470.html"
  },
  {
    "id": "1211465",
    "title": "TRADER JOE'S Pinda's 350 g",
    "category": "Snoep, koek, chips",
    "price": 1.09,
    "promoPrice": null,
    "price_per_unit": 3.11,
    "unit": "KG",
    "image": "https://s7g10.scene7.com/is/image/aldinord/variant_1211465_1_main_cms_1_nl_nl_pinda_s_cw01_2024",
    "beschikbaar": true,
    "promoEnd": null,
    "link": "https://www.aldi.nl/pindas-1211465.html"
  },
  {
    "id": "1211464",
    "title": "DE AFBAKKER Meergranentriangels Inhoud: 2 stuks, 180 g",
    "category": "Brood, ontbijtgranen",
    "price": 1.19,
    "promoPrice": null,
    "price_per_unit": null,
    "unit": null,
    "image": "https://s7g10.scene7.com/is/image/aldinord/variant_1211464_1_main_cms_2_nl_nl_meergranentriangels_cw01_2024",
    "beschikbaar": true,
    "promoEnd": null,
    "link": "https://www.aldi.nl/meergranentriangels-1211464.html"
  },
  {
    "id": "1211450",
    "title": "Gemarineerde scharrelkipfilethaasjes 400 g",
    "category": "Vlees, vis, vega",
    "price": 5.69,
    "promoPrice": null,
    "price_per_unit": 14.23,
    "unit": "KG",
    "image": "https://s7g10.scene7.com/is/image/aldinord/product_1211450_main_cms_4_nl_nl_gemarineerde_scharrelkipfilethaasjes_cw01_2024",
    "beschikbaar": true,
    "promoEnd": null,
    "link": "https://www.aldi.nl/gemarineerde-scharrelkipfilethaasjes-1211450.html"
  },
  {
    "id": "1211446",
    "title": "SNACK FAN Hamburgers Inhoud: 12 stuks, 840 g",
    "category": "Snoep, koek, chips",
    "price": 2.99,
    "promoPrice": null,
    "price_per_unit": 3.56,
    "unit": "KG",
    "image": "https://s7g10.scene7.com/is/image/aldinord/variant_1211446_1_main_cms_1_nl_nl_hamburgers_cw01_2024",
    "beschikbaar": true,
    "promoEnd": null,
    "link": "https://www.aldi.nl/hamburgers-1211446.html"
  },
  {
    "id": "1211393",
    "title": "ROYAL GALA Royal Gala appels Schaal 4 stuks",
    "category": "Groente, aardappelen",
    "price": 1.99,
    "promoPrice": null,
    "price_per_unit": null,
    "unit": null,
    "image": "https://s7g10.scene7.com/is/image/aldinord/product_1211393_main_cms_2_nl_nl_royal_gala_appels_cw01_2024",
    "beschikbaar": true,
    "promoEnd": null,
    "link": "https://www.aldi.nl/royal-gala-appels-1211393.html"
  },
  {
    "id": "1211365",
    "title": "UNOX Extra magere rookworst 275 g",
    "category": "Vlees, vis, vega",
    "price": null,
    "promoPrice": null,
    "price_per_unit": null,
    "unit": null,
    "image": "https://s7g10.scene7.com/is/image/aldinord/product_1211365_main_cms_1_nl_nl_extra_magere_rookworst_cw01_2024",
    "beschikbaar": true,
    "promoEnd": null,
    "link": "https://www.aldi.nl/extra-magere-rookworst-1211365.html"
  },
  {
    "id": "1211352",
    "title": "DE HETE KETEL Eén kop soep 36-54 g",
    "category": "Maaltijden, salades",
    "price": 0.58,
    "promoPrice": null,
    "price_per_unit": 10.74,
    "unit": "KG",
    "image": "https://s7g10.scene7.com/is/image/aldinord/product_1211352_main_cms_9_nl_nl_een_kop_soep_cw01_2024",
    "beschikbaar": true,
    "promoEnd": null,
    "link": "https://www.aldi.nl/en-kop-soep-1211352.html"
  },
  {
    "id": "1211338",
    "title": "Tijgerbol Per stuk",
    "category": "Brood, ontbijtgranen",
    "price": 0.35,
    "promoPrice": 1,
    "price_per_unit": null,
    "unit": null,
    "image": "https://s7g10.scene7.com/is/image/aldinord/product_1211338_main_cms_1_nl_nl_tijgerbol_cw01_2024",
    "beschikbaar": true,
    "promoEnd": "2025-10-19",
    "link": "https://www.aldi.nl/tijgerbol-1211338.html"
  },
  {
    "id": "1211282",
    "title": "CUCINA NOBILE Spaghetti 500 g",
    "category": "Maaltijden, salades",
    "price": 0.85,
    "promoPrice": null,
    "price_per_unit": 1.7,
    "unit": "KG",
    "image": "https://s7g10.scene7.com/is/image/aldinord/product_1211282_main_cms_2_nl_nl_spaghetti_cw01_2024",
    "beschikbaar": true,
    "promoEnd": null,
    "link": "https://www.aldi.nl/spaghetti-1211282.html"
  },
  {
    "id": "1211281",
    "title": "WRAPITT Grofvuilzakken 50 stuks",
    "category": "Speciaal assortiment",
    "price": 5.99,
    "promoPrice": 5.99,
    "price_per_unit": null,
    "unit": null,
    "image": "https://s7g10.scene7.com/is/image/aldinord/product_1211281_main_cms_1_nl_nl_grofvuilzakken_cw01_2024",
    "beschikbaar": true,
    "promoEnd": "2025-10-19",
    "link": "https://www.aldi.nl/grofvuilzakken-1211281.html"
  },
  {
    "id": "1211209",
    "title": "ORAL-B Tandpasta 1-2-3 fresh mint 75 ml",
    "category": "Baby, verzorging",
    "price": null,
    "promoPrice": null,
    "price_per_unit": null,
    "unit": null,
    "image": "https://s7g10.scene7.com/is/image/aldinord/variant_1211209_1_main_cms_3_nl_nl_tandpasta_1_2_3_fresh_mint_cw01_2024",
    "beschikbaar": true,
    "promoEnd": null,
    "link": "https://www.aldi.nl/tandpasta-1-2-3-fresh-mint-1211209.html"
  },
  {
    "id": "1211195",
    "title": "Kaapse Pracht wit bag-in-box 3 l",
    "category": "Bier, wijn, sterke drank",
    "price": 9.99,
    "promoPrice": null,
    "price_per_unit": 3.33,
    "unit": "L",
    "image": "https://s7g10.scene7.com/is/image/aldinord/product_1211195_main_cms_5_nl_nl_kaapse_pracht_wit_bag_in_box_cw01_2024",
    "beschikbaar": true,
    "promoEnd": null,
    "link": "https://www.aldi.nl/kaapse-pracht-wit-bag-in-box-1211195.html"
  },
  {
    "id": "1211187",
    "title": "CUCINA NOBILE Penne 500 g",
    "category": "Maaltijden, salades",
    "price": 0.85,
    "promoPrice": null,
    "price_per_unit": 1.7,
    "unit": "KG",
    "image": "https://s7g10.scene7.com/is/image/aldinord/product_1211187_main_cms_2_nl_nl_penne_cw01_2024",
    "beschikbaar": true,
    "promoEnd": null,
    "link": "https://www.aldi.nl/penne-1211187.html"
  },
  {
    "id": "1211172",
    "title": "SAWA Witte snelkookrijst 1 kg",
    "category": "Maaltijden, salades",
    "price": 1.29,
    "promoPrice": null,
    "price_per_unit": 1.29,
    "unit": "KG",
    "image": "https://s7g10.scene7.com/is/image/aldinord/product_1211172_main_cms_2_nl_nl_witte_snelkookrijst_cw01_2024",
    "beschikbaar": true,
    "promoEnd": null,
    "link": "https://www.aldi.nl/witte-snelkookrijst-1211172.html"
  },
  {
    "id": "1211171",
    "title": "Vrije uitloop eieren 6 stuks",
    "category": "Zuivel, eieren",
    "price": 1.45,
    "promoPrice": null,
    "price_per_unit": null,
    "unit": null,
    "image": "https://s7g10.scene7.com/is/image/aldinord/product_1211171_main_cms_2_nl_nl_vrije_uitloop_eieren_cw01_2024",
    "beschikbaar": true,
    "promoEnd": null,
    "link": "https://www.aldi.nl/vrije-uitloop-eieren-1211171.html"
  },
  {
    "id": "1211163",
    "title": "MILSANI Verse slagroom 250 ml",
    "category": "Zuivel, eieren",
    "price": 1.39,
    "promoPrice": null,
    "price_per_unit": 5.56,
    "unit": "L",
    "image": "https://s7g10.scene7.com/is/image/aldinord/variant_1211163_1_main_cms_2_nl_nl_verse_slagroom_cw01_2024",
    "beschikbaar": true,
    "promoEnd": null,
    "link": "https://www.aldi.nl/verse-slagroom-1211163.html"
  },
  {
    "id": "1211138",
    "title": "Scharrelkipshoarma 500 g",
    "category": "Vlees, vis, vega",
    "price": 4.99,
    "promoPrice": 4.99,
    "price_per_unit": 9.98,
    "unit": "KG",
    "image": "https://s7g10.scene7.com/is/image/aldinord/variant_1211138_1_main_cms_1_nl_nl_scharrelkipshoarma_cw01_2024",
    "beschikbaar": true,
    "promoEnd": "2025-10-12",
    "link": "https://www.aldi.nl/scharrelkipshoarma-1211138.html"
  },
  {
    "id": "1211136",
    "title": "Kaiserbroodje wit Per stuk",
    "category": "Brood, ontbijtgranen",
    "price": 0.29,
    "promoPrice": null,
    "price_per_unit": null,
    "unit": null,
    "image": "https://s7g10.scene7.com/is/image/aldinord/product_1211136_main_cms_2_nl_nl_kaiserbroodje_wit_cw01_2024",
    "beschikbaar": true,
    "promoEnd": null,
    "link": "https://www.aldi.nl/kaiserbroodje-wit-1211136.html"
  },
  {
    "id": "1211129",
    "title": "ALBONA Paneermeel 400 g",
    "category": "Brood, ontbijtgranen",
    "price": 0.75,
    "promoPrice": null,
    "price_per_unit": 1.88,
    "unit": "KG",
    "image": "https://s7g10.scene7.com/is/image/aldinord/product_1211129_main_cms_2_nl_nl_paneermeel_cw01_2024",
    "beschikbaar": true,
    "promoEnd": null,
    "link": "https://www.aldi.nl/paneermeel-1211129.html"
  },
  {
    "id": "1211124",
    "title": "BIO Eieren 6 stuks",
    "category": "Zuivel, eieren",
    "price": 1.91,
    "promoPrice": null,
    "price_per_unit": null,
    "unit": null,
    "image": "https://s7g10.scene7.com/is/image/aldinord/product_1211124_main_cms_3_nl_nl_eieren_cw01_2024",
    "beschikbaar": true,
    "promoEnd": null,
    "link": "https://www.aldi.nl/eieren-1211124.html"
  },
  {
    "id": "1211091",
    "title": "5-pack Bifi 5x20 g",
    "category": "Vlees, vis, vega",
    "price": 2.34,
    "promoPrice": null,
    "price_per_unit": 117.0,
    "unit": "KG",
    "image": "https://s7g10.scene7.com/is/image/aldinord/product_1211091_main_cms_1_nl_nl_5_pack_bifi_cw01_2024",
    "beschikbaar": true,
    "promoEnd": null,
    "link": "https://www.aldi.nl/5-pack-bifi-1211091.html"
  },
  {
    "id": "1211036",
    "title": "Ballaturi Tre Uve 0.75 l",
    "category": "Bier, wijn, sterke drank",
    "price": 4.99,
    "promoPrice": null,
    "price_per_unit": 6.65,
    "unit": "L",
    "image": "https://s7g10.scene7.com/is/image/aldinord/product_1211036_main_cms_4_nl_nl_ballaturi_tre_uve_cw01_2024",
    "beschikbaar": true,
    "promoEnd": null,
    "link": "https://www.aldi.nl/ballaturi-tre-uve-1211036.html"
  },
  {
    "id": "1211028",
    "title": "Selderij 20 g",
    "category": "Groente, aardappelen",
    "price": 0.49,
    "promoPrice": null,
    "price_per_unit": 24.5,
    "unit": "KG",
    "image": "https://s7g10.scene7.com/is/image/aldinord/product_1211028_main_cms_1_nl_nl_selderij_cw01_2024",
    "beschikbaar": true,
    "promoEnd": null,
    "link": "https://www.aldi.nl/selderij-1211028.html"
  },
  {
    "id": "1211019",
    "title": "GOLDEN BRIDGE 8-pack mueslirepen 200 g",
    "category": "Brood, ontbijtgranen",
    "price": 1.49,
    "promoPrice": null,
    "price_per_unit": 7.45,
    "unit": "KG",
    "image": "https://s7g10.scene7.com/is/image/aldinord/product_1211019_main_cms_10_nl_nl_8_pack_mueslirepen_cw01_2024",
    "beschikbaar": true,
    "promoEnd": null,
    "link": "https://www.aldi.nl/8-pack-mueslirepen-1211019.html"
  },
  {
    "id": "1211005",
    "title": "DAYLICIOUS Veldsla 85 g",
    "category": "Groente, aardappelen",
    "price": 1.19,
    "promoPrice": null,
    "price_per_unit": 14.0,
    "unit": "KG",
    "image": "https://s7g10.scene7.com/is/image/aldinord/product_1211005_main_cms_2_nl_nl_veldsla_cw01_2024",
    "beschikbaar": true,
    "promoEnd": null,
    "link": "https://www.aldi.nl/veldsla-1211005.html"
  },
  {
    "id": "1211003",
    "title": "DAYLICIOUS Rucola 85 g",
    "category": "Groente, aardappelen",
    "price": 0.99,
    "promoPrice": null,
    "price_per_unit": 11.65,
    "unit": "KG",
    "image": "https://s7g10.scene7.com/is/image/aldinord/product_1211003_main_cms_2_nl_nl_rucola_cw01_2024",
    "beschikbaar": true,
    "promoEnd": null,
    "link": "https://www.aldi.nl/rucola-1211003.html"
  },
  {
    "id": "1210949",
    "title": "DE HETE KETEL Rijkgevulde tomatensoep 800 ml",
    "category": "Maaltijden, salades",
    "price": 1.85,
    "promoPrice": null,
    "price_per_unit": 2.31,
    "unit": "L",
    "image": "https://s7g10.scene7.com/is/image/aldinord/product_1210949_main_cms_2_nl_nl_rijkgevulde_tomatensoep_cw01_2024",
    "beschikbaar": true,
    "promoEnd": null,
    "link": "https://www.aldi.nl/rijkgevulde-tomatensoep-1210949.html"
  },
  {
    "id": "1210864",
    "title": "DAYLICIOUS Jonge bladsla melange 85 g",
    "category": "Groente, aardappelen",
    "price": 1.19,
    "promoPrice": null,
    "price_per_unit": 14.0,
    "unit": "KG",
    "image": "https://s7g10.scene7.com/is/image/aldinord/product_1210864_main_cms_4_nl_nl_jonge_bladsla_melange_cw01_2024",
    "beschikbaar": true,
    "promoEnd": null,
    "link": "https://www.aldi.nl/jonge-bladsla-melange-1210864.html"
  },
  {
    "id": "1210849",
    "title": "Bakkersgoud rustiek spelt Heel",
    "category": "Brood, ontbijtgranen",
    "price": 2.19,
    "promoPrice": null,
    "price_per_unit": null,
    "unit": null,
    "image": "https://s7g10.scene7.com/is/image/aldinord/product_1210849_main_cms_2_nl_nl_bakkersgoud_rustiek_spelt_cw01_2024",
    "beschikbaar": true,
    "promoEnd": null,
    "link": "https://www.aldi.nl/bakkersgoud-rustiek-spelt-1210849.html"
  },
  {
    "id": "1210823",
    "title": "Surimi-krabsalade 250 g",
    "category": "Maaltijden, salades",
    "price": 1.99,
    "promoPrice": null,
    "price_per_unit": 7.96,
    "unit": "KG",
    "image": "https://s7g10.scene7.com/is/image/aldinord/product_1210823_main_cms_3_nl_nl_surimi_krabsalade_cw01_2024",
    "beschikbaar": true,
    "promoEnd": null,
    "link": "https://www.aldi.nl/surimi-krabsalade-1210823.html"
  },
  {
    "id": "1210812",
    "title": "Gesneden kastanjechampignons 125 g",
    "category": "Groente, aardappelen",
    "price": 1.19,
    "promoPrice": null,
    "price_per_unit": 9.52,
    "unit": "KG",
    "image": "https://s7g10.scene7.com/is/image/aldinord/product_1210812_main_cms_4_nl_nl_gesneden_kastanjechampignons_cw01_2024",
    "beschikbaar": true,
    "promoEnd": null,
    "link": "https://www.aldi.nl/gesneden-kastanjechampignons-1210812.html"
  },
  {
    "id": "1210768",
    "title": "MAOAM MaoMixx 400 g",
    "category": "Snoep, koek, chips",
    "price": null,
    "promoPrice": null,
    "price_per_unit": null,
    "unit": null,
    "image": "https://s7g10.scene7.com/is/image/aldinord/product_1210768_main_cms_1_nl_nl_maomixx_cw01_2024",
    "beschikbaar": true,
    "promoEnd": null,
    "link": "https://www.aldi.nl/maomixx-1210768.html"
  },
  {
    "id": "1210746",
    "title": "Grove champignons 400 g",
    "category": "Groente, aardappelen",
    "price": 1.69,
    "promoPrice": null,
    "price_per_unit": 4.23,
    "unit": "KG",
    "image": "https://s7g10.scene7.com/is/image/aldinord/product_1210746_main_cms_16_nl_nl_grove_champignons_cw01_2024",
    "beschikbaar": true,
    "promoEnd": null,
    "link": "https://www.aldi.nl/grove-champignons-1210746.html"
  },
  {
    "id": "1210741",
    "title": "Groene kamerplant Per stuk",
    "category": "Speciaal assortiment",
    "price": 2.99,
    "promoPrice": 2.99,
    "price_per_unit": null,
    "unit": null,
    "image": "https://s7g10.scene7.com/is/image/aldinord/product_1210741_main_cms_9_nl_nl_groene_kamerplant_cw01_2024",
    "beschikbaar": true,
    "promoEnd": "2025-10-19",
    "link": "https://www.aldi.nl/groene-kamerplant-1210741.html"
  },
  {
    "id": "1210735",
    "title": "Hollandse pruimen 500 g",
    "category": "Groente, aardappelen",
    "price": 2.99,
    "promoPrice": null,
    "price_per_unit": 5.98,
    "unit": "KG",
    "image": "https://s7g10.scene7.com/is/image/aldinord/product_1210735_main_cms_7_nl_nl_hollandse_pruimen_cw01_2024",
    "beschikbaar": true,
    "promoEnd": null,
    "link": "https://www.aldi.nl/hollandse-pruimen-1210735.html"
  },
  {
    "id": "1210718",
    "title": "SOLO 2-laags toiletpapier 24 rollen",
    "category": "Huishouden",
    "price": 6.59,
    "promoPrice": null,
    "price_per_unit": null,
    "unit": null,
    "image": "https://s7g10.scene7.com/is/image/aldinord/product_1210718_main_cms_2_nl_nl_2_laags_toiletpapier_cw01_2024",
    "beschikbaar": true,
    "promoEnd": null,
    "link": "https://www.aldi.nl/2-laags-toiletpapier-1210718.html"
  },
  {
    "id": "1210706",
    "title": "UNA Allesreiniger 1.25 l",
    "category": "Huishouden",
    "price": 0.69,
    "promoPrice": null,
    "price_per_unit": 0.55,
    "unit": "L",
    "image": "https://s7g10.scene7.com/is/image/aldinord/product_1210706_main_cms_7_nl_nl_allesreiniger_cw01_2024",
    "beschikbaar": true,
    "promoEnd": null,
    "link": "https://www.aldi.nl/allesreiniger-1210706.html"
  },
  {
    "id": "1210696",
    "title": "WESTMINSTER Kruidenthee 20 x 2 g",
    "category": "Koffie, thee",
    "price": 1.05,
    "promoPrice": null,
    "price_per_unit": 525.0,
    "unit": "KG",
    "image": "https://s7g10.scene7.com/is/image/aldinord/variant_1210696_1_main_cms_4_nl_nl_kruidenthee_cw01_2024",
    "beschikbaar": true,
    "promoEnd": null,
    "link": "https://www.aldi.nl/kruidenthee-1210696.html"
  },
  {
    "id": "1210661",
    "title": "WESTMINSTER Kruidenthee 20 zakjes",
    "category": "Koffie, thee",
    "price": 1.31,
    "promoPrice": null,
    "price_per_unit": null,
    "unit": null,
    "image": "https://s7g10.scene7.com/is/image/aldinord/product_1210661_main_cms_13_nl_nl_kruidenthee_cw01_2024",
    "beschikbaar": true,
    "promoEnd": null,
    "link": "https://www.aldi.nl/kruidenthee-1210661.html"
  },
  {
    "id": "1210645",
    "title": "UNA Luchtverfrisserspray 300 ml",
    "category": "Huishouden",
    "price": 0.98,
    "promoPrice": null,
    "price_per_unit": 3.27,
    "unit": "L",
    "image": "https://s7g10.scene7.com/is/image/aldinord/product_1210645_main_cms_7_nl_nl_luchtverfrisserspray_cw01_2024",
    "beschikbaar": true,
    "promoEnd": null,
    "link": "https://www.aldi.nl/luchtverfrisserspray-1210645.html"
  },
  {
    "id": "1210593",
    "title": "DE RUIJTER Hagelslag melk of puur 390 g",
    "category": "Brood, ontbijtgranen",
    "price": null,
    "promoPrice": null,
    "price_per_unit": null,
    "unit": null,
    "image": "https://s7g10.scene7.com/is/image/aldinord/product_1210593_main_cms_5_nl_nl_hagelslag_melk_of_puur_cw01_2024",
    "beschikbaar": true,
    "promoEnd": null,
    "link": "https://www.aldi.nl/hagelslag-melk-of-puur-1210593.html"
  },
  {
    "id": "1210576",
    "title": "WORKZONE Meetgereedschap Per stuk/set",
    "category": "Speciaal assortiment",
    "price": 7.99,
    "promoPrice": 7.99,
    "price_per_unit": null,
    "unit": null,
    "image": "https://s7g10.scene7.com/is/image/aldinord/product_1210576_main_cms_4_nl_nl_meetgereedschap_cw01_2024",
    "beschikbaar": true,
    "promoEnd": "2025-10-24",
    "link": "https://www.aldi.nl/meetgereedschap-1210576.html"
  },
  {
    "id": "1210555",
    "title": "SNACK FAN Kipsaté stokjes 150 g",
    "category": "Vlees, vis, vega",
    "price": 1.37,
    "promoPrice": null,
    "price_per_unit": 9.13,
    "unit": "KG",
    "image": "https://s7g10.scene7.com/is/image/aldinord/variant_1210555_1_main_cms_1_nl_nl_kipsate_stokjes_cw01_2024",
    "beschikbaar": true,
    "promoEnd": null,
    "link": "https://www.aldi.nl/kipsat-stokjes-1210555.html"
  },
  {
    "id": "1210533",
    "title": "HARIBO Kindermix 550 g",
    "category": "Snoep, koek, chips",
    "price": null,
    "promoPrice": null,
    "price_per_unit": null,
    "unit": null,
    "image": "https://s7g10.scene7.com/is/image/aldinord/product_1210533_main_cms_1_nl_nl_kindermix_cw01_2024",
    "beschikbaar": true,
    "promoEnd": null,
    "link": "https://www.aldi.nl/kindermix-1210533.html"
  },
  {
    "id": "1210503",
    "title": "Hollandse geitenkaas 50+ 350 g",
    "category": "Zuivel, eieren",
    "price": 5.59,
    "promoPrice": null,
    "price_per_unit": null,
    "unit": null,
    "image": "https://s7g10.scene7.com/is/image/aldinord/product_1210503_main_cms_8_nl_nl_hollandse_geitenkaas_50_cw01_2024",
    "beschikbaar": true,
    "promoEnd": null,
    "link": "https://www.aldi.nl/hollandse-geitenkaas-50-1210503.html"
  },
  {
    "id": "1210498",
    "title": "Sjalotten 350 g",
    "category": "Groente, aardappelen",
    "price": 0.89,
    "promoPrice": null,
    "price_per_unit": 2.54,
    "unit": "KG",
    "image": "https://s7g10.scene7.com/is/image/aldinord/product_1210498_main_cms_2_nl_nl_sjalotten_cw01_2024",
    "beschikbaar": true,
    "promoEnd": null,
    "link": "https://www.aldi.nl/sjalotten-1210498.html"
  },
  {
    "id": "1210459",
    "title": "Extra mager rundergehakt 300 g",
    "category": "Vlees, vis, vega",
    "price": 4.75,
    "promoPrice": null,
    "price_per_unit": 15.83,
    "unit": "KG",
    "image": "https://s7g10.scene7.com/is/image/aldinord/variant_1210459_1_main_cms_1_nl_nl_extra_mager_rundergehakt_cw01_2024",
    "beschikbaar": true,
    "promoEnd": null,
    "link": "https://www.aldi.nl/extra-mager-rundergehakt-1210459.html"
  },
  {
    "id": "1210453",
    "title": "MUCCI Wafelijsjes 4 stuks",
    "category": "Maaltijden, salades",
    "price": 2.79,
    "promoPrice": null,
    "price_per_unit": null,
    "unit": null,
    "image": "https://s7g10.scene7.com/is/image/aldinord/product_1210453_main_cms_3_nl_nl_wafelijsjes_cw01_2024",
    "beschikbaar": true,
    "promoEnd": null,
    "link": "https://www.aldi.nl/wafelijsjes-1210453.html"
  },
  {
    "id": "1210430",
    "title": "Koolhydraat verlaagd brood half Half",
    "category": "Brood, ontbijtgranen",
    "price": 1.59,
    "promoPrice": null,
    "price_per_unit": null,
    "unit": null,
    "image": "https://s7g10.scene7.com/is/image/aldinord/product_1210430_main_cms_1_nl_nl_koolhydraat_verlaagd_brood_half_cw01_2024",
    "beschikbaar": true,
    "promoEnd": null,
    "link": "https://www.aldi.nl/koolhydraat-verlaagd-brood-half-1210430.html"
  },
  {
    "id": "1210423",
    "title": "GOLDEN BRIDGE Volkoren muesli 1 kg",
    "category": "Brood, ontbijtgranen",
    "price": 2.99,
    "promoPrice": null,
    "price_per_unit": 2.99,
    "unit": "KG",
    "image": "https://s7g10.scene7.com/is/image/aldinord/product_1210423_main_cms_3_nl_nl_volkoren_muesli_cw01_2024",
    "beschikbaar": true,
    "promoEnd": null,
    "link": "https://www.aldi.nl/volkoren-muesli-1210423.html"
  },
  {
    "id": "1210417",
    "title": "TROPHY SMAAKMAKERS Barbecuesaus 450 ml",
    "category": "Maaltijden, salades",
    "price": 1.99,
    "promoPrice": null,
    "price_per_unit": 4.42,
    "unit": "L",
    "image": "https://s7g10.scene7.com/is/image/aldinord/product_1210417_main_cms_5_nl_nl_barbecuesaus_cw01_2024",
    "beschikbaar": true,
    "promoEnd": null,
    "link": "https://www.aldi.nl/barbecuesaus-1210417.html"
  },
  {
    "id": "1210379",
    "title": "DE VLEESMEESTERS Kant-en-klare gehaktballen Inhoud: 8 stuks, 1 kg",
    "category": "Vlees, vis, vega",
    "price": 7.99,
    "promoPrice": null,
    "price_per_unit": 7.99,
    "unit": "KG",
    "image": "https://s7g10.scene7.com/is/image/aldinord/variant_1210379_1_main_cms_1_nl_nl_kant_en_klare_gehaktballen_cw01_2024",
    "beschikbaar": true,
    "promoEnd": null,
    "link": "https://www.aldi.nl/kant-en-klare-gehaktballen-1210379.html"
  },
  {
    "id": "1210354",
    "title": "GOLDEN SEAFOOD Zalmfilets 250 g",
    "category": "Vlees, vis, vega",
    "price": 5.99,
    "promoPrice": null,
    "price_per_unit": 23.96,
    "unit": "KG",
    "image": "https://s7g10.scene7.com/is/image/aldinord/product_1210354_main_cms_6_nl_nl_zalmfilets_cw01_2024",
    "beschikbaar": true,
    "promoEnd": null,
    "link": "https://www.aldi.nl/zalmfilets-1210354.html"
  },
  {
    "id": "1210311",
    "title": "Waddenbrood Heel",
    "category": "Brood, ontbijtgranen",
    "price": 1.79,
    "promoPrice": 1.79,
    "price_per_unit": null,
    "unit": null,
    "image": "https://s7g10.scene7.com/is/image/aldinord/variant_1210311_1_main_cms_2_nl_nl_waddenbrood_cw01_2024",
    "beschikbaar": true,
    "promoEnd": "2025-10-12",
    "link": "https://www.aldi.nl/waddenbrood-1210311.html"
  },
  {
    "id": "1210301",
    "title": "Prei Per stuk",
    "category": "Groente, aardappelen",
    "price": 0.49,
    "promoPrice": 0.99,
    "price_per_unit": null,
    "unit": null,
    "image": "https://s7g10.scene7.com/is/image/aldinord/product_1210301_main_cms_4_nl_nl_prei_cw01_2024",
    "beschikbaar": true,
    "promoEnd": "2025-10-19",
    "link": "https://www.aldi.nl/prei-1210301.html"
  },
  {
    "id": "1210283",
    "title": "DE HETE KETEL Goulashsoep 800 ml",
    "category": "Maaltijden, salades",
    "price": 2.19,
    "promoPrice": null,
    "price_per_unit": 2.74,
    "unit": "L",
    "image": "https://s7g10.scene7.com/is/image/aldinord/product_1210283_main_cms_2_nl_nl_goulashsoep_cw01_2024",
    "beschikbaar": true,
    "promoEnd": null,
    "link": "https://www.aldi.nl/goulashsoep-1210283.html"
  },
  {
    "id": "1210264",
    "title": "TRADER JOE'S Pinda's 500 g",
    "category": "Snoep, koek, chips",
    "price": 1.29,
    "promoPrice": null,
    "price_per_unit": 2.58,
    "unit": "KG",
    "image": "https://s7g10.scene7.com/is/image/aldinord/variant_1210264_1_main_cms_1_nl_nl_pinda_s_cw01_2024",
    "beschikbaar": true,
    "promoEnd": null,
    "link": "https://www.aldi.nl/pindas-1210264.html"
  },
  {
    "id": "1210224",
    "title": "TRADER JOE'S Cashew-pindamix 200 g",
    "category": "Snoep, koek, chips",
    "price": 1.99,
    "promoPrice": null,
    "price_per_unit": 9.95,
    "unit": "KG",
    "image": "https://s7g10.scene7.com/is/image/aldinord/product_1210224_main_cms_3_nl_nl_cashew_pindamix_cw01_2024",
    "beschikbaar": true,
    "promoEnd": null,
    "link": "https://www.aldi.nl/cashew-pindamix-1210224.html"
  },
  {
    "id": "1210173",
    "title": "TRADER JOE'S Salsa of hot mix 450 g",
    "category": "Snoep, koek, chips",
    "price": 3.99,
    "promoPrice": null,
    "price_per_unit": 8.87,
    "unit": "KG",
    "image": "https://s7g10.scene7.com/is/image/aldinord/variant_1210173_1_main_cms_2_nl_nl_salsa_of_hot_mix_cw01_2024",
    "beschikbaar": true,
    "promoEnd": null,
    "link": "https://www.aldi.nl/salsa-of-hot-mix-1210173.html"
  },
  {
    "id": "1210168",
    "title": "Verse munt 30 g",
    "category": "Groente, aardappelen",
    "price": 0.69,
    "promoPrice": null,
    "price_per_unit": 23.0,
    "unit": "KG",
    "image": "https://s7g10.scene7.com/is/image/aldinord/product_1210168_main_cms_4_nl_nl_verse_munt_cw01_2024",
    "beschikbaar": true,
    "promoEnd": null,
    "link": "https://www.aldi.nl/verse-munt-1210168.html"
  },
  {
    "id": "1210130",
    "title": "TRADER JOE'S Pinda's in dop 500 g",
    "category": "Snoep, koek, chips",
    "price": 1.96,
    "promoPrice": null,
    "price_per_unit": 3.92,
    "unit": "KG",
    "image": "https://s7g10.scene7.com/is/image/aldinord/variant_1210130_1_main_cms_1_nl_nl_pinda_s_in_dop_cw01_2024",
    "beschikbaar": true,
    "promoEnd": null,
    "link": "https://www.aldi.nl/pindas-in-dop-1210130.html"
  },
  {
    "id": "1210064",
    "title": "PURINA 4-pack gourmet gold mousse 4x85 g",
    "category": "Huisdieren",
    "price": null,
    "promoPrice": null,
    "price_per_unit": null,
    "unit": null,
    "image": "https://s7g10.scene7.com/is/image/aldinord/product_1210064_main_cms_2_nl_nl_4_pack_gourmet_gold_mousse_cw01_2024",
    "beschikbaar": true,
    "promoEnd": null,
    "link": "https://www.aldi.nl/4-pack-gourmet-gold-mousse-1210064.html"
  },
  {
    "id": "1210063",
    "title": "MAMA NATURE Biologische gesneden bladspinazie 750 g",
    "category": "Groente, aardappelen",
    "price": 2.29,
    "promoPrice": null,
    "price_per_unit": 3.05,
    "unit": "KG",
    "image": "https://s7g10.scene7.com/is/image/aldinord/variant_1210063_1_main_cms_1_nl_nl_biologische_gesneden_bladspinazie_cw01_2024",
    "beschikbaar": true,
    "promoEnd": null,
    "link": "https://www.aldi.nl/biologische-gesneden-bladspinazie-1210063.html"
  },
  {
    "id": "1210053",
    "title": "Tostibrood Half",
    "category": "Brood, ontbijtgranen",
    "price": 1.09,
    "promoPrice": null,
    "price_per_unit": null,
    "unit": null,
    "image": "https://s7g10.scene7.com/is/image/aldinord/variant_1210053_1_main_cms_1_nl_nl_tostibrood_cw01_2024",
    "beschikbaar": true,
    "promoEnd": null,
    "link": "https://www.aldi.nl/tostibrood-1210053.html"
  },
  {
    "id": "1210006",
    "title": "BOLLETJE Volkoren beschuit 13 stuks",
    "category": "Brood, ontbijtgranen",
    "price": null,
    "promoPrice": null,
    "price_per_unit": null,
    "unit": null,
    "image": "https://s7g10.scene7.com/is/image/aldinord/product_1210006_main_cms_2_nl_nl_volkoren_beschuit_cw01_2024",
    "beschikbaar": true,
    "promoEnd": null,
    "link": "https://www.aldi.nl/volkoren-beschuit-1210006.html"
  },
  {
    "id": "1209998",
    "title": "TRADER JOE'S Walnoten 500 g",
    "category": "Speciaal assortiment",
    "price": 5.99,
    "promoPrice": 5.99,
    "price_per_unit": 11.98,
    "unit": "KG",
    "image": "https://s7g10.scene7.com/is/image/aldinord/product_1209998_main_cms_4_nl_nl_walnoten_cw01_2024",
    "beschikbaar": true,
    "promoEnd": "2025-10-12",
    "link": "https://www.aldi.nl/walnoten-1209998.html"
  },
  {
    "id": "1209980",
    "title": "Aardappelpuree 4x125 g",
    "category": "Groente, aardappelen",
    "price": 1.99,
    "promoPrice": null,
    "price_per_unit": 15.92,
    "unit": "KG",
    "image": "https://s7g10.scene7.com/is/image/aldinord/product_1209980_main_cms_3_nl_nl_aardappelpuree_cw01_2024",
    "beschikbaar": true,
    "promoEnd": null,
    "link": "https://www.aldi.nl/aardappelpuree-1209980.html"
  },
  {
    "id": "1209950",
    "title": "DAYLICIOUS Hotdogs kip 2 stuks, 218.5 g",
    "category": "Maaltijden, salades",
    "price": 1.79,
    "promoPrice": null,
    "price_per_unit": 8.19,
    "unit": "KG",
    "image": "https://s7g10.scene7.com/is/image/aldinord/product_1209950_main_cms_3_nl_nl_hotdogs_kip_cw01_2024",
    "beschikbaar": true,
    "promoEnd": null,
    "link": "https://www.aldi.nl/hotdogs-kip-1209950.html"
  },
  {
    "id": "1209911",
    "title": "GOLDEN SEAFOOD Roerbakgarnalen naturel 400 g",
    "category": "Vlees, vis, vega",
    "price": 6.99,
    "promoPrice": null,
    "price_per_unit": 17.48,
    "unit": "KG",
    "image": "https://s7g10.scene7.com/is/image/aldinord/variant_1209911_1_main_cms_1_nl_nl_roerbakgarnalen_naturel_cw01_2024",
    "beschikbaar": true,
    "promoEnd": null,
    "link": "https://www.aldi.nl/roerbakgarnalen-naturel-1209911.html"
  },
  {
    "id": "1209887",
    "title": "DE KRUIDEN COMPANY Keukenzout 800 g",
    "category": "Maaltijden, salades",
    "price": 0.62,
    "promoPrice": null,
    "price_per_unit": 0.78,
    "unit": "KG",
    "image": "https://s7g10.scene7.com/is/image/aldinord/product_1209887_main_cms_2_nl_nl_keukenzout_cw01_2024",
    "beschikbaar": true,
    "promoEnd": null,
    "link": "https://www.aldi.nl/keukenzout-1209887.html"
  },
  {
    "id": "1209855",
    "title": "DE KRUIDEN COMPANY 5-pack jus 5-pack",
    "category": "Maaltijden, salades",
    "price": 0.99,
    "promoPrice": null,
    "price_per_unit": null,
    "unit": null,
    "image": "https://s7g10.scene7.com/is/image/aldinord/product_1209855_main_cms_7_nl_nl_5_pack_jus_cw01_2024",
    "beschikbaar": true,
    "promoEnd": null,
    "link": "https://www.aldi.nl/5-pack-jus-1209855.html"
  },
  {
    "id": "1209840",
    "title": "BOLLETJE Echte beschuit 13 stuks",
    "category": "Brood, ontbijtgranen",
    "price": null,
    "promoPrice": null,
    "price_per_unit": null,
    "unit": null,
    "image": "https://s7g10.scene7.com/is/image/aldinord/product_1209840_main_cms_2_nl_nl_echte_beschuit_cw01_2024",
    "beschikbaar": true,
    "promoEnd": null,
    "link": "https://www.aldi.nl/echte-beschuit-1209840.html"
  },
  {
    "id": "1209825",
    "title": "CUCINA NOBILE Pastasaus 420 g",
    "category": "Maaltijden, salades",
    "price": 1.99,
    "promoPrice": null,
    "price_per_unit": 4.74,
    "unit": "KG",
    "image": "https://s7g10.scene7.com/is/image/aldinord/product_1209825_main_cms_11_nl_nl_pastasaus_cw01_2024",
    "beschikbaar": true,
    "promoEnd": null,
    "link": "https://www.aldi.nl/pastasaus-1209825.html"
  },
  {
    "id": "1209815",
    "title": "VAN VLEGELAAR Krokante tarwe toast 250 g",
    "category": "Brood, ontbijtgranen",
    "price": 1.25,
    "promoPrice": null,
    "price_per_unit": 5.0,
    "unit": "KG",
    "image": "https://s7g10.scene7.com/is/image/aldinord/variant_1209815_1_main_cms_1_nl_nl_krokante_tarwe_toast_cw01_2024",
    "beschikbaar": true,
    "promoEnd": null,
    "link": "https://www.aldi.nl/krokante-tarwe-toast-1209815.html"
  },
  {
    "id": "1209741",
    "title": "Kalanchoe Per stuk",
    "category": "Speciaal assortiment",
    "price": 1.99,
    "promoPrice": 1.99,
    "price_per_unit": null,
    "unit": null,
    "image": "https://s7g10.scene7.com/is/image/aldinord/product_1209741_main_cms_13_nl_nl_kalanchoe_cw01_2024",
    "beschikbaar": true,
    "promoEnd": "2025-10-12",
    "link": "https://www.aldi.nl/kalanchoe-1209741.html"
  },
  {
    "id": "1209732",
    "title": "Rode wijn krachtig 250 ml",
    "category": "Bier, wijn, sterke drank",
    "price": 1.89,
    "promoPrice": null,
    "price_per_unit": 7.56,
    "unit": "L",
    "image": "https://s7g10.scene7.com/is/image/aldinord/product_1209732_main_cms_3_nl_nl_rode_wijn_krachtig_cw01_2024",
    "beschikbaar": true,
    "promoEnd": null,
    "link": "https://www.aldi.nl/rode-wijn-krachtig-1209732.html"
  },
  {
    "id": "1209731",
    "title": "ALL SEASONS 3-pack maïkorrels 3x150 g",
    "category": "Groente, aardappelen",
    "price": 2.19,
    "promoPrice": null,
    "price_per_unit": 14.6,
    "unit": "KG",
    "image": "https://s7g10.scene7.com/is/image/aldinord/product_1209731_main_cms_2_nl_nl_3_pack_maikorrels_cw01_2024",
    "beschikbaar": true,
    "promoEnd": null,
    "link": "https://www.aldi.nl/3-pack-makorrels-1209731.html"
  },
  {
    "id": "1209689",
    "title": "HEERLIJCK BANKET Appelrondo's Inhoud: 6 stuks, 420 g",
    "category": "Snoep, koek, chips",
    "price": 2.49,
    "promoPrice": null,
    "price_per_unit": 5.93,
    "unit": "KG",
    "image": "https://s7g10.scene7.com/is/image/aldinord/product_1209689_main_cms_2_nl_nl_appelrondo_s_cw01_2024",
    "beschikbaar": true,
    "promoEnd": null,
    "link": "https://www.aldi.nl/appelrondos-1209689.html"
  },
  {
    "id": "1209677",
    "title": "HOFSTEE DE DRIE EIKEN Luncheon meat 340 g",
    "category": "Vlees, vis, vega",
    "price": 1.99,
    "promoPrice": null,
    "price_per_unit": 5.85,
    "unit": "KG",
    "image": "https://s7g10.scene7.com/is/image/aldinord/product_1209677_main_cms_2_nl_nl_luncheon_meat_cw01_2024",
    "beschikbaar": true,
    "promoEnd": null,
    "link": "https://www.aldi.nl/luncheon-meat-1209677.html"
  },
  {
    "id": "1209666",
    "title": "Negroamaro Puglia 0.75 l",
    "category": "Bier, wijn, sterke drank",
    "price": 3.79,
    "promoPrice": null,
    "price_per_unit": 5.05,
    "unit": "L",
    "image": "https://s7g10.scene7.com/is/image/aldinord/product_1209666_main_cms_3_nl_nl_negroamaro_puglia_cw01_2024",
    "beschikbaar": true,
    "promoEnd": null,
    "link": "https://www.aldi.nl/negroamaro-puglia-1209666.html"
  },
  {
    "id": "1209652",
    "title": "HOFSTEE DE DRIE EIKEN Gehaktballen in jus 825 g",
    "category": "Vlees, vis, vega",
    "price": 5.99,
    "promoPrice": null,
    "price_per_unit": 7.26,
    "unit": "KG",
    "image": "https://s7g10.scene7.com/is/image/aldinord/product_1209652_main_cms_1_nl_nl_gehaktballen_in_jus_cw01_2024",
    "beschikbaar": true,
    "promoEnd": null,
    "link": "https://www.aldi.nl/gehaktballen-in-jus-1209652.html"
  },
  {
    "id": "1209637",
    "title": "Merlot Pays d'Oc 0.75 l",
    "category": "Bier, wijn, sterke drank",
    "price": 3.99,
    "promoPrice": null,
    "price_per_unit": 5.32,
    "unit": "L",
    "image": "https://s7g10.scene7.com/is/image/aldinord/product_1209637_main_cms_5_nl_nl_merlot_pays_d_oc_cw01_2024",
    "beschikbaar": true,
    "promoEnd": null,
    "link": "https://www.aldi.nl/merlot-pays-doc-1209637.html"
  },
  {
    "id": "1209619",
    "title": "PRINGLES Chips 165 g",
    "category": "Snoep, koek, chips",
    "price": null,
    "promoPrice": null,
    "price_per_unit": null,
    "unit": null,
    "image": "https://s7g10.scene7.com/is/image/aldinord/product_1209619_main_cms_10_nl_nl_chips_cw01_2024",
    "beschikbaar": true,
    "promoEnd": null,
    "link": "https://www.aldi.nl/chips-1209619.html"
  },
  {
    "id": "1209577",
    "title": "Sauvignon Blanc bag-in-box 3 l",
    "category": "Bier, wijn, sterke drank",
    "price": 11.49,
    "promoPrice": null,
    "price_per_unit": 3.83,
    "unit": "L",
    "image": "https://s7g10.scene7.com/is/image/aldinord/product_1209577_main_cms_5_nl_nl_sauvignon_blanc_bag_in_box_cw01_2024",
    "beschikbaar": true,
    "promoEnd": null,
    "link": "https://www.aldi.nl/sauvignon-blanc-bag-in-box-1209577.html"
  },
  {
    "id": "1209570",
    "title": "MOSER ROTH Belgische bonbons 400 g",
    "category": "Snoep, koek, chips",
    "price": 4.99,
    "promoPrice": null,
    "price_per_unit": 12.48,
    "unit": "KG",
    "image": "https://s7g10.scene7.com/is/image/aldinord/product_1209570_main_cms_2_nl_nl_belgische_bonbons_cw01_2024",
    "beschikbaar": true,
    "promoEnd": null,
    "link": "https://www.aldi.nl/belgische-bonbons-1209570.html"
  },
  {
    "id": "1209568",
    "title": "HOFSTEE DE DRIE EIKEN Magere rookworst 275 g",
    "category": "Vlees, vis, vega",
    "price": 1.59,
    "promoPrice": null,
    "price_per_unit": 5.78,
    "unit": "KG",
    "image": "https://s7g10.scene7.com/is/image/aldinord/product_1209568_main_cms_1_nl_nl_magere_rookworst_cw01_2024",
    "beschikbaar": true,
    "promoEnd": null,
    "link": "https://www.aldi.nl/magere-rookworst-1209568.html"
  },
  {
    "id": "1209549",
    "title": "HOFSTEE DE DRIE EIKEN Gelderse rookworst 275 g",
    "category": "Vlees, vis, vega",
    "price": 1.33,
    "promoPrice": null,
    "price_per_unit": 4.84,
    "unit": "KG",
    "image": "https://s7g10.scene7.com/is/image/aldinord/product_1209549_main_cms_1_nl_nl_gelderse_rookworst_cw01_2024",
    "beschikbaar": true,
    "promoEnd": null,
    "link": "https://www.aldi.nl/gelderse-rookworst-1209549.html"
  },
  {
    "id": "1209544",
    "title": "HOFSTEE DE DRIE EIKEN Cervelaatworst 500 g",
    "category": "Vlees, vis, vega",
    "price": 3.99,
    "promoPrice": null,
    "price_per_unit": 7.98,
    "unit": "KG",
    "image": "https://s7g10.scene7.com/is/image/aldinord/product_1209544_main_cms_1_nl_nl_cervelaatworst_cw01_2024",
    "beschikbaar": true,
    "promoEnd": null,
    "link": "https://www.aldi.nl/cervelaatworst-1209544.html"
  },
  {
    "id": "1209538",
    "title": "LAY'S Wokkels paprika 100 g",
    "category": "Snoep, koek, chips",
    "price": null,
    "promoPrice": null,
    "price_per_unit": null,
    "unit": null,
    "image": "https://s7g10.scene7.com/is/image/aldinord/variant_1209538_1_main_cms_1_nl_nl_wokkels_paprika_cw01_2024",
    "beschikbaar": true,
    "promoEnd": null,
    "link": "https://www.aldi.nl/wokkels-paprika-1209538.html"
  },
  {
    "id": "1209516",
    "title": "TRADER JOE'S American fritessaus 500 ml",
    "category": "Maaltijden, salades",
    "price": 1.75,
    "promoPrice": null,
    "price_per_unit": 3.5,
    "unit": "L",
    "image": "https://s7g10.scene7.com/is/image/aldinord/product_1209516_main_cms_2_nl_nl_american_fritessaus_cw01_2024",
    "beschikbaar": true,
    "promoEnd": null,
    "link": "https://www.aldi.nl/american-fritessaus-1209516.html"
  },
  {
    "id": "1209493",
    "title": "Boomstammetje Inhoud: 4 stuks, 400 g",
    "category": "Vlees, vis, vega",
    "price": 3.79,
    "promoPrice": null,
    "price_per_unit": 9.48,
    "unit": "KG",
    "image": "https://s7g10.scene7.com/is/image/aldinord/variant_1209493_1_main_cms_1_nl_nl_boomstammetje_cw01_2024",
    "beschikbaar": true,
    "promoEnd": null,
    "link": "https://www.aldi.nl/boomstammetje-1209493.html"
  },
  {
    "id": "1209463",
    "title": "HOFSTEE DE DRIE EIKEN Leverpastei 6x56 g",
    "category": "Vlees, vis, vega",
    "price": 2.49,
    "promoPrice": null,
    "price_per_unit": 44.46,
    "unit": "KG",
    "image": "https://s7g10.scene7.com/is/image/aldinord/product_1209463_main_cms_2_nl_nl_leverpastei_cw01_2024",
    "beschikbaar": true,
    "promoEnd": null,
    "link": "https://www.aldi.nl/leverpastei-1209463.html"
  },
  {
    "id": "1209460",
    "title": "HOFSTEE DE DRIE EIKEN Corned beef 340 g",
    "category": "Vlees, vis, vega",
    "price": 3.99,
    "promoPrice": null,
    "price_per_unit": 11.74,
    "unit": "KG",
    "image": "https://s7g10.scene7.com/is/image/aldinord/product_1209460_main_cms_2_nl_nl_corned_beef_cw01_2024",
    "beschikbaar": true,
    "promoEnd": null,
    "link": "https://www.aldi.nl/corned-beef-1209460.html"
  },
  {
    "id": "1209418",
    "title": "HOFSTEE DE DRIE EIKEN Bockworsten Inhoud: 8 stuks, 320 g",
    "category": "Vlees, vis, vega",
    "price": 3.19,
    "promoPrice": null,
    "price_per_unit": 9.97,
    "unit": "KG",
    "image": "https://s7g10.scene7.com/is/image/aldinord/product_1209418_main_cms_4_nl_nl_bockworsten_cw01_2024",
    "beschikbaar": true,
    "promoEnd": null,
    "link": "https://www.aldi.nl/bockworsten-1209418.html"
  },
  {
    "id": "1209413",
    "title": "DE AFBAKKER Mini-saucijzen- of worstenbroodjes Inhoud: 15-16 stuks",
    "category": "Brood, ontbijtgranen",
    "price": 2.39,
    "promoPrice": null,
    "price_per_unit": 7.47,
    "unit": "KG",
    "image": "https://s7g10.scene7.com/is/image/aldinord/product_1209413_main_cms_8_nl_nl_mini_saucijzen_of_worstenbroodjes_cw01_2024",
    "beschikbaar": true,
    "promoEnd": null,
    "link": "https://www.aldi.nl/mini-saucijzen-of-worstenbroodjes-1209413.html"
  },
  {
    "id": "1209378",
    "title": "Lidcactus Per stuk",
    "category": "Speciaal assortiment",
    "price": 2.49,
    "promoPrice": 2.49,
    "price_per_unit": null,
    "unit": null,
    "image": "https://s7g10.scene7.com/is/image/aldinord/product_1209378_main_cms_1_nl_nl_lidcactus_cw01_2024",
    "beschikbaar": true,
    "promoEnd": "2025-10-12",
    "link": "https://www.aldi.nl/lidcactus-1209378.html"
  },
  {
    "id": "1209375",
    "title": "FORTUNE EXPRESS Boemboe 100 g",
    "category": "Maaltijden, salades",
    "price": 1.04,
    "promoPrice": null,
    "price_per_unit": 10.4,
    "unit": "KG",
    "image": "https://s7g10.scene7.com/is/image/aldinord/product_1209375_main_cms_12_nl_nl_boemboe_cw01_2024",
    "beschikbaar": true,
    "promoEnd": null,
    "link": "https://www.aldi.nl/boemboe-1209375.html"
  },
  {
    "id": "1209364",
    "title": "ALDI Herbruikbare plastic tas Per stuk",
    "category": "Huishouden",
    "price": 0.59,
    "promoPrice": null,
    "price_per_unit": null,
    "unit": null,
    "image": "https://s7g10.scene7.com/is/image/aldinord/product_1209364_main_cms_3_nl_nl_herbruikbare_plastic_tas_cw01_2024",
    "beschikbaar": true,
    "promoEnd": null,
    "link": "https://www.aldi.nl/herbruikbare-plastic-tas-1209364.html"
  },
  {
    "id": "1209330",
    "title": "Saucijzenbroodje Per stuk",
    "category": "Snoep, koek, chips",
    "price": 0.99,
    "promoPrice": null,
    "price_per_unit": null,
    "unit": null,
    "image": "https://s7g10.scene7.com/is/image/aldinord/product_1209330_main_cms_2_nl_nl_saucijzenbroodje_cw01_2024",
    "beschikbaar": true,
    "promoEnd": null,
    "link": "https://www.aldi.nl/saucijzenbroodje-1209330.html"
  },
  {
    "id": "1209325",
    "title": "DAYLICIOUS Minikrieltjes met BBQ-kruiden 700 g",
    "category": "Groente, aardappelen",
    "price": 1.39,
    "promoPrice": null,
    "price_per_unit": 1.99,
    "unit": "KG",
    "image": "https://s7g10.scene7.com/is/image/aldinord/product_1209325_main_cms_2_nl_nl_minikrieltjes_met_bbq_kruiden_cw01_2024",
    "beschikbaar": true,
    "promoEnd": null,
    "link": "https://www.aldi.nl/minikrieltjes-met-bbq-kruiden-1209325.html"
  },
  {
    "id": "1209295",
    "title": "MOLENLAND Goudse kaas 30+ belegen of jong belegen 500 g",
    "category": "Zuivel, eieren",
    "price": 5.29,
    "promoPrice": null,
    "price_per_unit": 10.58,
    "unit": "KG",
    "image": "https://s7g10.scene7.com/is/image/aldinord/product_1209295_main_cms_3_nl_nl_goudse_kaas_30_belegen_of_jong_belegen_cw01_2024",
    "beschikbaar": true,
    "promoEnd": null,
    "link": "https://www.aldi.nl/goudse-kaas-30-belegen-of-jong-belegen-1209295.html"
  },
  {
    "id": "1209290",
    "title": "GOUD GEBAKKEN Knäckebröd goudbruin 375 g",
    "category": "Brood, ontbijtgranen",
    "price": 1.24,
    "promoPrice": null,
    "price_per_unit": 3.31,
    "unit": "KG",
    "image": "https://s7g10.scene7.com/is/image/aldinord/product_1209290_main_cms_1_nl_nl_knackebrod_goudbruin_cw01_2024",
    "beschikbaar": true,
    "promoEnd": null,
    "link": "https://www.aldi.nl/knckebrd-goudbruin-1209290.html"
  },
  {
    "id": "1209287",
    "title": "KINDER Bueno 43 g",
    "category": "Snoep, koek, chips",
    "price": null,
    "promoPrice": null,
    "price_per_unit": null,
    "unit": null,
    "image": "https://s7g10.scene7.com/is/image/aldinord/variant_1209287_1_main_cms_1_nl_nl_bueno_cw01_2024",
    "beschikbaar": true,
    "promoEnd": null,
    "link": "https://www.aldi.nl/bueno-1209287.html"
  },
  {
    "id": "1209225",
    "title": "TRADER JOE'S Rozijnen 500 g",
    "category": "Snoep, koek, chips",
    "price": 2.47,
    "promoPrice": null,
    "price_per_unit": 4.94,
    "unit": "KG",
    "image": "https://s7g10.scene7.com/is/image/aldinord/product_1209225_main_cms_2_nl_nl_rozijnen_cw01_2024",
    "beschikbaar": true,
    "promoEnd": null,
    "link": "https://www.aldi.nl/rozijnen-1209225.html"
  },
  {
    "id": "1209220",
    "title": "Corned beef 125 g",
    "category": "Vlees, vis, vega",
    "price": 2.39,
    "promoPrice": null,
    "price_per_unit": 19.12,
    "unit": "KG",
    "image": "https://s7g10.scene7.com/is/image/aldinord/product_1209220_main_cms_1_nl_nl_corned_beef_cw01_2024",
    "beschikbaar": true,
    "promoEnd": null,
    "link": "https://www.aldi.nl/corned-beef-1209220.html"
  },
  {
    "id": "1209214",
    "title": "REMIA Fritesaus classic XL 1 l",
    "category": "Maaltijden, salades",
    "price": null,
    "promoPrice": null,
    "price_per_unit": null,
    "unit": null,
    "image": "https://s7g10.scene7.com/is/image/aldinord/product_1209214_main_cms_2_nl_nl_fritesaus_classic_xl_cw01_2024",
    "beschikbaar": true,
    "promoEnd": null,
    "link": "https://www.aldi.nl/fritesaus-classic-xl-1209214.html"
  },
  {
    "id": "1209182",
    "title": "Rueda Verdejo 0.75 l",
    "category": "Bier, wijn, sterke drank",
    "price": 3.99,
    "promoPrice": null,
    "price_per_unit": 5.32,
    "unit": "L",
    "image": "https://s7g10.scene7.com/is/image/aldinord/product_1209182_main_cms_2_nl_nl_rueda_verdejo_cw01_2024",
    "beschikbaar": true,
    "promoEnd": null,
    "link": "https://www.aldi.nl/rueda-verdejo-1209182.html"
  },
  {
    "id": "1209127",
    "title": "Blauwe bessen 300 g",
    "category": "Groente, aardappelen",
    "price": 2.95,
    "promoPrice": 2.95,
    "price_per_unit": 9.83,
    "unit": "KG",
    "image": "https://s7g10.scene7.com/is/image/aldinord/product_1209127_main_cms_4_nl_nl_blauwe_bessen_cw01_2024",
    "beschikbaar": true,
    "promoEnd": "2025-10-12",
    "link": "https://www.aldi.nl/blauwe-bessen-1209127.html"
  },
  {
    "id": "1209104",
    "title": "SUN SNACKS Guapo's nacho cheese 150 g",
    "category": "Snoep, koek, chips",
    "price": 1.19,
    "promoPrice": null,
    "price_per_unit": 7.93,
    "unit": "KG",
    "image": "https://s7g10.scene7.com/is/image/aldinord/product_1209104_main_cms_1_nl_nl_guapo_s_nacho_cheese_cw01_2024",
    "beschikbaar": true,
    "promoEnd": null,
    "link": "https://www.aldi.nl/guapos-nacho-cheese-1209104.html"
  },
  {
    "id": "1209062",
    "title": "Pompoenpitbroodje Per stuk",
    "category": "Snoep, koek, chips",
    "price": 0.49,
    "promoPrice": null,
    "price_per_unit": null,
    "unit": null,
    "image": "https://s7g10.scene7.com/is/image/aldinord/product_1209062_main_cms_3_nl_nl_pompoenpitbroodje_cw01_2024",
    "beschikbaar": true,
    "promoEnd": null,
    "link": "https://www.aldi.nl/pompoenpitbroodje-1209062.html"
  },
  {
    "id": "1209028",
    "title": "CROMA Bakken en braden 250 g",
    "category": "Zuivel, eieren",
    "price": null,
    "promoPrice": null,
    "price_per_unit": null,
    "unit": null,
    "image": "https://s7g10.scene7.com/is/image/aldinord/variant_1209028_1_main_cms_2_nl_nl_bakken_en_braden_cw01_2024",
    "beschikbaar": true,
    "promoEnd": null,
    "link": "https://www.aldi.nl/bakken-en-braden-1209028.html"
  },
  {
    "id": "1208996",
    "title": "ALL SEASONS Rode kidneybonen 255 g",
    "category": "Groente, aardappelen",
    "price": 0.62,
    "promoPrice": null,
    "price_per_unit": 2.43,
    "unit": "KG",
    "image": "https://s7g10.scene7.com/is/image/aldinord/product_1208996_main_cms_2_nl_nl_rode_kidneybonen_cw01_2024",
    "beschikbaar": true,
    "promoEnd": null,
    "link": "https://www.aldi.nl/rode-kidneybonen-1208996.html"
  },
  {
    "id": "1208986",
    "title": "MY VAY Vegetarische kipstukjes 175 g",
    "category": "Vlees, vis, vega",
    "price": 1.99,
    "promoPrice": null,
    "price_per_unit": 11.37,
    "unit": "KG",
    "image": "https://s7g10.scene7.com/is/image/aldinord/variant_1208986_1_main_cms_1_nl_nl_vegetarische_kipstukjes_cw01_2024",
    "beschikbaar": true,
    "promoEnd": null,
    "link": "https://www.aldi.nl/vegetarische-kipstukjes-1208986.html"
  },
  {
    "id": "1208982",
    "title": "Gran Livenza Cava Brut 0.75 l",
    "category": "Bier, wijn, sterke drank",
    "price": 5.29,
    "promoPrice": null,
    "price_per_unit": 7.05,
    "unit": "L",
    "image": "https://s7g10.scene7.com/is/image/aldinord/product_1208982_main_cms_5_nl_nl_gran_livenza_cava_brut_cw01_2024",
    "beschikbaar": true,
    "promoEnd": null,
    "link": "https://www.aldi.nl/gran-livenza-cava-brut-1208982.html"
  },
  {
    "id": "1208958",
    "title": "UNA Onthardingszout 2 kg",
    "category": "Huishouden",
    "price": 1.09,
    "promoPrice": null,
    "price_per_unit": 0.55,
    "unit": "KG",
    "image": "https://s7g10.scene7.com/is/image/aldinord/product_1208958_main_cms_2_nl_nl_onthardingszout_cw01_2024",
    "beschikbaar": true,
    "promoEnd": null,
    "link": "https://www.aldi.nl/onthardingszout-1208958.html"
  },
  {
    "id": "1208942",
    "title": "BREKIES Rijstwafels met yoghurt, melk of pure chocolade 150 g",
    "category": "Brood, ontbijtgranen",
    "price": 1.69,
    "promoPrice": null,
    "price_per_unit": 11.27,
    "unit": "KG",
    "image": "https://s7g10.scene7.com/is/image/aldinord/product_1208942_main_cms_6_nl_nl_rijstwafels_met_yoghurt_melk_of_pure_cho_cw01_2024",
    "beschikbaar": true,
    "promoEnd": null,
    "link": "https://www.aldi.nl/rijstwafels-met-yoghurt-melk-of-pure-chocolade-1208942.html"
  },
  {
    "id": "1208926",
    "title": "DOLCE GUSTO Koffiecups cappuccino 16 cups",
    "category": "Koffie, thee",
    "price": null,
    "promoPrice": null,
    "price_per_unit": null,
    "unit": null,
    "image": "https://s7g10.scene7.com/is/image/aldinord/product_1208926_main_cms_3_nl_nl_koffiecups_cappuccino_cw01_2024",
    "beschikbaar": true,
    "promoEnd": null,
    "link": "https://www.aldi.nl/koffiecups-cappuccino-1208926.html"
  },
  {
    "id": "1208909",
    "title": "Oesterzwammen 150 g",
    "category": "Groente, aardappelen",
    "price": 1.49,
    "promoPrice": null,
    "price_per_unit": 9.93,
    "unit": "KG",
    "image": "https://s7g10.scene7.com/is/image/aldinord/product_1208909_main_cms_2_nl_nl_oesterzwammen_cw01_2024",
    "beschikbaar": true,
    "promoEnd": null,
    "link": "https://www.aldi.nl/oesterzwammen-1208909.html"
  },
  {
    "id": "1208903",
    "title": "DOLCE GUSTO Koffiecups lungo 16 cups",
    "category": "Koffie, thee",
    "price": null,
    "promoPrice": null,
    "price_per_unit": null,
    "unit": null,
    "image": "https://s7g10.scene7.com/is/image/aldinord/product_1208903_main_cms_3_nl_nl_koffiecups_lungo_cw01_2024",
    "beschikbaar": true,
    "promoEnd": null,
    "link": "https://www.aldi.nl/koffiecups-lungo-1208903.html"
  },
  {
    "id": "1208894",
    "title": "DAYLICIOUS Mini-krieltjes 500 g",
    "category": "Groente, aardappelen",
    "price": 0.99,
    "promoPrice": null,
    "price_per_unit": 1.98,
    "unit": "KG",
    "image": "https://s7g10.scene7.com/is/image/aldinord/product_1208894_main_cms_2_nl_nl_mini_krieltjes_cw01_2024",
    "beschikbaar": true,
    "promoEnd": null,
    "link": "https://www.aldi.nl/mini-krieltjes-1208894.html"
  },
  {
    "id": "1208856",
    "title": "Esteban Tempranillo Syrah 0.75 l",
    "category": "Bier, wijn, sterke drank",
    "price": 4.99,
    "promoPrice": null,
    "price_per_unit": 6.65,
    "unit": "L",
    "image": "https://s7g10.scene7.com/is/image/aldinord/product_1208856_main_cms_6_nl_nl_esteban_tempranillo_syrah_cw01_2024",
    "beschikbaar": true,
    "promoEnd": null,
    "link": "https://www.aldi.nl/esteban-tempranillo-syrah-1208856.html"
  },
  {
    "id": "1208855",
    "title": "Schouderham 175 g",
    "category": "Speciaal assortiment",
    "price": 1.49,
    "promoPrice": 1.49,
    "price_per_unit": 8.51,
    "unit": "KG",
    "image": "https://s7g10.scene7.com/is/image/aldinord/product_1208855_main_cms_6_nl_nl_schouderham_cw01_2024",
    "beschikbaar": true,
    "promoEnd": "2025-10-12",
    "link": "https://www.aldi.nl/schouderham-1208855.html"
  },
  {
    "id": "1208839",
    "title": "DAYLICIOUS Aardappelpartjes Toscaanse stijl 500 g",
    "category": "Groente, aardappelen",
    "price": 0.99,
    "promoPrice": null,
    "price_per_unit": 1.98,
    "unit": "KG",
    "image": "https://s7g10.scene7.com/is/image/aldinord/product_1208839_main_cms_2_nl_nl_aardappelpartjes_toscaanse_stijl_cw01_2024",
    "beschikbaar": true,
    "promoEnd": null,
    "link": "https://www.aldi.nl/aardappelpartjes-toscaanse-stijl-1208839.html"
  },
  {
    "id": "1208833",
    "title": "KINDER 12-pack chocoladereepjes 12x12.5 g",
    "category": "Snoep, koek, chips",
    "price": null,
    "promoPrice": null,
    "price_per_unit": null,
    "unit": null,
    "image": "https://s7g10.scene7.com/is/image/aldinord/product_1208833_main_cms_1_nl_nl_12_pack_chocoladereepjes_cw01_2024",
    "beschikbaar": true,
    "promoEnd": null,
    "link": "https://www.aldi.nl/12-pack-chocoladereepjes-1208833.html"
  },
  {
    "id": "1208829",
    "title": "Vaseline 100 ml",
    "category": "Baby, verzorging",
    "price": null,
    "promoPrice": null,
    "price_per_unit": null,
    "unit": null,
    "image": "https://s7g10.scene7.com/is/image/aldinord/variant_1208829_1_main_cms_2_nl_nl_vaseline_cw01_2024",
    "beschikbaar": true,
    "promoEnd": null,
    "link": "https://www.aldi.nl/vaseline-1208829.html"
  },
  {
    "id": "1208818",
    "title": "UNA Glansspoelmiddel 1 l",
    "category": "Huishouden",
    "price": 1.99,
    "promoPrice": null,
    "price_per_unit": 1.99,
    "unit": "L",
    "image": "https://s7g10.scene7.com/is/image/aldinord/product_1208818_main_cms_2_nl_nl_glansspoelmiddel_cw01_2024",
    "beschikbaar": true,
    "promoEnd": null,
    "link": "https://www.aldi.nl/glansspoelmiddel-1208818.html"
  },
  {
    "id": "1208801",
    "title": "DAYLICIOUS Aardappelschijfjes 500 g",
    "category": "Groente, aardappelen",
    "price": 0.99,
    "promoPrice": null,
    "price_per_unit": 1.98,
    "unit": "KG",
    "image": "https://s7g10.scene7.com/is/image/aldinord/product_1208801_main_cms_2_nl_nl_aardappelschijfjes_cw01_2024",
    "beschikbaar": true,
    "promoEnd": null,
    "link": "https://www.aldi.nl/aardappelschijfjes-1208801.html"
  },
  {
    "id": "1208771",
    "title": "SENSEO Koffiepads classic 36 pads",
    "category": "Koffie, thee",
    "price": null,
    "promoPrice": null,
    "price_per_unit": null,
    "unit": null,
    "image": "https://s7g10.scene7.com/is/image/aldinord/product_1208771_main_cms_1_nl_nl_koffiepads_classic_cw01_2024",
    "beschikbaar": true,
    "promoEnd": null,
    "link": "https://www.aldi.nl/koffiepads-classic-1208771.html"
  },
  {
    "id": "1208740",
    "title": "POTATO KING Bistro mini-krieltjes gekruid 500 g",
    "category": "Groente, aardappelen",
    "price": 0.99,
    "promoPrice": null,
    "price_per_unit": 1.98,
    "unit": "KG",
    "image": "https://s7g10.scene7.com/is/image/aldinord/product_1208740_main_cms_1_nl_nl_bistro_mini_krieltjes_gekruid_cw01_2024",
    "beschikbaar": true,
    "promoEnd": null,
    "link": "https://www.aldi.nl/bistro-mini-krieltjes-gekruid-1208740.html"
  },
  {
    "id": "1208711",
    "title": "Franse mosterd 370 g",
    "category": "Maaltijden, salades",
    "price": 1.24,
    "promoPrice": null,
    "price_per_unit": 3.35,
    "unit": "KG",
    "image": "https://s7g10.scene7.com/is/image/aldinord/product_1208711_main_cms_3_nl_nl_franse_mosterd_cw01_2024",
    "beschikbaar": true,
    "promoEnd": null,
    "link": "https://www.aldi.nl/franse-mosterd-1208711.html"
  },
  {
    "id": "1208643",
    "title": "TROPHY SMAAKMAKERS Tomatenketchup 500 ml",
    "category": "Maaltijden, salades",
    "price": 0.56,
    "promoPrice": null,
    "price_per_unit": 1.12,
    "unit": "L",
    "image": "https://s7g10.scene7.com/is/image/aldinord/product_1208643_main_cms_5_nl_nl_tomatenketchup_cw01_2024",
    "beschikbaar": true,
    "promoEnd": null,
    "link": "https://www.aldi.nl/tomatenketchup-1208643.html"
  },
  {
    "id": "1208616",
    "title": "GOUD GEBAKKEN Naturel beschuit 13 stuks",
    "category": "Brood, ontbijtgranen",
    "price": 0.57,
    "promoPrice": null,
    "price_per_unit": null,
    "unit": null,
    "image": "https://s7g10.scene7.com/is/image/aldinord/variant_1208616_1_main_cms_2_nl_nl_naturel_beschuit_cw01_2024",
    "beschikbaar": true,
    "promoEnd": null,
    "link": "https://www.aldi.nl/naturel-beschuit-1208616.html"
  },
  {
    "id": "1208557",
    "title": "Jonkersdal Chardonnay 0.75 l",
    "category": "Bier, wijn, sterke drank",
    "price": 4.29,
    "promoPrice": null,
    "price_per_unit": 5.72,
    "unit": "L",
    "image": "https://s7g10.scene7.com/is/image/aldinord/product_1208557_main_cms_6_nl_nl_jonkersdal_chardonnay_cw01_2024",
    "beschikbaar": true,
    "promoEnd": null,
    "link": "https://www.aldi.nl/jonkersdal-chardonnay-1208557.html"
  },
  {
    "id": "1208541",
    "title": "KAAPSE PRACHT Kaapse Pracht rood bag-in-box 3 l",
    "category": "Bier, wijn, sterke drank",
    "price": 9.99,
    "promoPrice": null,
    "price_per_unit": 3.33,
    "unit": "L",
    "image": "https://s7g10.scene7.com/is/image/aldinord/product_1208541_main_cms_4_nl_nl_kaapse_pracht_rood_bag_in_box_cw01_2024",
    "beschikbaar": true,
    "promoEnd": null,
    "link": "https://www.aldi.nl/kaapse-pracht-rood-bag-in-box-1208541.html"
  },
  {
    "id": "1208536",
    "title": "SNACK FAN Vegetarische mini-loempia's Inhoud: 24 stuks, 480 g",
    "category": "Snoep, koek, chips",
    "price": 2.59,
    "promoPrice": null,
    "price_per_unit": 5.4,
    "unit": "KG",
    "image": "https://s7g10.scene7.com/is/image/aldinord/product_1208536_main_cms_2_nl_nl_vegetarische_mini_loempia_s_cw01_2024",
    "beschikbaar": true,
    "promoEnd": null,
    "link": "https://www.aldi.nl/vegetarische-mini-loempias-1208536.html"
  },
  {
    "id": "1208474",
    "title": "Cantolino Pinot Grigio Blush 0.75 l",
    "category": "Bier, wijn, sterke drank",
    "price": 3,
    "promoPrice": 3,
    "price_per_unit": 4.0,
    "unit": "L",
    "image": "https://s7g10.scene7.com/is/image/aldinord/product_1208474_main_cms_3_nl_nl_cantolino_pinot_grigio_blush_cw01_2024",
    "beschikbaar": true,
    "promoEnd": "2025-10-12",
    "link": "https://www.aldi.nl/cantolino-pinot-grigio-blush-1208474.html"
  },
  {
    "id": "1208442",
    "title": "TRIANGLE PHARMA Ibuprofen gel 5% 50 g",
    "category": "Verzorging, gezondheid",
    "price": 3.99,
    "promoPrice": null,
    "price_per_unit": 79.8,
    "unit": "KG",
    "image": "https://s7g10.scene7.com/is/image/aldinord/product_1208442_main_cms_2_nl_nl_ibuprofen_gel_5_cw01_2024",
    "beschikbaar": true,
    "promoEnd": null,
    "link": "https://www.aldi.nl/ibuprofen-gel-5-1208442.html"
  },
  {
    "id": "1208298",
    "title": "Frambozen-bessen-vruchtenwijn 1 l",
    "category": "Frisdrank, sappen",
    "price": 3.85,
    "promoPrice": null,
    "price_per_unit": 3.85,
    "unit": "L",
    "image": "https://s7g10.scene7.com/is/image/aldinord/variant_1208298_1_main_cms_1_nl_nl_frambozen_bessen_vruchtenwijn_cw01_2024",
    "beschikbaar": true,
    "promoEnd": null,
    "link": "https://www.aldi.nl/frambozen-bessen-vruchtenwijn-1208298.html"
  },
  {
    "id": "1208261",
    "title": "Ballaturi Nero d’Avola 0.75 l",
    "category": "Bier, wijn, sterke drank",
    "price": 4.99,
    "promoPrice": null,
    "price_per_unit": 6.65,
    "unit": "L",
    "image": "https://s7g10.scene7.com/is/image/aldinord/product_1208261_main_cms_3_nl_nl_ballaturi_nero_d’avola_cw01_2024",
    "beschikbaar": true,
    "promoEnd": null,
    "link": "https://www.aldi.nl/ballaturi-nero-davola-1208261.html"
  },
  {
    "id": "1208246",
    "title": "Zoete aardappelen 750 g",
    "category": "Groente, aardappelen",
    "price": 1.89,
    "promoPrice": null,
    "price_per_unit": 2.52,
    "unit": "KG",
    "image": "https://s7g10.scene7.com/is/image/aldinord/product_1208246_main_cms_4_nl_nl_zoete_aardappelen_cw01_2024",
    "beschikbaar": true,
    "promoEnd": null,
    "link": "https://www.aldi.nl/zoete-aardappelen-1208246.html"
  },
  {
    "id": "1208243",
    "title": "BLUE BAND Bak en braad wikkel 500 g",
    "category": "Zuivel, eieren",
    "price": null,
    "promoPrice": null,
    "price_per_unit": null,
    "unit": null,
    "image": "https://s7g10.scene7.com/is/image/aldinord/variant_1208243_1_main_cms_2_nl_nl_bak_en_braad_wikkel_cw01_2024",
    "beschikbaar": true,
    "promoEnd": null,
    "link": "https://www.aldi.nl/bak-en-braad-wikkel-1208243.html"
  },
  {
    "id": "1208216",
    "title": "GOLDEN SEAFOOD Gerookte Noorse zalm 100 g",
    "category": "Vlees, vis, vega",
    "price": 3.79,
    "promoPrice": null,
    "price_per_unit": 37.9,
    "unit": "KG",
    "image": "https://s7g10.scene7.com/is/image/aldinord/product_1208216_main_cms_6_nl_nl_gerookte_noorse_zalm_cw01_2024",
    "beschikbaar": true,
    "promoEnd": null,
    "link": "https://www.aldi.nl/gerookte-noorse-zalm-1208216.html"
  },
  {
    "id": "1208033",
    "title": "Rode puntpaprika's 500 g",
    "category": "Groente, aardappelen",
    "price": 1.49,
    "promoPrice": 1.69,
    "price_per_unit": 2.98,
    "unit": "KG",
    "image": "https://s7g10.scene7.com/is/image/aldinord/product_1208033_main_cms_4_nl_nl_rode_puntpaprika_s_cw01_2024",
    "beschikbaar": true,
    "promoEnd": "2025-10-19",
    "link": "https://www.aldi.nl/rode-puntpaprikas-1208033.html"
  },
  {
    "id": "1207993",
    "title": "MUCCI Italiaans ijsdessert Inhoud: 2 stuks, 300 ml",
    "category": "Maaltijden, salades",
    "price": 2.19,
    "promoPrice": null,
    "price_per_unit": 7.3,
    "unit": "KG",
    "image": "https://s7g10.scene7.com/is/image/aldinord/variant_1207993_2_main_cms_1_nl_nl_italiaans_ijsdessert_cw01_2024",
    "beschikbaar": true,
    "promoEnd": null,
    "link": "https://www.aldi.nl/italiaans-ijsdessert-1207993.html"
  },
  {
    "id": "1207992",
    "title": "ZESPRI Groene kiwi's 4 stuks",
    "category": "Groente, aardappelen",
    "price": 2.49,
    "promoPrice": null,
    "price_per_unit": null,
    "unit": null,
    "image": "https://s7g10.scene7.com/is/image/aldinord/product_1207992_main_cms_3_nl_nl_groene_kiwi_s_cw01_2024",
    "beschikbaar": true,
    "promoEnd": null,
    "link": "https://www.aldi.nl/groene-kiwis-1207992.html"
  },
  {
    "id": "1207981",
    "title": "ACTIV ENERGY 10-pack AA- of AAA-alkalinebatterijen 10-pack",
    "category": "Huishouden",
    "price": 2.23,
    "promoPrice": null,
    "price_per_unit": null,
    "unit": null,
    "image": "https://s7g10.scene7.com/is/image/aldinord/product_1207981_main_cms_1_nl_nl_10_pack_aa_of_aaa_alkalinebatterijen_cw01_2024",
    "beschikbaar": true,
    "promoEnd": null,
    "link": "https://www.aldi.nl/10-pack-aa-of-aaa-alkalinebatterijen-1207981.html"
  },
  {
    "id": "1207955",
    "title": "Forrest Hill Shiraz 0.75 l",
    "category": "Bier, wijn, sterke drank",
    "price": 3.39,
    "promoPrice": null,
    "price_per_unit": 4.52,
    "unit": "L",
    "image": "https://s7g10.scene7.com/is/image/aldinord/product_1207955_main_cms_6_nl_nl_forrest_hill_shiraz_cw01_2024",
    "beschikbaar": true,
    "promoEnd": null,
    "link": "https://www.aldi.nl/forrest-hill-shiraz-1207955.html"
  },
  {
    "id": "1207930",
    "title": "ACTIV ENERGY 10-pack AAA-alkalinebatterijen 10-pack",
    "category": "Huishouden",
    "price": 2.23,
    "promoPrice": null,
    "price_per_unit": null,
    "unit": null,
    "image": "https://s7g10.scene7.com/is/image/aldinord/product_1207930_main_cms_1_nl_nl_10_pack_aaa_alkalinebatterijen_cw01_2024",
    "beschikbaar": true,
    "promoEnd": null,
    "link": "https://www.aldi.nl/10-pack-aaa-alkalinebatterijen-1207930.html"
  },
  {
    "id": "1207900",
    "title": "Kruimige aardappelen 10 kg",
    "category": "Groente, aardappelen",
    "price": 2.39,
    "promoPrice": 2.39,
    "price_per_unit": 0.24,
    "unit": "KG",
    "image": "https://s7g10.scene7.com/is/image/aldinord/product_1207900_main_cms_14_nl_nl_kruimige_aardappelen_cw01_2024",
    "beschikbaar": true,
    "promoEnd": "2025-10-19",
    "link": "https://www.aldi.nl/kruimige-aardappelen-1207900.html"
  },
  {
    "id": "1207888",
    "title": "Gevuld eitje salade 250 g",
    "category": "Maaltijden, salades",
    "price": 1.58,
    "promoPrice": null,
    "price_per_unit": 6.32,
    "unit": "KG",
    "image": "https://s7g10.scene7.com/is/image/aldinord/product_1207888_main_cms_5_nl_nl_gevuld_eitje_salade_cw01_2024",
    "beschikbaar": true,
    "promoEnd": null,
    "link": "https://www.aldi.nl/gevuld-eitje-salade-1207888.html"
  },
  {
    "id": "1207878",
    "title": "Rode uien 750 g",
    "category": "Groente, aardappelen",
    "price": 0.89,
    "promoPrice": null,
    "price_per_unit": 1.19,
    "unit": "KG",
    "image": "https://s7g10.scene7.com/is/image/aldinord/product_1207878_main_cms_5_nl_nl_rode_uien_cw01_2024",
    "beschikbaar": true,
    "promoEnd": null,
    "link": "https://www.aldi.nl/rode-uien-1207878.html"
  },
  {
    "id": "1207869",
    "title": "TRADER JOE'S Dry roasted notenmix 125 g",
    "category": "Snoep, koek, chips",
    "price": 1.69,
    "promoPrice": null,
    "price_per_unit": 13.52,
    "unit": "KG",
    "image": "https://s7g10.scene7.com/is/image/aldinord/variant_1207869_1_main_cms_2_nl_nl_dry_roasted_notenmix_cw01_2024",
    "beschikbaar": true,
    "promoEnd": null,
    "link": "https://www.aldi.nl/dry-roasted-notenmix-1207869.html"
  },
  {
    "id": "1207841",
    "title": "GOLDEN BRIDGE Cornflakes 500 g",
    "category": "Brood, ontbijtgranen",
    "price": 1.33,
    "promoPrice": null,
    "price_per_unit": 2.66,
    "unit": "KG",
    "image": "https://s7g10.scene7.com/is/image/aldinord/product_1207841_main_cms_2_nl_nl_cornflakes_cw01_2024",
    "beschikbaar": true,
    "promoEnd": null,
    "link": "https://www.aldi.nl/cornflakes-1207841.html"
  },
  {
    "id": "1207831",
    "title": "Cocktailtomaten 500 g",
    "category": "Groente, aardappelen",
    "price": 2.49,
    "promoPrice": null,
    "price_per_unit": 4.98,
    "unit": "KG",
    "image": "https://s7g10.scene7.com/is/image/aldinord/product_1207831_main_cms_7_nl_nl_cocktailtomaten_cw01_2024",
    "beschikbaar": true,
    "promoEnd": null,
    "link": "https://www.aldi.nl/cocktailtomaten-1207831.html"
  },
  {
    "id": "1207825",
    "title": "LAY'S Bugles nacho-cheese 160 g",
    "category": "Snoep, koek, chips",
    "price": null,
    "promoPrice": null,
    "price_per_unit": null,
    "unit": null,
    "image": "https://s7g10.scene7.com/is/image/aldinord/product_1207825_main_cms_2_nl_nl_bugles_nacho_cheese_cw01_2024",
    "beschikbaar": true,
    "promoEnd": null,
    "link": "https://www.aldi.nl/bugles-nacho-cheese-1207825.html"
  },
  {
    "id": "1207778",
    "title": "Charette Merlot rosé 0.75 l",
    "category": "Bier, wijn, sterke drank",
    "price": 3.99,
    "promoPrice": null,
    "price_per_unit": 5.32,
    "unit": "L",
    "image": "https://s7g10.scene7.com/is/image/aldinord/product_1207778_main_cms_7_nl_nl_charette_merlot_rose_cw01_2024",
    "beschikbaar": true,
    "promoEnd": null,
    "link": "https://www.aldi.nl/charette-merlot-ros-1207778.html"
  },
  {
    "id": "1207746",
    "title": "Carpaccio 123 g",
    "category": "Vlees, vis, vega",
    "price": 3.79,
    "promoPrice": null,
    "price_per_unit": 30.81,
    "unit": "KG",
    "image": "https://s7g10.scene7.com/is/image/aldinord/variant_1207746_1_main_cms_1_nl_nl_carpaccio_cw01_2024",
    "beschikbaar": true,
    "promoEnd": null,
    "link": "https://www.aldi.nl/carpaccio-1207746.html"
  },
  {
    "id": "1207741",
    "title": "Alameda Merlot 0.75 l",
    "category": "Bier, wijn, sterke drank",
    "price": 3.29,
    "promoPrice": null,
    "price_per_unit": 4.39,
    "unit": "L",
    "image": "https://s7g10.scene7.com/is/image/aldinord/product_1207741_main_cms_3_nl_nl_alameda_merlot_cw01_2024",
    "beschikbaar": true,
    "promoEnd": null,
    "link": "https://www.aldi.nl/alameda-merlot-1207741.html"
  },
  {
    "id": "1207736",
    "title": "Alameda Sauvignon Blanc 0.75 l",
    "category": "Bier, wijn, sterke drank",
    "price": 3.29,
    "promoPrice": null,
    "price_per_unit": 4.39,
    "unit": "L",
    "image": "https://s7g10.scene7.com/is/image/aldinord/product_1207736_main_cms_4_nl_nl_alameda_sauvignon_blanc_cw01_2024",
    "beschikbaar": true,
    "promoEnd": null,
    "link": "https://www.aldi.nl/alameda-sauvignon-blanc-1207736.html"
  },
  {
    "id": "1207709",
    "title": "DOUWE EGBERTS Filterkoffie rood 500 g",
    "category": "Koffie, thee",
    "price": null,
    "promoPrice": null,
    "price_per_unit": null,
    "unit": null,
    "image": "https://s7g10.scene7.com/is/image/aldinord/variant_1207709_1_main_cms_1_nl_nl_filterkoffie_rood_cw01_2024",
    "beschikbaar": true,
    "promoEnd": null,
    "link": "https://www.aldi.nl/filterkoffie-rood-1207709.html"
  },
  {
    "id": "1207707",
    "title": "Alameda Merlot Carmenêre 3 l",
    "category": "Bier, wijn, sterke drank",
    "price": 11.51,
    "promoPrice": null,
    "price_per_unit": 3.84,
    "unit": "L",
    "image": "https://s7g10.scene7.com/is/image/aldinord/product_1207707_main_cms_4_nl_nl_alameda_merlot_carmenere_cw01_2024",
    "beschikbaar": true,
    "promoEnd": null,
    "link": "https://www.aldi.nl/alameda-merlot-carmenre-1207707.html"
  },
  {
    "id": "1207695",
    "title": "LUCKY CAT kattenvoer visselectie 12x100 g 1.2 kg",
    "category": "Huisdieren",
    "price": null,
    "promoPrice": null,
    "price_per_unit": null,
    "unit": null,
    "image": "https://s7g10.scene7.com/is/image/aldinord/product_1207695_main_cms_2_nl_nl_kattenvoer_visselectie_12x100_g_cw01_2024",
    "beschikbaar": true,
    "promoEnd": null,
    "link": "https://www.aldi.nl/kattenvoer-visselectie-12x100-g-1207695.html"
  },
  {
    "id": "1207669",
    "title": "SOLO All purpose rol XXL 350 vellen",
    "category": "Speciaal assortiment",
    "price": 4.99,
    "promoPrice": 4.99,
    "price_per_unit": null,
    "unit": null,
    "image": "https://s7g10.scene7.com/is/image/aldinord/product_1207669_main_cms_3_nl_nl_all_purpose_rol_xxl_cw01_2024",
    "beschikbaar": true,
    "promoEnd": "2025-10-19",
    "link": "https://www.aldi.nl/all-purpose-rol-xxl-1207669.html"
  },
  {
    "id": "1207626",
    "title": "Magere spekreepjes 2x 150 g",
    "category": "Vlees, vis, vega",
    "price": 3.29,
    "promoPrice": null,
    "price_per_unit": 21.93,
    "unit": "KG",
    "image": "https://s7g10.scene7.com/is/image/aldinord/variant_1207626_1_main_cms_1_nl_nl_magere_spekreepjes_cw01_2024",
    "beschikbaar": true,
    "promoEnd": null,
    "link": "https://www.aldi.nl/magere-spekreepjes-1207626.html"
  },
  {
    "id": "1207618",
    "title": "SPORTLIFE Smashmint Inhoud: 12 stuks, 18 g",
    "category": "Snoep, koek, chips",
    "price": null,
    "promoPrice": null,
    "price_per_unit": null,
    "unit": null,
    "image": "https://s7g10.scene7.com/is/image/aldinord/variant_1207618_1_main_cms_1_nl_nl_smashmint_cw01_2024",
    "beschikbaar": true,
    "promoEnd": null,
    "link": "https://www.aldi.nl/smashmint-1207618.html"
  },
  {
    "id": "1207589",
    "title": "MOLENLAND Goudse geraspte kaas 48+ oud 200 g",
    "category": "Zuivel, eieren",
    "price": 2.99,
    "promoPrice": null,
    "price_per_unit": 14.95,
    "unit": "KG",
    "image": "https://s7g10.scene7.com/is/image/aldinord/product_1207589_main_cms_1_nl_nl_goudse_geraspte_kaas_48_oud_cw01_2024",
    "beschikbaar": true,
    "promoEnd": null,
    "link": "https://www.aldi.nl/goudse-geraspte-kaas-48-oud-1207589.html"
  },
  {
    "id": "1207586",
    "title": "DEVINA Witte kaasblokjes in olie 375 g",
    "category": "Zuivel, eieren",
    "price": 2.79,
    "promoPrice": null,
    "price_per_unit": 7.44,
    "unit": "KG",
    "image": "https://s7g10.scene7.com/is/image/aldinord/product_1207586_main_cms_3_nl_nl_witte_kaasblokjes_in_olie_cw01_2024",
    "beschikbaar": true,
    "promoEnd": null,
    "link": "https://www.aldi.nl/witte-kaasblokjes-in-olie-1207586.html"
  },
  {
    "id": "1207552",
    "title": "El Árbol Chardonnay 0.75 l",
    "category": "Bier, wijn, sterke drank",
    "price": 3.99,
    "promoPrice": null,
    "price_per_unit": 5.32,
    "unit": "L",
    "image": "https://s7g10.scene7.com/is/image/aldinord/product_1207552_main_cms_9_nl_nl_el_arbol_chardonnay_cw01_2024",
    "beschikbaar": true,
    "promoEnd": null,
    "link": "https://www.aldi.nl/el-rbol-chardonnay-1207552.html"
  },
  {
    "id": "1207478",
    "title": "RIO D'ORO Aardbeien- of frambozensiroop 0% 0.75 l",
    "category": "Frisdrank, sappen",
    "price": 3.49,
    "promoPrice": null,
    "price_per_unit": 4.65,
    "unit": "L",
    "image": "https://s7g10.scene7.com/is/image/aldinord/product_1207478_main_cms_4_nl_nl_aardbeien_of_frambozensiroop_0_cw01_2024",
    "beschikbaar": true,
    "promoEnd": null,
    "link": "https://www.aldi.nl/aardbeien-of-frambozensiroop-0-1207478.html"
  },
  {
    "id": "1207454",
    "title": "VALBLANC Verse roomkaas 200 g",
    "category": "Vlees, vis, vega",
    "price": 1.13,
    "promoPrice": null,
    "price_per_unit": 5.65,
    "unit": "KG",
    "image": "https://s7g10.scene7.com/is/image/aldinord/product_1207454_main_cms_5_nl_nl_verse_roomkaas_cw01_2024",
    "beschikbaar": true,
    "promoEnd": null,
    "link": "https://www.aldi.nl/verse-roomkaas-1207454.html"
  },
  {
    "id": "1207437",
    "title": "Charette Merlot 0.75 l",
    "category": "Bier, wijn, sterke drank",
    "price": 3.69,
    "promoPrice": null,
    "price_per_unit": 4.92,
    "unit": "L",
    "image": "https://s7g10.scene7.com/is/image/aldinord/product_1207437_main_cms_5_nl_nl_charette_merlot_cw01_2024",
    "beschikbaar": true,
    "promoEnd": null,
    "link": "https://www.aldi.nl/charette-merlot-1207437.html"
  },
  {
    "id": "1207429",
    "title": "MOLENLAND Goudse kaas 48+ stuk jong belegen 950 g",
    "category": "Zuivel, eieren",
    "price": 8.19,
    "promoPrice": null,
    "price_per_unit": 8.62,
    "unit": "KG",
    "image": "https://s7g10.scene7.com/is/image/aldinord/product_1207429_main_cms_2_nl_nl_goudse_kaas_48_stuk_jong_belegen_cw01_2024",
    "beschikbaar": true,
    "promoEnd": null,
    "link": "https://www.aldi.nl/goudse-kaas-48-stuk-jong-belegen-1207429.html"
  },
  {
    "id": "1207427",
    "title": "Mayonaise 650 ml",
    "category": "Maaltijden, salades",
    "price": 1.32,
    "promoPrice": null,
    "price_per_unit": 2.03,
    "unit": "L",
    "image": "https://s7g10.scene7.com/is/image/aldinord/variant_1207427_1_main_cms_2_nl_nl_mayonaise_cw01_2024",
    "beschikbaar": true,
    "promoEnd": null,
    "link": "https://www.aldi.nl/mayonaise-1207427.html"
  },
  {
    "id": "1207423",
    "title": "MOLENLAND Goudse kaas 48+ stuk jong 980 g",
    "category": "Zuivel, eieren",
    "price": 7.08,
    "promoPrice": null,
    "price_per_unit": 7.22,
    "unit": "KG",
    "image": "https://s7g10.scene7.com/is/image/aldinord/product_1207423_main_cms_2_nl_nl_goudse_kaas_48_stuk_jong_cw01_2024",
    "beschikbaar": true,
    "promoEnd": null,
    "link": "https://www.aldi.nl/goudse-kaas-48-stuk-jong-1207423.html"
  },
  {
    "id": "1207396",
    "title": "Coburgerham 150 g",
    "category": "Vlees, vis, vega",
    "price": 2.69,
    "promoPrice": null,
    "price_per_unit": 17.93,
    "unit": "KG",
    "image": "https://s7g10.scene7.com/is/image/aldinord/product_1207396_main_cms_1_nl_nl_coburgerham_cw01_2024",
    "beschikbaar": true,
    "promoEnd": null,
    "link": "https://www.aldi.nl/coburgerham-1207396.html"
  },
  {
    "id": "1207382",
    "title": "FRUIT FRIS 10-pack tropical drink 10x200 ml",
    "category": "Speciaal assortiment",
    "price": 1.99,
    "promoPrice": 1.99,
    "price_per_unit": 9.95,
    "unit": "L",
    "image": "https://s7g10.scene7.com/is/image/aldinord/product_1207382_main_cms_1_nl_nl_10_pack_tropical_drink_cw01_2024",
    "beschikbaar": true,
    "promoEnd": "2025-10-19",
    "link": "https://www.aldi.nl/10-pack-tropical-drink-1207382.html"
  },
  {
    "id": "1207372",
    "title": "El Árbol Cabernet Sauvignon 0.75 l",
    "category": "Bier, wijn, sterke drank",
    "price": 3.89,
    "promoPrice": null,
    "price_per_unit": 5.19,
    "unit": "L",
    "image": "https://s7g10.scene7.com/is/image/aldinord/product_1207372_main_cms_8_nl_nl_el_arbol_cabernet_sauvignon_cw01_2024",
    "beschikbaar": true,
    "promoEnd": null,
    "link": "https://www.aldi.nl/el-rbol-cabernet-sauvignon-1207372.html"
  },
  {
    "id": "1207348",
    "title": "Droge rode wijn 1 l",
    "category": "Bier, wijn, sterke drank",
    "price": 2.79,
    "promoPrice": null,
    "price_per_unit": 2.79,
    "unit": "L",
    "image": "https://s7g10.scene7.com/is/image/aldinord/product_1207348_main_cms_3_nl_nl_droge_rode_wijn_cw01_2024",
    "beschikbaar": true,
    "promoEnd": null,
    "link": "https://www.aldi.nl/droge-rode-wijn-1207348.html"
  },
  {
    "id": "1207341",
    "title": "Lourenço witte port, Portugal 0.75 l",
    "category": "Frisdrank, sappen",
    "price": 5.99,
    "promoPrice": null,
    "price_per_unit": 7.99,
    "unit": "L",
    "image": "https://s7g10.scene7.com/is/image/aldinord/product_1207341_main_cms_1_nl_nl_lourenco_witte_port_portugal_cw01_2024",
    "beschikbaar": true,
    "promoEnd": null,
    "link": "https://www.aldi.nl/loureno-witte-port-portugal-1207341.html"
  },
  {
    "id": "1207312",
    "title": "RIO D'ORO Multivitamine nectar light 1.5 l",
    "category": "Groente, aardappelen",
    "price": 1.69,
    "promoPrice": null,
    "price_per_unit": 1.13,
    "unit": "L",
    "image": "https://s7g10.scene7.com/is/image/aldinord/variant_1207312_1_main_cms_2_nl_nl_multivitamine_nectar_light_cw01_2024",
    "beschikbaar": true,
    "promoEnd": null,
    "link": "https://www.aldi.nl/multivitamine-nectar-light-1207312.html"
  },
  {
    "id": "1207309",
    "title": "Smeltkaas met cheddar 250 g",
    "category": "Zuivel, eieren",
    "price": 1.79,
    "promoPrice": null,
    "price_per_unit": 7.16,
    "unit": "KG",
    "image": "https://s7g10.scene7.com/is/image/aldinord/product_1207309_main_cms_1_nl_nl_smeltkaas_met_cheddar_cw01_2024",
    "beschikbaar": true,
    "promoEnd": null,
    "link": "https://www.aldi.nl/smeltkaas-met-cheddar-1207309.html"
  },
  {
    "id": "1207280",
    "title": "Kaapse Pracht rosé 0.75 l",
    "category": "Bier, wijn, sterke drank",
    "price": 2.99,
    "promoPrice": 2.25,
    "price_per_unit": 3.99,
    "unit": "L",
    "image": "https://s7g10.scene7.com/is/image/aldinord/product_1207280_main_cms_10_nl_nl_kaapse_pracht_rose_cw01_2024",
    "beschikbaar": true,
    "promoEnd": "2025-10-19",
    "link": "https://www.aldi.nl/kaapse-pracht-ros-1207280.html"
  },
  {
    "id": "1207274",
    "title": "DE BARNEVELDER Advocaat 0.5 l",
    "category": "Frisdrank, sappen",
    "price": 4.79,
    "promoPrice": null,
    "price_per_unit": 9.58,
    "unit": "L",
    "image": "https://s7g10.scene7.com/is/image/aldinord/variant_1207274_1_main_cms_1_nl_nl_advocaat_cw01_2024",
    "beschikbaar": true,
    "promoEnd": null,
    "link": "https://www.aldi.nl/advocaat-1207274.html"
  },
  {
    "id": "1207238",
    "title": "Prädikatswein Spätslese 0.75 l",
    "category": "Bier, wijn, sterke drank",
    "price": 3.55,
    "promoPrice": null,
    "price_per_unit": 4.73,
    "unit": "L",
    "image": "https://s7g10.scene7.com/is/image/aldinord/product_1207238_main_cms_4_nl_nl_pradikatswein_spatslese_cw01_2024",
    "beschikbaar": true,
    "promoEnd": null,
    "link": "https://www.aldi.nl/prdikatswein-sptslese-1207238.html"
  },
  {
    "id": "1207199",
    "title": "Champagne Brut Veuve Durand 0.75 l",
    "category": "Huis, tuin en seizoen",
    "price": 16.99,
    "promoPrice": null,
    "price_per_unit": 22.65,
    "unit": "L",
    "image": "https://s7g10.scene7.com/is/image/aldinord/product_1207199_main_cms_4_nl_nl_champagne_brut_veuve_durand_cw01_2024",
    "beschikbaar": true,
    "promoEnd": null,
    "link": "https://www.aldi.nl/champagne-brut-veuve-durand-1207199.html"
  },
  {
    "id": "1207196",
    "title": "Wilde Wietze Dip 200 g",
    "category": "Maaltijden, salades",
    "price": 1.89,
    "promoPrice": null,
    "price_per_unit": 9.45,
    "unit": "KG",
    "image": "https://s7g10.scene7.com/is/image/aldinord/product_1207196_main_cms_6_nl_nl_wilde_wietze_dip_cw01_2024",
    "beschikbaar": true,
    "promoEnd": null,
    "link": "https://www.aldi.nl/wilde-wietze-dip-1207196.html"
  },
  {
    "id": "1207173",
    "title": "GREENBRIDGE Ruby Cabernet 0.75 l",
    "category": "Bier, wijn, sterke drank",
    "price": 3.99,
    "promoPrice": null,
    "price_per_unit": 5.32,
    "unit": "L",
    "image": "https://s7g10.scene7.com/is/image/aldinord/product_1207173_main_cms_3_nl_nl_ruby_cabernet_cw01_2024",
    "beschikbaar": true,
    "promoEnd": null,
    "link": "https://www.aldi.nl/ruby-cabernet-1207173.html"
  },
  {
    "id": "1207089",
    "title": "Kaapse Pracht rood 0.75 l",
    "category": "Bier, wijn, sterke drank",
    "price": 2.99,
    "promoPrice": 2.25,
    "price_per_unit": 3.99,
    "unit": "L",
    "image": "https://s7g10.scene7.com/is/image/aldinord/product_1207089_main_cms_8_nl_nl_kaapse_pracht_rood_cw01_2024",
    "beschikbaar": true,
    "promoEnd": "2025-10-19",
    "link": "https://www.aldi.nl/kaapse-pracht-rood-1207089.html"
  },
  {
    "id": "1207060",
    "title": "Rodiaz Medium Dry Sherry, Spanje 0.75 l",
    "category": "Frisdrank, sappen",
    "price": 4.99,
    "promoPrice": null,
    "price_per_unit": 6.65,
    "unit": "L",
    "image": "https://s7g10.scene7.com/is/image/aldinord/product_1207060_main_cms_1_nl_nl_rodiaz_medium_dry_sherry_spanje_cw01_2024",
    "beschikbaar": true,
    "promoEnd": null,
    "link": "https://www.aldi.nl/rodiaz-medium-dry-sherry-spanje-1207060.html"
  },
  {
    "id": "1207051",
    "title": "LU Tuc original 100 g",
    "category": "Snoep, koek, chips",
    "price": null,
    "promoPrice": null,
    "price_per_unit": null,
    "unit": null,
    "image": "https://s7g10.scene7.com/is/image/aldinord/variant_1207051_1_main_cms_1_nl_nl_tuc_original_cw01_2024",
    "beschikbaar": true,
    "promoEnd": null,
    "link": "https://www.aldi.nl/tuc-original-1207051.html"
  },
  {
    "id": "1207035",
    "title": "Kaapse Pracht wit 0.75 l",
    "category": "Bier, wijn, sterke drank",
    "price": 2.99,
    "promoPrice": 2.25,
    "price_per_unit": 3.99,
    "unit": "L",
    "image": "https://s7g10.scene7.com/is/image/aldinord/product_1207035_main_cms_12_nl_nl_kaapse_pracht_wit_cw01_2024",
    "beschikbaar": true,
    "promoEnd": "2025-10-19",
    "link": "https://www.aldi.nl/kaapse-pracht-wit-1207035.html"
  },
  {
    "id": "1207027",
    "title": "Brinta 500 g",
    "category": "Brood, ontbijtgranen",
    "price": 1.75,
    "promoPrice": null,
    "price_per_unit": 3.5,
    "unit": "KG",
    "image": "https://s7g10.scene7.com/is/image/aldinord/variant_1207027_1_main_cms_2_nl_nl_brinta_cw01_2024",
    "beschikbaar": true,
    "promoEnd": null,
    "link": "https://www.aldi.nl/brinta-1207027.html"
  },
  {
    "id": "1206997",
    "title": "Forest Hill Chardonnay 0.75 l",
    "category": "Bier, wijn, sterke drank",
    "price": 3.59,
    "promoPrice": null,
    "price_per_unit": 4.79,
    "unit": "L",
    "image": "https://s7g10.scene7.com/is/image/aldinord/product_1206997_main_cms_7_nl_nl_forest_hill_chardonnay_cw01_2024",
    "beschikbaar": true,
    "promoEnd": null,
    "link": "https://www.aldi.nl/forest-hill-chardonnay-1206997.html"
  },
  {
    "id": "1206969",
    "title": "MY VAY Vegan kipburgers Inhoud: 2 stuks, 220 g",
    "category": "Vlees, vis, vega",
    "price": 1.49,
    "promoPrice": 1.49,
    "price_per_unit": 6.77,
    "unit": "KG",
    "image": "https://s7g10.scene7.com/is/image/aldinord/variant_1206969_1_main_cms_1_nl_nl_vegan_kipburgers_cw01_2024",
    "beschikbaar": true,
    "promoEnd": "2025-10-12",
    "link": "https://www.aldi.nl/vegan-kipburgers-1206969.html"
  },
  {
    "id": "1206917",
    "title": "Rodiaz Fino Pale Dry Sherry, Spanje 0.75 l",
    "category": "Frisdrank, sappen",
    "price": 4.87,
    "promoPrice": null,
    "price_per_unit": 6.49,
    "unit": "L",
    "image": "https://s7g10.scene7.com/is/image/aldinord/product_1206917_main_cms_1_nl_nl_rodiaz_fino_pale_dry_sherry_spanje_cw01_2024",
    "beschikbaar": true,
    "promoEnd": null,
    "link": "https://www.aldi.nl/rodiaz-fino-pale-dry-sherry-spanje-1206917.html"
  },
  {
    "id": "1206868",
    "title": "MENTOS Suikervrije kauwgom white 40 stuks",
    "category": "Snoep, koek, chips",
    "price": null,
    "promoPrice": null,
    "price_per_unit": null,
    "unit": null,
    "image": "https://s7g10.scene7.com/is/image/aldinord/variant_1206868_1_main_cms_1_nl_nl_suikervrije_kauwgom_white_cw01_2024",
    "beschikbaar": true,
    "promoEnd": null,
    "link": "https://www.aldi.nl/suikervrije-kauwgom-white-1206868.html"
  },
  {
    "id": "1206850",
    "title": "SMINT Smint Inhoud: 50 stuks, 35 g",
    "category": "Snoep, koek, chips",
    "price": null,
    "promoPrice": null,
    "price_per_unit": null,
    "unit": null,
    "image": "https://s7g10.scene7.com/is/image/aldinord/variant_1206850_2_main_cms_1_nl_nl_smint_cw01_2024",
    "beschikbaar": true,
    "promoEnd": null,
    "link": "https://www.aldi.nl/smint-1206850.html"
  },
  {
    "id": "1206812",
    "title": "M&M M&M’s peanut 400 g",
    "category": "Snoep, koek, chips",
    "price": null,
    "promoPrice": null,
    "price_per_unit": null,
    "unit": null,
    "image": "https://s7g10.scene7.com/is/image/aldinord/product_1206812_main_cms_1_nl_nl_m_m’s_peanut_cw01_2024",
    "beschikbaar": true,
    "promoEnd": null,
    "link": "https://www.aldi.nl/mms-peanut-1206812.html"
  },
  {
    "id": "1206806",
    "title": "Frisse boterhamspread 515 g",
    "category": "Brood, ontbijtgranen",
    "price": 1.79,
    "promoPrice": null,
    "price_per_unit": 3.48,
    "unit": "KG",
    "image": "https://s7g10.scene7.com/is/image/aldinord/variant_1206806_1_main_cms_1_nl_nl_frisse_boterhamspread_cw01_2024",
    "beschikbaar": true,
    "promoEnd": null,
    "link": "https://www.aldi.nl/frisse-boterhamspread-1206806.html"
  },
  {
    "id": "1206768",
    "title": "ALBONIA Oud-Hollandse bakmix 400 g",
    "category": "Speciaal assortiment",
    "price": 1.99,
    "promoPrice": 1.99,
    "price_per_unit": 4.98,
    "unit": "KG",
    "image": "https://s7g10.scene7.com/is/image/aldinord/product_1206768_main_cms_3_nl_nl_oud_hollandse_bakmix_cw01_2024",
    "beschikbaar": true,
    "promoEnd": "2025-10-19",
    "link": "https://www.aldi.nl/oud-hollandse-bakmix-1206768.html"
  },
  {
    "id": "1206766",
    "title": "Kruidnoten chocomix 750 g",
    "category": "Speciaal assortiment",
    "price": 4.99,
    "promoPrice": null,
    "price_per_unit": 6.65,
    "unit": "KG",
    "image": "https://s7g10.scene7.com/is/image/aldinord/product_1206766_main_cms_1_nl_nl_kruidnoten_chocomix_cw01_2024",
    "beschikbaar": true,
    "promoEnd": null,
    "link": "https://www.aldi.nl/kruidnoten-chocomix-1206766.html"
  },
  {
    "id": "1206726",
    "title": "LAY'S Oven baked paprikachips 150 g",
    "category": "Snoep, koek, chips",
    "price": null,
    "promoPrice": null,
    "price_per_unit": null,
    "unit": null,
    "image": "https://s7g10.scene7.com/is/image/aldinord/product_1206726_main_cms_1_nl_nl_oven_baked_paprikachips_cw01_2024",
    "beschikbaar": true,
    "promoEnd": null,
    "link": "https://www.aldi.nl/oven-baked-paprikachips-1206726.html"
  },
  {
    "id": "1206715",
    "title": "QUICK BITE Curryworst 220 g",
    "category": "Maaltijden, salades",
    "price": 1.79,
    "promoPrice": null,
    "price_per_unit": 8.14,
    "unit": "KG",
    "image": "https://s7g10.scene7.com/is/image/aldinord/product_1206715_main_cms_6_nl_nl_curryworst_cw01_2024",
    "beschikbaar": true,
    "promoEnd": null,
    "link": "https://www.aldi.nl/curryworst-1206715.html"
  },
  {
    "id": "1206702",
    "title": "M&M M&M's crispy 340 g",
    "category": "Snoep, koek, chips",
    "price": null,
    "promoPrice": null,
    "price_per_unit": null,
    "unit": null,
    "image": "https://s7g10.scene7.com/is/image/aldinord/product_1206702_main_cms_1_nl_nl_m_m_s_crispy_cw01_2024",
    "beschikbaar": true,
    "promoEnd": null,
    "link": "https://www.aldi.nl/mms-crispy-1206702.html"
  },
  {
    "id": "1206626",
    "title": "Grillworst kaas 150 g",
    "category": "Vlees, vis, vega",
    "price": 1.89,
    "promoPrice": null,
    "price_per_unit": 12.6,
    "unit": "KG",
    "image": "https://s7g10.scene7.com/is/image/aldinord/product_1206626_main_cms_1_nl_nl_grillworst_kaas_cw01_2024",
    "beschikbaar": true,
    "promoEnd": null,
    "link": "https://www.aldi.nl/grillworst-kaas-1206626.html"
  },
  {
    "id": "1206614",
    "title": "Gelderse worst plakjes 150 g",
    "category": "Vlees, vis, vega",
    "price": 1.49,
    "promoPrice": null,
    "price_per_unit": 9.93,
    "unit": "KG",
    "image": "https://s7g10.scene7.com/is/image/aldinord/product_1206614_main_cms_1_nl_nl_gelderse_worst_plakjes_cw01_2024",
    "beschikbaar": true,
    "promoEnd": null,
    "link": "https://www.aldi.nl/gelderse-worst-plakjes-1206614.html"
  },
  {
    "id": "1206599",
    "title": "Kokosbrood 275-300 g",
    "category": "Speciaal assortiment",
    "price": 1.49,
    "promoPrice": 1.49,
    "price_per_unit": 4.97,
    "unit": "KG",
    "image": "https://s7g10.scene7.com/is/image/aldinord/product_1206599_main_cms_3_nl_nl_kokosbrood_cw01_2024",
    "beschikbaar": true,
    "promoEnd": "2025-10-12",
    "link": "https://www.aldi.nl/kokosbrood-1206599.html"
  },
  {
    "id": "1206590",
    "title": "Leverworst 150 g",
    "category": "Vlees, vis, vega",
    "price": 1.55,
    "promoPrice": null,
    "price_per_unit": 10.33,
    "unit": "KG",
    "image": "https://s7g10.scene7.com/is/image/aldinord/product_1206590_main_cms_1_nl_nl_leverworst_cw01_2024",
    "beschikbaar": true,
    "promoEnd": null,
    "link": "https://www.aldi.nl/leverworst-1206590.html"
  },
  {
    "id": "1206491",
    "title": "Ossenworst plakjes 125 g",
    "category": "Vlees, vis, vega",
    "price": 2.99,
    "promoPrice": null,
    "price_per_unit": 23.92,
    "unit": "KG",
    "image": "https://s7g10.scene7.com/is/image/aldinord/product_1206491_main_cms_3_nl_nl_ossenworst_plakjes_cw01_2024",
    "beschikbaar": true,
    "promoEnd": null,
    "link": "https://www.aldi.nl/ossenworst-plakjes-1206491.html"
  },
  {
    "id": "1206490",
    "title": "SUN SNACKS Zoute popcorn 100 g",
    "category": "Snoep, koek, chips",
    "price": 0.89,
    "promoPrice": null,
    "price_per_unit": 8.9,
    "unit": "KG",
    "image": "https://s7g10.scene7.com/is/image/aldinord/product_1206490_main_cms_5_nl_nl_zoute_popcorn_cw01_2024",
    "beschikbaar": true,
    "promoEnd": null,
    "link": "https://www.aldi.nl/zoute-popcorn-1206490.html"
  },
  {
    "id": "1206428",
    "title": "DE AFBAKKER Steenovenbroodjes wit of spelt Inhoud: 4 stuks, 300 g",
    "category": "Brood, ontbijtgranen",
    "price": 1.99,
    "promoPrice": null,
    "price_per_unit": 6.63,
    "unit": "KG",
    "image": "https://s7g10.scene7.com/is/image/aldinord/product_1206428_main_cms_3_nl_nl_steenovenbroodjes_wit_of_spelt_cw01_2024",
    "beschikbaar": true,
    "promoEnd": null,
    "link": "https://www.aldi.nl/steenovenbroodjes-wit-of-spelt-1206428.html"
  },
  {
    "id": "1206408",
    "title": "MOLENLAND Goudse kaas 48+/50+ 200 g",
    "category": "Zuivel, eieren",
    "price": 3.19,
    "promoPrice": null,
    "price_per_unit": 15.95,
    "unit": "KG",
    "image": "https://s7g10.scene7.com/is/image/aldinord/product_1206408_main_cms_3_nl_nl_goudse_kaas_48_50_cw01_2024",
    "beschikbaar": true,
    "promoEnd": null,
    "link": "https://www.aldi.nl/goudse-kaas-4850-1206408.html"
  },
  {
    "id": "1206399",
    "title": "ALBONA Zelfrijzend bakmeel 1 kg",
    "category": "Brood, ontbijtgranen",
    "price": 0.74,
    "promoPrice": null,
    "price_per_unit": 0.74,
    "unit": "KG",
    "image": "https://s7g10.scene7.com/is/image/aldinord/product_1206399_main_cms_1_nl_nl_zelfrijzend_bakmeel_cw01_2024",
    "beschikbaar": true,
    "promoEnd": null,
    "link": "https://www.aldi.nl/zelfrijzend-bakmeel-1206399.html"
  },
  {
    "id": "1206272",
    "title": "TANDIL Wasmiddel wol & fijn 33 wasbeurten",
    "category": "Huishouden",
    "price": 2.89,
    "promoPrice": null,
    "price_per_unit": null,
    "unit": null,
    "image": "https://s7g10.scene7.com/is/image/aldinord/product_1206272_main_cms_1_nl_nl_wasmiddel_wol_fijn_cw01_2024",
    "beschikbaar": true,
    "promoEnd": null,
    "link": "https://www.aldi.nl/wasmiddel-wol-fijn-1206272.html"
  },
  {
    "id": "1206254",
    "title": "TANDIL Vloeibaar wasmiddel 40 wasbeurten",
    "category": "Huishouden",
    "price": 4.49,
    "promoPrice": null,
    "price_per_unit": null,
    "unit": null,
    "image": "https://s7g10.scene7.com/is/image/aldinord/product_1206254_main_cms_6_nl_nl_vloeibaar_wasmiddel_cw01_2024",
    "beschikbaar": true,
    "promoEnd": null,
    "link": "https://www.aldi.nl/vloeibaar-wasmiddel-1206254.html"
  },
  {
    "id": "1206250",
    "title": "Château La Grave Médoc 0.75 l",
    "category": "Huis, tuin en seizoen",
    "price": 6.99,
    "promoPrice": null,
    "price_per_unit": 9.32,
    "unit": "L",
    "image": "https://s7g10.scene7.com/is/image/aldinord/product_1206250_main_cms_3_nl_nl_chateau_la_grave_medoc_cw01_2024",
    "beschikbaar": true,
    "promoEnd": null,
    "link": "https://www.aldi.nl/chteau-la-grave-mdoc-1206250.html"
  },
  {
    "id": "1206191",
    "title": "SOLO Zakdoekjes 4-laags 30x10 stuks",
    "category": "Baby, verzorging",
    "price": 2.99,
    "promoPrice": null,
    "price_per_unit": null,
    "unit": null,
    "image": "https://s7g10.scene7.com/is/image/aldinord/product_1206191_main_cms_2_nl_nl_zakdoekjes_4_laags_cw01_2024",
    "beschikbaar": true,
    "promoEnd": null,
    "link": "https://www.aldi.nl/zakdoekjes-4-laags-1206191.html"
  },
  {
    "id": "1206010",
    "title": "LA CHOUFFE 4-pack blond 4x33 cl.",
    "category": "Speciaal assortiment",
    "price": 6.75,
    "promoPrice": 6.75,
    "price_per_unit": null,
    "unit": null,
    "image": "https://s7g10.scene7.com/is/image/aldinord/product_1206010_main_cms_1_nl_nl_4_pack_blond_cw01_2024",
    "beschikbaar": true,
    "promoEnd": "2025-10-12",
    "link": "https://www.aldi.nl/4-pack-blond-1206010.html"
  },
  {
    "id": "1206009",
    "title": "Natuurazijn 1.5 l",
    "category": "Maaltijden, salades",
    "price": 0.78,
    "promoPrice": null,
    "price_per_unit": 0.52,
    "unit": "L",
    "image": "https://s7g10.scene7.com/is/image/aldinord/product_1206009_main_cms_2_nl_nl_natuurazijn_cw01_2024",
    "beschikbaar": true,
    "promoEnd": null,
    "link": "https://www.aldi.nl/natuurazijn-1206009.html"
  },
  {
    "id": "1206007",
    "title": "DIAMANT Frituurvet 3 l",
    "category": "Speciaal assortiment",
    "price": 8.99,
    "promoPrice": 8.99,
    "price_per_unit": null,
    "unit": null,
    "image": "https://s7g10.scene7.com/is/image/aldinord/product_1206007_main_cms_1_nl_nl_frituurvet_cw01_2024",
    "beschikbaar": true,
    "promoEnd": "2025-10-19",
    "link": "https://www.aldi.nl/frituurvet-1206007.html"
  },
  {
    "id": "1206001",
    "title": "Tarwe-rogge bol Per stuk",
    "category": "Brood, ontbijtgranen",
    "price": 0.49,
    "promoPrice": null,
    "price_per_unit": null,
    "unit": null,
    "image": "https://s7g10.scene7.com/is/image/aldinord/product_1206001_main_cms_1_nl_nl_tarwe_rogge_bol_cw01_2024",
    "beschikbaar": true,
    "promoEnd": null,
    "link": "https://www.aldi.nl/tarwe-rogge-bol-1206001.html"
  },
  {
    "id": "1205992",
    "title": "ALL SEASONS Fruitcocktail 850 ml",
    "category": "Groente, aardappelen",
    "price": 2.19,
    "promoPrice": null,
    "price_per_unit": 2.58,
    "unit": "L",
    "image": "https://s7g10.scene7.com/is/image/aldinord/product_1205992_main_cms_2_nl_nl_fruitcocktail_cw01_2024",
    "beschikbaar": true,
    "promoEnd": null,
    "link": "https://www.aldi.nl/fruitcocktail-1205992.html"
  },
  {
    "id": "1205988",
    "title": "ALL SEASONS Rode kool met appel 800 g",
    "category": "Groente, aardappelen",
    "price": 1.58,
    "promoPrice": null,
    "price_per_unit": 1.98,
    "unit": "KG",
    "image": "https://s7g10.scene7.com/is/image/aldinord/variant_1205988_1_main_cms_4_nl_nl_rode_kool_met_appel_cw01_2024",
    "beschikbaar": true,
    "promoEnd": null,
    "link": "https://www.aldi.nl/rode-kool-met-appel-1205988.html"
  },
  {
    "id": "1205977",
    "title": "ELLA Roomdessert 190 g",
    "category": "Zuivel, eieren",
    "price": 0.69,
    "promoPrice": null,
    "price_per_unit": 3.63,
    "unit": "KG",
    "image": "https://s7g10.scene7.com/is/image/aldinord/product_1205977_main_cms_9_nl_nl_roomdessert_cw01_2024",
    "beschikbaar": true,
    "promoEnd": null,
    "link": "https://www.aldi.nl/roomdessert-1205977.html"
  },
  {
    "id": "1205950",
    "title": "ROMEO Zachte hondenbrokken 1.5 kg",
    "category": "Huisdieren",
    "price": 3.29,
    "promoPrice": null,
    "price_per_unit": null,
    "unit": null,
    "image": "https://s7g10.scene7.com/is/image/aldinord/product_1205950_main_cms_1_nl_nl_zachte_hondenbrokken_cw01_2024",
    "beschikbaar": true,
    "promoEnd": null,
    "link": "https://www.aldi.nl/zachte-hondenbrokken-1205950.html"
  },
  {
    "id": "1205924",
    "title": "SOLO Vochtig toiletpapier 80 doekjes",
    "category": "Huishouden",
    "price": 0.99,
    "promoPrice": null,
    "price_per_unit": null,
    "unit": null,
    "image": "https://s7g10.scene7.com/is/image/aldinord/product_1205924_main_cms_1_nl_nl_vochtig_toiletpapier_cw01_2024",
    "beschikbaar": true,
    "promoEnd": null,
    "link": "https://www.aldi.nl/vochtig-toiletpapier-1205924.html"
  },
  {
    "id": "1205918",
    "title": "JULIET 12-pack natvoer voor katten 12x85 g",
    "category": "Huisdieren",
    "price": 5.99,
    "promoPrice": null,
    "price_per_unit": null,
    "unit": null,
    "image": "https://s7g10.scene7.com/is/image/aldinord/product_1205918_main_cms_1_nl_nl_12_pack_natvoer_voor_katten_cw01_2024",
    "beschikbaar": true,
    "promoEnd": null,
    "link": "https://www.aldi.nl/12-pack-natvoer-voor-katten-1205918.html"
  },
  {
    "id": "1205901",
    "title": "ROMEO Hondenskoekjes 500 g",
    "category": "Huisdieren",
    "price": 0.79,
    "promoPrice": null,
    "price_per_unit": 1.98,
    "unit": "KG",
    "image": "https://s7g10.scene7.com/is/image/aldinord/product_1205901_main_cms_5_nl_nl_hondenskoekjes_cw01_2024",
    "beschikbaar": true,
    "promoEnd": null,
    "link": "https://www.aldi.nl/hondenskoekjes-1205901.html"
  },
  {
    "id": "1205876",
    "title": "UNOX Knaks 400 g",
    "category": "Vlees, vis, vega",
    "price": 2.5,
    "promoPrice": 1.99,
    "price_per_unit": 6.25,
    "unit": "KG",
    "image": "https://s7g10.scene7.com/is/image/aldinord/product_1205876_main_cms_2_nl_nl_knaks_cw01_2024",
    "beschikbaar": true,
    "promoEnd": "2025-10-19",
    "link": "https://www.aldi.nl/knaks-1205876.html"
  },
  {
    "id": "1205875",
    "title": "WESTMINSTER Rooibosthee 20-25 zakjes",
    "category": "Koffie, thee",
    "price": 1.09,
    "promoPrice": null,
    "price_per_unit": null,
    "unit": null,
    "image": "https://s7g10.scene7.com/is/image/aldinord/variant_1205875_4_main_cms_11_nl_nl_rooibosthee_cw01_2024",
    "beschikbaar": true,
    "promoEnd": null,
    "link": "https://www.aldi.nl/rooibosthee-1205875.html"
  },
  {
    "id": "1205856",
    "title": "MOLENLAND Goudse geraspte kaas 48+ belegen 200 g",
    "category": "Zuivel, eieren",
    "price": 2.59,
    "promoPrice": null,
    "price_per_unit": 12.95,
    "unit": "KG",
    "image": "https://s7g10.scene7.com/is/image/aldinord/product_1205856_main_cms_1_nl_nl_goudse_geraspte_kaas_48_belegen_cw01_2024",
    "beschikbaar": true,
    "promoEnd": null,
    "link": "https://www.aldi.nl/goudse-geraspte-kaas-48-belegen-1205856.html"
  },
  {
    "id": "1205837",
    "title": "Gerookt ontbijtspek 125 g",
    "category": "Vlees, vis, vega",
    "price": 2.15,
    "promoPrice": null,
    "price_per_unit": 17.2,
    "unit": "KG",
    "image": "https://s7g10.scene7.com/is/image/aldinord/product_1205837_main_cms_1_nl_nl_gerookt_ontbijtspek_cw01_2024",
    "beschikbaar": true,
    "promoEnd": null,
    "link": "https://www.aldi.nl/gerookt-ontbijtspek-1205837.html"
  },
  {
    "id": "1205826",
    "title": "PHILADELPHIA Roomkaas 185-200 g",
    "category": "Zuivel, eieren",
    "price": null,
    "promoPrice": null,
    "price_per_unit": null,
    "unit": null,
    "image": "https://s7g10.scene7.com/is/image/aldinord/product_1205826_main_cms_5_nl_nl_roomkaas_cw01_2024",
    "beschikbaar": true,
    "promoEnd": null,
    "link": "https://www.aldi.nl/roomkaas-1205826.html"
  },
  {
    "id": "1205821",
    "title": "CROMA Bakken en braden vloeibaar 750 ml",
    "category": "Zuivel, eieren",
    "price": null,
    "promoPrice": null,
    "price_per_unit": null,
    "unit": null,
    "image": "https://s7g10.scene7.com/is/image/aldinord/variant_1205821_1_main_cms_1_nl_nl_bakken_en_braden_vloeibaar_cw01_2024",
    "beschikbaar": true,
    "promoEnd": null,
    "link": "https://www.aldi.nl/bakken-en-braden-vloeibaar-1205821.html"
  },
  {
    "id": "1205791",
    "title": "BELLASAN Frituurolie 2 l",
    "category": "Maaltijden, salades",
    "price": 4.99,
    "promoPrice": null,
    "price_per_unit": 2.5,
    "unit": "L",
    "image": "https://s7g10.scene7.com/is/image/aldinord/variant_1205791_1_main_cms_4_nl_nl_frituurolie_cw01_2024",
    "beschikbaar": true,
    "promoEnd": null,
    "link": "https://www.aldi.nl/frituurolie-1205791.html"
  },
  {
    "id": "1205705",
    "title": "Kruidnoten specialties 250 g",
    "category": "Speciaal assortiment",
    "price": 2.79,
    "promoPrice": null,
    "price_per_unit": 11.16,
    "unit": "KG",
    "image": "https://s7g10.scene7.com/is/image/aldinord/product_1205705_main_cms_4_nl_nl_kruidnoten_specialties_cw01_2024",
    "beschikbaar": true,
    "promoEnd": null,
    "link": "https://www.aldi.nl/kruidnoten-specialties-1205705.html"
  },
  {
    "id": "1205697",
    "title": "Angus burgers Inhoud: 2 stuks, 250 g",
    "category": "Vlees, vis, vega",
    "price": 3.99,
    "promoPrice": null,
    "price_per_unit": 15.96,
    "unit": "KG",
    "image": "https://s7g10.scene7.com/is/image/aldinord/variant_1205697_1_main_cms_2_nl_nl_angus_burgers_cw01_2024",
    "beschikbaar": true,
    "promoEnd": null,
    "link": "https://www.aldi.nl/angus-burgers-1205697.html"
  },
  {
    "id": "1205667",
    "title": "MENTOS 6-pack kauwdragees 6-pack",
    "category": "Snoep, koek, chips",
    "price": null,
    "promoPrice": null,
    "price_per_unit": null,
    "unit": null,
    "image": "https://s7g10.scene7.com/is/image/aldinord/variant_1205667_1_main_cms_1_nl_nl_6_pack_kauwdragees_cw01_2024",
    "beschikbaar": true,
    "promoEnd": null,
    "link": "https://www.aldi.nl/6-pack-kauwdragees-1205667.html"
  },
  {
    "id": "1205665",
    "title": "ALL SEASONS Zomerfruit 750 g",
    "category": "Groente, aardappelen",
    "price": 3.99,
    "promoPrice": null,
    "price_per_unit": 5.32,
    "unit": "KG",
    "image": "https://s7g10.scene7.com/is/image/aldinord/product_1205665_main_cms_2_nl_nl_zomerfruit_cw01_2024",
    "beschikbaar": true,
    "promoEnd": null,
    "link": "https://www.aldi.nl/zomerfruit-1205665.html"
  },
  {
    "id": "1205655",
    "title": "Nintendo tegoed 25 euro Per stuk",
    "category": "Speciaal assortiment",
    "price": 25,
    "promoPrice": null,
    "price_per_unit": null,
    "unit": null,
    "image": "https://s7g10.scene7.com/is/image/aldinord/product_1205655_main_cms_2_nl_nl_nintendo_tegoed_25_euro_cw01_2024",
    "beschikbaar": true,
    "promoEnd": null,
    "link": "https://www.aldi.nl/nintendo-tegoed-25-euro-1205655.html"
  },
  {
    "id": "1205650",
    "title": "Bakkersgoud rustiek licht meerzaden Heel",
    "category": "Brood, ontbijtgranen",
    "price": 2.09,
    "promoPrice": null,
    "price_per_unit": 3.48,
    "unit": "KG",
    "image": "https://s7g10.scene7.com/is/image/aldinord/product_1205650_main_cms_14_nl_nl_bakkersgoud_rustiek_licht_meerzaden_cw01_2024",
    "beschikbaar": true,
    "promoEnd": null,
    "link": "https://www.aldi.nl/bakkersgoud-rustiek-licht-meerzaden-1205650.html"
  },
  {
    "id": "1205644",
    "title": "LOFT Lady pants Per pak",
    "category": "Baby, verzorging",
    "price": 5.79,
    "promoPrice": null,
    "price_per_unit": null,
    "unit": null,
    "image": "https://s7g10.scene7.com/is/image/aldinord/variant_1205644_1_main_cms_1_nl_nl_lady_pants_cw01_2024",
    "beschikbaar": true,
    "promoEnd": null,
    "link": "https://www.aldi.nl/lady-pants-1205644.html"
  },
  {
    "id": "1205630",
    "title": "MAMA NATURE Biologische maïswafels Inhoud: 19 stuks, 130 g",
    "category": "Biologisch assortiment",
    "price": 0.89,
    "promoPrice": null,
    "price_per_unit": 6.85,
    "unit": "KG",
    "image": "https://s7g10.scene7.com/is/image/aldinord/variant_1205630_1_main_cms_2_nl_nl_biologische_maiswafels_cw01_2024",
    "beschikbaar": true,
    "promoEnd": null,
    "link": "https://www.aldi.nl/biologische-maswafels-1205630.html"
  },
  {
    "id": "1205610",
    "title": "Kruidnoten 350 g",
    "category": "Speciaal assortiment",
    "price": 0.99,
    "promoPrice": null,
    "price_per_unit": 2.83,
    "unit": "KG",
    "image": "https://s7g10.scene7.com/is/image/aldinord/product_1205610_main_cms_1_nl_nl_kruidnoten_cw01_2024",
    "beschikbaar": true,
    "promoEnd": null,
    "link": "https://www.aldi.nl/kruidnoten-1205610.html"
  },
  {
    "id": "1205607",
    "title": "TROPHY SMAAKMAKERS Fritessaus 1 l",
    "category": "Maaltijden, salades",
    "price": 1.49,
    "promoPrice": null,
    "price_per_unit": 1.49,
    "unit": "L",
    "image": "https://s7g10.scene7.com/is/image/aldinord/variant_1205607_1_main_cms_2_nl_nl_fritessaus_cw01_2024",
    "beschikbaar": true,
    "promoEnd": null,
    "link": "https://www.aldi.nl/fritessaus-1205607.html"
  },
  {
    "id": "1205580",
    "title": "Nintendo tegoed 15 euro Per stuk",
    "category": "Speciaal assortiment",
    "price": 15,
    "promoPrice": null,
    "price_per_unit": null,
    "unit": null,
    "image": "https://s7g10.scene7.com/is/image/aldinord/product_1205580_main_cms_2_nl_nl_nintendo_tegoed_15_euro_cw01_2024",
    "beschikbaar": true,
    "promoEnd": null,
    "link": "https://www.aldi.nl/nintendo-tegoed-15-euro-1205580.html"
  },
  {
    "id": "1205544",
    "title": "ALL SEASONS Italiaanse groenteschotel 450 g",
    "category": "Groente, aardappelen",
    "price": 1.49,
    "promoPrice": null,
    "price_per_unit": 3.31,
    "unit": "KG",
    "image": "https://s7g10.scene7.com/is/image/aldinord/variant_1205544_1_main_cms_4_nl_nl_italiaanse_groenteschotel_cw01_2024",
    "beschikbaar": true,
    "promoEnd": null,
    "link": "https://www.aldi.nl/italiaanse-groenteschotel-1205544.html"
  },
  {
    "id": "1205541",
    "title": "DE AFBAKKER Baguettes wit Inhoud: 2 stuks, 300 g",
    "category": "Brood, ontbijtgranen",
    "price": 0.75,
    "promoPrice": null,
    "price_per_unit": 2.5,
    "unit": "KG",
    "image": "https://s7g10.scene7.com/is/image/aldinord/variant_1205541_1_main_cms_1_nl_nl_baguettes_wit_cw01_2024",
    "beschikbaar": true,
    "promoEnd": null,
    "link": "https://www.aldi.nl/baguettes-wit-1205541.html"
  },
  {
    "id": "1205455",
    "title": "Sintschuimpjes 300 g",
    "category": "Speciaal assortiment",
    "price": 1.89,
    "promoPrice": null,
    "price_per_unit": 6.3,
    "unit": "KG",
    "image": "https://s7g10.scene7.com/is/image/aldinord/product_1205455_main_cms_2_nl_nl_sintschuimpjes_cw01_2024",
    "beschikbaar": true,
    "promoEnd": null,
    "link": "https://www.aldi.nl/sintschuimpjes-1205455.html"
  },
  {
    "id": "1205452",
    "title": "Eisalade 250 g",
    "category": "Maaltijden, salades",
    "price": 1.49,
    "promoPrice": null,
    "price_per_unit": 5.96,
    "unit": "KG",
    "image": "https://s7g10.scene7.com/is/image/aldinord/product_1205452_main_cms_6_nl_nl_eisalade_cw01_2024",
    "beschikbaar": true,
    "promoEnd": null,
    "link": "https://www.aldi.nl/eisalade-1205452.html"
  },
  {
    "id": "1205441",
    "title": "ALL SEASONS Stoofpeertjes 560 g",
    "category": "Groente, aardappelen",
    "price": 2.59,
    "promoPrice": null,
    "price_per_unit": 4.63,
    "unit": "KG",
    "image": "https://s7g10.scene7.com/is/image/aldinord/product_1205441_main_cms_2_nl_nl_stoofpeertjes_cw01_2024",
    "beschikbaar": true,
    "promoEnd": null,
    "link": "https://www.aldi.nl/stoofpeertjes-1205441.html"
  },
  {
    "id": "1205424",
    "title": "TRADER JOE'S Notenmix 200 g",
    "category": "Snoep, koek, chips",
    "price": 2.89,
    "promoPrice": null,
    "price_per_unit": 14.45,
    "unit": "KG",
    "image": "https://s7g10.scene7.com/is/image/aldinord/variant_1205424_1_main_cms_1_nl_nl_notenmix_cw01_2024",
    "beschikbaar": true,
    "promoEnd": null,
    "link": "https://www.aldi.nl/notenmix-1205424.html"
  },
  {
    "id": "1205415",
    "title": "TRIANGLE PHARMA Cetirizine diHCI 10 mg 7 tabletten",
    "category": "Verzorging, gezondheid",
    "price": 1.79,
    "promoPrice": null,
    "price_per_unit": null,
    "unit": null,
    "image": "https://s7g10.scene7.com/is/image/aldinord/product_1205415_main_cms_2_nl_nl_cetirizine_dihci_10_mg_cw01_2024",
    "beschikbaar": true,
    "promoEnd": null,
    "link": "https://www.aldi.nl/cetirizine-dihci-10-mg-1205415.html"
  },
  {
    "id": "1205392",
    "title": "Drentse bol 700 g",
    "category": "Brood, ontbijtgranen",
    "price": 2.49,
    "promoPrice": null,
    "price_per_unit": 3.56,
    "unit": "KG",
    "image": "https://s7g10.scene7.com/is/image/aldinord/product_1205392_main_cms_1_nl_nl_drentse_bol_cw01_2024",
    "beschikbaar": true,
    "promoEnd": null,
    "link": "https://www.aldi.nl/drentse-bol-1205392.html"
  },
  {
    "id": "1205385",
    "title": "ALL SEASONS Tortilla bonenschotel 500 g",
    "category": "Groente, aardappelen",
    "price": null,
    "promoPrice": null,
    "price_per_unit": null,
    "unit": null,
    "image": "https://s7g10.scene7.com/is/image/aldinord/product_1205385_main_cms_1_nl_nl_tortilla_bonenschotel_cw01_2024",
    "beschikbaar": true,
    "promoEnd": null,
    "link": "https://www.aldi.nl/tortilla-bonenschotel-1205385.html"
  },
  {
    "id": "1205333",
    "title": "LOFT Inlegkruisjes Per pak",
    "category": "Baby, verzorging",
    "price": 1.09,
    "promoPrice": null,
    "price_per_unit": null,
    "unit": null,
    "image": "https://s7g10.scene7.com/is/image/aldinord/variant_1205333_1_main_cms_2_nl_nl_inlegkruisjes_cw01_2024",
    "beschikbaar": true,
    "promoEnd": null,
    "link": "https://www.aldi.nl/inlegkruisjes-1205333.html"
  },
  {
    "id": "1205292",
    "title": "ALL SEASONS Hollandse groenteschotel 450 g",
    "category": "Groente, aardappelen",
    "price": 1.49,
    "promoPrice": null,
    "price_per_unit": 3.31,
    "unit": "KG",
    "image": "https://s7g10.scene7.com/is/image/aldinord/product_1205292_main_cms_5_nl_nl_hollandse_groenteschotel_cw01_2024",
    "beschikbaar": true,
    "promoEnd": null,
    "link": "https://www.aldi.nl/hollandse-groenteschotel-1205292.html"
  },
  {
    "id": "1205285",
    "title": "LOFT Inlegkruisjes Per pak",
    "category": "Baby, verzorging",
    "price": 1.19,
    "promoPrice": null,
    "price_per_unit": null,
    "unit": null,
    "image": "https://s7g10.scene7.com/is/image/aldinord/variant_1205285_1_main_cms_2_nl_nl_inlegkruisjes_cw01_2024",
    "beschikbaar": true,
    "promoEnd": null,
    "link": "https://www.aldi.nl/inlegkruisjes-1205285.html"
  },
  {
    "id": "1205278",
    "title": "LOFT Ultra maandverband Per pak",
    "category": "Baby, verzorging",
    "price": 1.19,
    "promoPrice": null,
    "price_per_unit": null,
    "unit": null,
    "image": "https://s7g10.scene7.com/is/image/aldinord/variant_1205278_3_main_cms_2_nl_nl_ultra_maandverband_cw01_2024",
    "beschikbaar": true,
    "promoEnd": null,
    "link": "https://www.aldi.nl/ultra-maandverband-1205278.html"
  },
  {
    "id": "1205277",
    "title": "LOFT Ultra maandverband 18-20 stuks",
    "category": "Baby, verzorging",
    "price": 1.09,
    "promoPrice": null,
    "price_per_unit": null,
    "unit": null,
    "image": "https://s7g10.scene7.com/is/image/aldinord/variant_1205277_2_main_cms_2_nl_nl_ultra_maandverband_cw01_2024",
    "beschikbaar": true,
    "promoEnd": null,
    "link": "https://www.aldi.nl/ultra-maandverband-1205277.html"
  },
  {
    "id": "1205240",
    "title": "WRAPITT Bakpapier 30 vellen",
    "category": "Huishouden",
    "price": 1.19,
    "promoPrice": null,
    "price_per_unit": null,
    "unit": null,
    "image": "https://s7g10.scene7.com/is/image/aldinord/product_1205240_main_cms_2_nl_nl_bakpapier_cw01_2024",
    "beschikbaar": true,
    "promoEnd": null,
    "link": "https://www.aldi.nl/bakpapier-1205240.html"
  },
  {
    "id": "1205239",
    "title": "MAMA MANCINI Pizza mozzarella Inhoud: 2 stuks, 670 g",
    "category": "Snoep, koek, chips",
    "price": 2.99,
    "promoPrice": null,
    "price_per_unit": 4.46,
    "unit": "KG",
    "image": "https://s7g10.scene7.com/is/image/aldinord/product_1205239_main_cms_5_nl_nl_pizza_mozzarella_cw01_2024",
    "beschikbaar": true,
    "promoEnd": null,
    "link": "https://www.aldi.nl/pizza-mozzarella-1205239.html"
  },
  {
    "id": "1205206",
    "title": "ALL SEASONS Haricots verts 340 g",
    "category": "Groente, aardappelen",
    "price": 1.69,
    "promoPrice": null,
    "price_per_unit": 4.97,
    "unit": "KG",
    "image": "https://s7g10.scene7.com/is/image/aldinord/product_1205206_main_cms_3_nl_nl_haricots_verts_cw01_2024",
    "beschikbaar": true,
    "promoEnd": null,
    "link": "https://www.aldi.nl/haricots-verts-1205206.html"
  },
  {
    "id": "1205199",
    "title": "Gerookte kipfilet 125 g",
    "category": "Vlees, vis, vega",
    "price": 2.16,
    "promoPrice": null,
    "price_per_unit": 17.28,
    "unit": "KG",
    "image": "https://s7g10.scene7.com/is/image/aldinord/product_1205199_main_cms_4_nl_nl_gerookte_kipfilet_cw01_2024",
    "beschikbaar": true,
    "promoEnd": null,
    "link": "https://www.aldi.nl/gerookte-kipfilet-1205199.html"
  },
  {
    "id": "1205176",
    "title": "STORCK Merci finest selection 250 g",
    "category": "Snoep, koek, chips",
    "price": null,
    "promoPrice": null,
    "price_per_unit": null,
    "unit": null,
    "image": "https://s7g10.scene7.com/is/image/aldinord/product_1205176_main_cms_12_nl_nl_merci_finest_selection_cw01_2024",
    "beschikbaar": true,
    "promoEnd": null,
    "link": "https://www.aldi.nl/merci-finest-selection-1205176.html"
  },
  {
    "id": "1205151",
    "title": "NOEL Chorizo 100 g",
    "category": "Vlees, vis, vega",
    "price": 1.19,
    "promoPrice": 1.19,
    "price_per_unit": 11.9,
    "unit": "KG",
    "image": "https://s7g10.scene7.com/is/image/aldinord/product_1205151_main_cms_2_nl_nl_chorizo_cw01_2024",
    "beschikbaar": true,
    "promoEnd": "2025-10-12",
    "link": "https://www.aldi.nl/chorizo-1205151.html"
  },
  {
    "id": "1205123",
    "title": "Delight Sauvignon Blanc alcoholvrij 0.75 l",
    "category": "Bier, wijn, sterke drank",
    "price": 2.99,
    "promoPrice": null,
    "price_per_unit": 3.99,
    "unit": "L",
    "image": "https://s7g10.scene7.com/is/image/aldinord/variant_1205123_1_main_cms_1_nl_nl_delight_sauvignon_blanc_alcoholvrij_cw01_2024",
    "beschikbaar": true,
    "promoEnd": null,
    "link": "https://www.aldi.nl/delight-sauvignon-blanc-alcoholvrij-1205123.html"
  },
  {
    "id": "1205120",
    "title": "Gedecoreerde donut Per stuk",
    "category": "Snoep, koek, chips",
    "price": 0.55,
    "promoPrice": null,
    "price_per_unit": null,
    "unit": null,
    "image": "https://s7g10.scene7.com/is/image/aldinord/product_1205120_main_cms_1_nl_nl_gedecoreerde_donut_cw01_2024",
    "beschikbaar": true,
    "promoEnd": null,
    "link": "https://www.aldi.nl/gedecoreerde-donut-1205120.html"
  },
  {
    "id": "1205097",
    "title": "Italiaanse bol Per stuk",
    "category": "Brood, ontbijtgranen",
    "price": 0.49,
    "promoPrice": null,
    "price_per_unit": null,
    "unit": null,
    "image": "https://s7g10.scene7.com/is/image/aldinord/product_1205097_main_cms_1_nl_nl_italiaanse_bol_cw01_2024",
    "beschikbaar": true,
    "promoEnd": null,
    "link": "https://www.aldi.nl/italiaanse-bol-1205097.html"
  },
  {
    "id": "1205041",
    "title": "FORTUNE EXPRESS Kroepoek Java of Bali 90 g",
    "category": "Maaltijden, salades",
    "price": 1.25,
    "promoPrice": null,
    "price_per_unit": 13.89,
    "unit": "KG",
    "image": "https://s7g10.scene7.com/is/image/aldinord/variant_1205041_2_main_cms_1_nl_nl_kroepoek_java_of_bali_cw01_2024",
    "beschikbaar": true,
    "promoEnd": null,
    "link": "https://www.aldi.nl/kroepoek-java-of-bali-1205041.html"
  },
  {
    "id": "1205018",
    "title": "TRADER JOE'S Cranberry notenmelange 200 g",
    "category": "Snoep, koek, chips",
    "price": 2.19,
    "promoPrice": null,
    "price_per_unit": 10.95,
    "unit": "KG",
    "image": "https://s7g10.scene7.com/is/image/aldinord/product_1205018_main_cms_1_nl_nl_cranberry_notenmelange_cw01_2024",
    "beschikbaar": true,
    "promoEnd": null,
    "link": "https://www.aldi.nl/cranberry-notenmelange-1205018.html"
  },
  {
    "id": "1204994",
    "title": "SNACK FAN Bamischijven Inhoud: 6 stuks, 480 g",
    "category": "Snoep, koek, chips",
    "price": 1.99,
    "promoPrice": null,
    "price_per_unit": 4.15,
    "unit": "KG",
    "image": "https://s7g10.scene7.com/is/image/aldinord/product_1204994_main_cms_11_nl_nl_bamischijven_cw01_2024",
    "beschikbaar": true,
    "promoEnd": null,
    "link": "https://www.aldi.nl/bamischijven-1204994.html"
  },
  {
    "id": "1204978",
    "title": "SNACK FAN Mexican ribsnack Inhoud: 7 stuks, 595 g",
    "category": "Snoep, koek, chips",
    "price": 3.69,
    "promoPrice": null,
    "price_per_unit": 6.2,
    "unit": "KG",
    "image": "https://s7g10.scene7.com/is/image/aldinord/variant_1204978_1_main_cms_2_nl_nl_mexican_ribsnack_cw01_2024",
    "beschikbaar": true,
    "promoEnd": null,
    "link": "https://www.aldi.nl/mexican-ribsnack-1204978.html"
  },
  {
    "id": "1204914",
    "title": "LACURA Gezichtsreinigingsdoekjes 25 doekjes",
    "category": "Baby, verzorging",
    "price": 0.79,
    "promoPrice": null,
    "price_per_unit": null,
    "unit": null,
    "image": "https://s7g10.scene7.com/is/image/aldinord/variant_1204914_2_main_cms_1_nl_nl_gezichtsreinigingsdoekjes_cw01_2024",
    "beschikbaar": true,
    "promoEnd": null,
    "link": "https://www.aldi.nl/gezichtsreinigingsdoekjes-1204914.html"
  },
  {
    "id": "1204912",
    "title": "SNACK FAN Rundvlees bitterballen Inhoud: 34 stuks, 680 g",
    "category": "Snoep, koek, chips",
    "price": 3.85,
    "promoPrice": null,
    "price_per_unit": 5.66,
    "unit": "KG",
    "image": "https://s7g10.scene7.com/is/image/aldinord/variant_1204912_1_main_cms_4_nl_nl_rundvlees_bitterballen_cw01_2024",
    "beschikbaar": true,
    "promoEnd": null,
    "link": "https://www.aldi.nl/rundvlees-bitterballen-1204912.html"
  },
  {
    "id": "1204909",
    "title": "TRADER JOE'S Pecannoten 200 g",
    "category": "Snoep, koek, chips",
    "price": 3.99,
    "promoPrice": null,
    "price_per_unit": 19.95,
    "unit": "KG",
    "image": "https://s7g10.scene7.com/is/image/aldinord/variant_1204909_1_main_cms_1_nl_nl_pecannoten_cw01_2024",
    "beschikbaar": true,
    "promoEnd": null,
    "link": "https://www.aldi.nl/pecannoten-1204909.html"
  },
  {
    "id": "1204907",
    "title": "SNACK FAN Krokandel Inhoud: 8 stuks, 640 g",
    "category": "Snoep, koek, chips",
    "price": 3.99,
    "promoPrice": null,
    "price_per_unit": 6.23,
    "unit": "KG",
    "image": "https://s7g10.scene7.com/is/image/aldinord/variant_1204907_1_main_cms_1_nl_nl_krokandel_cw01_2024",
    "beschikbaar": true,
    "promoEnd": null,
    "link": "https://www.aldi.nl/krokandel-1204907.html"
  },
  {
    "id": "1204901",
    "title": "Halve appel-kruimelvlaai Per stuk",
    "category": "Groente, aardappelen",
    "price": 3.29,
    "promoPrice": 3.29,
    "price_per_unit": null,
    "unit": null,
    "image": "https://s7g10.scene7.com/is/image/aldinord/product_1204901_main_cms_3_nl_nl_halve_appel_kruimelvlaai_cw01_2024",
    "beschikbaar": true,
    "promoEnd": "2025-10-12",
    "link": "https://www.aldi.nl/halve-appel-kruimelvlaai-1204901.html"
  },
  {
    "id": "1204846",
    "title": "GOLDEN SEAFOOD Gerookte Noorse zalm 200 g",
    "category": "Vlees, vis, vega",
    "price": 5.99,
    "promoPrice": null,
    "price_per_unit": 29.95,
    "unit": "KG",
    "image": "https://s7g10.scene7.com/is/image/aldinord/product_1204846_main_cms_6_nl_nl_gerookte_noorse_zalm_cw01_2024",
    "beschikbaar": true,
    "promoEnd": null,
    "link": "https://www.aldi.nl/gerookte-noorse-zalm-1204846.html"
  },
  {
    "id": "1204822",
    "title": "Paysafe card 25 euro Per stuk",
    "category": "Speciaal assortiment",
    "price": 25,
    "promoPrice": null,
    "price_per_unit": null,
    "unit": null,
    "image": "https://s7g10.scene7.com/is/image/aldinord/product_1204822_main_cms_2_nl_nl_paysafe_card_25_euro_cw01_2024",
    "beschikbaar": true,
    "promoEnd": null,
    "link": "https://www.aldi.nl/paysafe-card-25-euro-1204822.html"
  },
  {
    "id": "1204795",
    "title": "Paysafe card 50 euro Per stuk",
    "category": "Speciaal assortiment",
    "price": 50,
    "promoPrice": null,
    "price_per_unit": null,
    "unit": null,
    "image": "https://s7g10.scene7.com/is/image/aldinord/product_1204795_main_cms_2_nl_nl_paysafe_card_50_euro_cw01_2024",
    "beschikbaar": true,
    "promoEnd": null,
    "link": "https://www.aldi.nl/paysafe-card-50-euro-1204795.html"
  },
  {
    "id": "1204792",
    "title": "BIOCURA Schuimversteviger 250 ml",
    "category": "Baby, verzorging",
    "price": 1.49,
    "promoPrice": null,
    "price_per_unit": 5.96,
    "unit": "L",
    "image": "https://s7g10.scene7.com/is/image/aldinord/product_1204792_main_cms_7_nl_nl_schuimversteviger_cw01_2024",
    "beschikbaar": true,
    "promoEnd": null,
    "link": "https://www.aldi.nl/schuimversteviger-1204792.html"
  },
  {
    "id": "1204782",
    "title": "TOM 3-pack wegwerpaanstekers 3-pack",
    "category": "Huishouden",
    "price": 0.99,
    "promoPrice": null,
    "price_per_unit": null,
    "unit": null,
    "image": "https://s7g10.scene7.com/is/image/aldinord/product_1204782_main_cms_4_nl_nl_3_pack_wegwerpaanstekers_cw01_2024",
    "beschikbaar": true,
    "promoEnd": null,
    "link": "https://www.aldi.nl/3-pack-wegwerpaanstekers-1204782.html"
  },
  {
    "id": "1204762",
    "title": "MILSANI 6-pack houdbare halfvolle melk 6x200 ml",
    "category": "Zuivel, eieren",
    "price": 1.35,
    "promoPrice": null,
    "price_per_unit": 6.75,
    "unit": "L",
    "image": "https://s7g10.scene7.com/is/image/aldinord/product_1204762_main_cms_6_nl_nl_6_pack_houdbare_halfvolle_melk_cw01_2024",
    "beschikbaar": true,
    "promoEnd": null,
    "link": "https://www.aldi.nl/6-pack-houdbare-halfvolle-melk-1204762.html"
  },
  {
    "id": "1204685",
    "title": "TIME 4 CHOCO! Mini-mix power Inhoud: ca. 28 stuks, 500 g",
    "category": "Snoep, koek, chips",
    "price": 3.49,
    "promoPrice": null,
    "price_per_unit": 6.98,
    "unit": "KG",
    "image": "https://s7g10.scene7.com/is/image/aldinord/product_1204685_main_cms_1_nl_nl_mini_mix_power_cw01_2024",
    "beschikbaar": true,
    "promoEnd": null,
    "link": "https://www.aldi.nl/mini-mix-power-1204685.html"
  },
  {
    "id": "1204659",
    "title": "MUCCI IJscups Inhoud: 4 stuks, 560 ml",
    "category": "Maaltijden, salades",
    "price": 2.99,
    "promoPrice": null,
    "price_per_unit": 21.36,
    "unit": "L",
    "image": "https://s7g10.scene7.com/is/image/aldinord/product_1204659_main_cms_10_nl_nl_ijscups_cw01_2024",
    "beschikbaar": true,
    "promoEnd": null,
    "link": "https://www.aldi.nl/ijscups-1204659.html"
  },
  {
    "id": "1204651",
    "title": "Airén 0.75 l",
    "category": "Bier, wijn, sterke drank",
    "price": 2.49,
    "promoPrice": null,
    "price_per_unit": 3.32,
    "unit": "L",
    "image": "https://s7g10.scene7.com/is/image/aldinord/product_1204651_main_cms_3_nl_nl_airen_cw01_2024",
    "beschikbaar": true,
    "promoEnd": null,
    "link": "https://www.aldi.nl/airn-1204651.html"
  },
  {
    "id": "1204641",
    "title": "Paysafe card 10 euro Per stuk",
    "category": "Speciaal assortiment",
    "price": 10,
    "promoPrice": null,
    "price_per_unit": null,
    "unit": null,
    "image": "https://s7g10.scene7.com/is/image/aldinord/product_1204641_main_cms_2_nl_nl_paysafe_card_10_euro_cw01_2024",
    "beschikbaar": true,
    "promoEnd": null,
    "link": "https://www.aldi.nl/paysafe-card-10-euro-1204641.html"
  },
  {
    "id": "1204609",
    "title": "ELLA Roomtoetje 200 ml",
    "category": "Zuivel, eieren",
    "price": 0.34,
    "promoPrice": null,
    "price_per_unit": 1.7,
    "unit": "L",
    "image": "https://s7g10.scene7.com/is/image/aldinord/product_1204609_main_cms_5_nl_nl_roomtoetje_cw01_2024",
    "beschikbaar": true,
    "promoEnd": null,
    "link": "https://www.aldi.nl/roomtoetje-1204609.html"
  },
  {
    "id": "1204572",
    "title": "MAMA NATURE Biologische karnemelk 1 l",
    "category": "Zuivel, eieren",
    "price": 1.19,
    "promoPrice": null,
    "price_per_unit": 1.19,
    "unit": "L",
    "image": "https://s7g10.scene7.com/is/image/aldinord/product_1204572_main_cms_2_nl_nl_biologische_karnemelk_cw01_2024",
    "beschikbaar": true,
    "promoEnd": null,
    "link": "https://www.aldi.nl/biologische-karnemelk-1204572.html"
  },
  {
    "id": "1204557",
    "title": "Taai-taai 500 g",
    "category": "Speciaal assortiment",
    "price": 1.89,
    "promoPrice": null,
    "price_per_unit": 3.78,
    "unit": "KG",
    "image": "https://s7g10.scene7.com/is/image/aldinord/product_1204557_main_cms_2_nl_nl_taai_taai_cw01_2024",
    "beschikbaar": true,
    "promoEnd": null,
    "link": "https://www.aldi.nl/taai-taai-1204557.html"
  },
  {
    "id": "1204551",
    "title": "POTATO KING Airfryer-ovenfriet 750 g",
    "category": "Diepvries",
    "price": 1.49,
    "promoPrice": null,
    "price_per_unit": 1.99,
    "unit": "KG",
    "image": "https://s7g10.scene7.com/is/image/aldinord/product_1204551_main_cms_1_nl_nl_airfryer_ovenfriet_cw01_2024",
    "beschikbaar": true,
    "promoEnd": null,
    "link": "https://www.aldi.nl/airfryer-ovenfriet-1204551.html"
  },
  {
    "id": "1204543",
    "title": "LOFT Inlegkruisjes Per pak",
    "category": "Baby, verzorging",
    "price": 2.29,
    "promoPrice": null,
    "price_per_unit": null,
    "unit": null,
    "image": "https://s7g10.scene7.com/is/image/aldinord/product_1204543_main_cms_8_nl_nl_inlegkruisjes_cw01_2024",
    "beschikbaar": true,
    "promoEnd": null,
    "link": "https://www.aldi.nl/inlegkruisjes-1204543.html"
  },
  {
    "id": "1204538",
    "title": "Gemarineerde speklappen Inhoud: 4 stuks, 350 g",
    "category": "Vlees, vis, vega",
    "price": 3.99,
    "promoPrice": null,
    "price_per_unit": 11.4,
    "unit": "KG",
    "image": "https://s7g10.scene7.com/is/image/aldinord/product_1204538_main_cms_13_nl_nl_gemarineerde_speklappen_cw01_2024",
    "beschikbaar": true,
    "promoEnd": null,
    "link": "https://www.aldi.nl/gemarineerde-speklappen-1204538.html"
  },
  {
    "id": "1204525",
    "title": "ORIENTAL DELIGHT Bami goreng 1 kg",
    "category": "Maaltijden, salades",
    "price": 3.99,
    "promoPrice": null,
    "price_per_unit": 3.99,
    "unit": "KG",
    "image": "https://s7g10.scene7.com/is/image/aldinord/product_1204525_main_cms_2_nl_nl_bami_goreng_cw01_2024",
    "beschikbaar": true,
    "promoEnd": null,
    "link": "https://www.aldi.nl/bami-goreng-1204525.html"
  },
  {
    "id": "1204502",
    "title": "MOLENLAND Goudse kaas 50+ 250 g",
    "category": "Zuivel, eieren",
    "price": 2.99,
    "promoPrice": null,
    "price_per_unit": 11.96,
    "unit": "KG",
    "image": "https://s7g10.scene7.com/is/image/aldinord/product_1204502_main_cms_3_nl_nl_goudse_kaas_50_cw01_2024",
    "beschikbaar": true,
    "promoEnd": null,
    "link": "https://www.aldi.nl/goudse-kaas-50-1204502.html"
  },
  {
    "id": "1204498",
    "title": "BELLASAN Zonnebloemolie 1 l",
    "category": "Maaltijden, salades",
    "price": 1.45,
    "promoPrice": null,
    "price_per_unit": 1.45,
    "unit": "L",
    "image": "https://s7g10.scene7.com/is/image/aldinord/product_1204498_main_cms_3_nl_nl_zonnebloemolie_cw01_2024",
    "beschikbaar": true,
    "promoEnd": null,
    "link": "https://www.aldi.nl/zonnebloemolie-1204498.html"
  },
  {
    "id": "1204458",
    "title": "TRADER JOE'S Chocolate chip cookies 225 g",
    "category": "Snoep, koek, chips",
    "price": 1.29,
    "promoPrice": null,
    "price_per_unit": 5.73,
    "unit": "KG",
    "image": "https://s7g10.scene7.com/is/image/aldinord/variant_1204458_1_main_cms_2_nl_nl_chocolate_chip_cookies_cw01_2024",
    "beschikbaar": true,
    "promoEnd": null,
    "link": "https://www.aldi.nl/chocolate-chip-cookies-1204458.html"
  },
  {
    "id": "1204426",
    "title": "Prosecco Vino Frizzante 0.75 l",
    "category": "Bier, wijn, sterke drank",
    "price": 5.15,
    "promoPrice": null,
    "price_per_unit": 6.87,
    "unit": "L",
    "image": "https://s7g10.scene7.com/is/image/aldinord/product_1204426_main_cms_5_nl_nl_prosecco_vino_frizzante_cw01_2024",
    "beschikbaar": true,
    "promoEnd": null,
    "link": "https://www.aldi.nl/prosecco-vino-frizzante-1204426.html"
  },
  {
    "id": "1204390",
    "title": "DR. OETKER Ristorante pizza mozzarella 355 g",
    "category": "Snoep, koek, chips",
    "price": null,
    "promoPrice": null,
    "price_per_unit": null,
    "unit": null,
    "image": "https://s7g10.scene7.com/is/image/aldinord/variant_1204390_1_main_cms_1_nl_nl_ristorante_pizza_mozzarella_cw01_2024",
    "beschikbaar": true,
    "promoEnd": null,
    "link": "https://www.aldi.nl/ristorante-pizza-mozzarella-1204390.html"
  },
  {
    "id": "1204378",
    "title": "DR. OETKER Ristorante pizza salami 320 g",
    "category": "Snoep, koek, chips",
    "price": null,
    "promoPrice": null,
    "price_per_unit": null,
    "unit": null,
    "image": "https://s7g10.scene7.com/is/image/aldinord/variant_1204378_1_main_cms_1_nl_nl_ristorante_pizza_salami_cw01_2024",
    "beschikbaar": true,
    "promoEnd": null,
    "link": "https://www.aldi.nl/ristorante-pizza-salami-1204378.html"
  },
  {
    "id": "1204334",
    "title": "ALDI Shopper Per stuk",
    "category": "Huishouden",
    "price": 1.19,
    "promoPrice": null,
    "price_per_unit": null,
    "unit": null,
    "image": "https://s7g10.scene7.com/is/image/aldinord/product_1204334_main_cms_1_nl_nl_shopper_cw01_2024",
    "beschikbaar": true,
    "promoEnd": null,
    "link": "https://www.aldi.nl/shopper-1204334.html"
  },
  {
    "id": "1204318",
    "title": "PARTY GEBAK Chocoladesoesjes Inhoud: ca. 12 stuks, 200 g",
    "category": "Zuivel, eieren",
    "price": 1.99,
    "promoPrice": null,
    "price_per_unit": 9.95,
    "unit": "KG",
    "image": "https://s7g10.scene7.com/is/image/aldinord/variant_1204318_1_main_cms_2_nl_nl_chocoladesoesjes_cw01_2024",
    "beschikbaar": true,
    "promoEnd": null,
    "link": "https://www.aldi.nl/chocoladesoesjes-1204318.html"
  },
  {
    "id": "1204302",
    "title": "Spanish delight 0.7 l",
    "category": "Frisdrank, sappen",
    "price": 5.99,
    "promoPrice": null,
    "price_per_unit": 8.56,
    "unit": "L",
    "image": "https://s7g10.scene7.com/is/image/aldinord/variant_1204302_1_main_cms_2_nl_nl_spanish_delight_cw01_2024",
    "beschikbaar": true,
    "promoEnd": null,
    "link": "https://www.aldi.nl/spanish-delight-1204302.html"
  },
  {
    "id": "1204238",
    "title": "KOEK& BAKKER Rijkgevulde luxe ontbijtkoek 450-465 g",
    "category": "Snoep, koek, chips",
    "price": 1.99,
    "promoPrice": 1.99,
    "price_per_unit": 4.28,
    "unit": "KG",
    "image": "https://s7g10.scene7.com/is/image/aldinord/product_1204238_main_cms_3_nl_nl_rijkgevulde_luxe_ontbijtkoek_cw01_2024",
    "beschikbaar": true,
    "promoEnd": "2025-10-12",
    "link": "https://www.aldi.nl/rijkgevulde-luxe-ontbijtkoek-1204238.html"
  },
  {
    "id": "1204175",
    "title": "MENTOS Suikervrije kauwgom 50-75 stuks",
    "category": "Snoep, koek, chips",
    "price": null,
    "promoPrice": null,
    "price_per_unit": null,
    "unit": null,
    "image": "https://s7g10.scene7.com/is/image/aldinord/variant_1204175_2_main_cms_2_nl_nl_suikervrije_kauwgom_cw01_2024",
    "beschikbaar": true,
    "promoEnd": null,
    "link": "https://www.aldi.nl/suikervrije-kauwgom-1204175.html"
  },
  {
    "id": "1204171",
    "title": "MAMA NATURE Biologische Fairtrade thee 25 zakjes",
    "category": "Koffie, thee",
    "price": 2.19,
    "promoPrice": null,
    "price_per_unit": null,
    "unit": null,
    "image": "https://s7g10.scene7.com/is/image/aldinord/variant_1204171_1_main_cms_2_nl_nl_biologische_fairtrade_thee_cw01_2024",
    "beschikbaar": true,
    "promoEnd": null,
    "link": "https://www.aldi.nl/biologische-fairtrade-thee-1204171.html"
  },
  {
    "id": "1204122",
    "title": "KOEKKIE Lange vingers 200 g",
    "category": "Snoep, koek, chips",
    "price": 1.49,
    "promoPrice": null,
    "price_per_unit": 7.45,
    "unit": "KG",
    "image": "https://s7g10.scene7.com/is/image/aldinord/product_1204122_main_cms_2_nl_nl_lange_vingers_cw01_2024",
    "beschikbaar": true,
    "promoEnd": null,
    "link": "https://www.aldi.nl/lange-vingers-1204122.html"
  },
  {
    "id": "1204097",
    "title": "CUCINA NOBILE Lasagnebladen 500 g",
    "category": "Maaltijden, salades",
    "price": 1.69,
    "promoPrice": null,
    "price_per_unit": 3.38,
    "unit": "KG",
    "image": "https://s7g10.scene7.com/is/image/aldinord/product_1204097_main_cms_3_nl_nl_lasagnebladen_cw01_2024",
    "beschikbaar": true,
    "promoEnd": null,
    "link": "https://www.aldi.nl/lasagnebladen-1204097.html"
  },
  {
    "id": "1204076",
    "title": "GOLDEN BRIDGE Fijne volkoren havermout 500 g",
    "category": "Brood, ontbijtgranen",
    "price": 0.74,
    "promoPrice": null,
    "price_per_unit": 1.48,
    "unit": "KG",
    "image": "https://s7g10.scene7.com/is/image/aldinord/variant_1204076_1_main_cms_2_nl_nl_fijne_volkoren_havermout_cw01_2024",
    "beschikbaar": true,
    "promoEnd": null,
    "link": "https://www.aldi.nl/fijne-volkoren-havermout-1204076.html"
  },
  {
    "id": "1204056",
    "title": "BELLASAN Vloeibaar frituurvet 3 l",
    "category": "Maaltijden, salades",
    "price": 8.99,
    "promoPrice": null,
    "price_per_unit": 3.0,
    "unit": "L",
    "image": "https://s7g10.scene7.com/is/image/aldinord/product_1204056_main_cms_5_nl_nl_vloeibaar_frituurvet_cw01_2024",
    "beschikbaar": true,
    "promoEnd": null,
    "link": "https://www.aldi.nl/vloeibaar-frituurvet-1204056.html"
  },
  {
    "id": "1204048",
    "title": "UNA Schuurmiddel 750 ml",
    "category": "Huishouden",
    "price": 1.19,
    "promoPrice": null,
    "price_per_unit": 1.59,
    "unit": "L",
    "image": "https://s7g10.scene7.com/is/image/aldinord/product_1204048_main_cms_2_nl_nl_schuurmiddel_cw01_2024",
    "beschikbaar": true,
    "promoEnd": null,
    "link": "https://www.aldi.nl/schuurmiddel-1204048.html"
  },
  {
    "id": "1204033",
    "title": "PINK LADY Appels 6 stuks",
    "category": "Groente, aardappelen",
    "price": null,
    "promoPrice": null,
    "price_per_unit": null,
    "unit": null,
    "image": "https://s7g10.scene7.com/is/image/aldinord/product_1204033_main_cms_17_nl_nl_appels_cw01_2024",
    "beschikbaar": true,
    "promoEnd": null,
    "link": "https://www.aldi.nl/appels-1204033.html"
  },
  {
    "id": "1204030",
    "title": "Lagarada port 10 jaar oud, Portugal 0.75 l",
    "category": "Frisdrank, sappen",
    "price": 9.99,
    "promoPrice": null,
    "price_per_unit": 13.32,
    "unit": "L",
    "image": "https://s7g10.scene7.com/is/image/aldinord/product_1204030_main_cms_1_nl_nl_lagarada_port_10_jaar_oud_portugal_cw01_2024",
    "beschikbaar": true,
    "promoEnd": null,
    "link": "https://www.aldi.nl/lagarada-port-10-jaar-oud-portugal-1204030.html"
  },
  {
    "id": "1204021",
    "title": "GOLDEN SEAFOOD Ongepelde reuzengarnalen 450 g",
    "category": "Vlees, vis, vega",
    "price": 6.99,
    "promoPrice": null,
    "price_per_unit": 15.53,
    "unit": "KG",
    "image": "https://s7g10.scene7.com/is/image/aldinord/variant_1204021_1_main_cms_1_nl_nl_ongepelde_reuzengarnalen_cw01_2024",
    "beschikbaar": true,
    "promoEnd": null,
    "link": "https://www.aldi.nl/ongepelde-reuzengarnalen-1204021.html"
  },
  {
    "id": "1204016",
    "title": "SAM Speculoos 400 g",
    "category": "Brood, ontbijtgranen",
    "price": 1.89,
    "promoPrice": null,
    "price_per_unit": 4.73,
    "unit": "KG",
    "image": "https://s7g10.scene7.com/is/image/aldinord/product_1204016_main_cms_5_nl_nl_speculoos_cw01_2024",
    "beschikbaar": true,
    "promoEnd": null,
    "link": "https://www.aldi.nl/speculoos-1204016.html"
  },
  {
    "id": "1203992",
    "title": "GIRO Suikerklontjes 1 kg",
    "category": "Brood, ontbijtgranen",
    "price": 1.69,
    "promoPrice": null,
    "price_per_unit": 1.69,
    "unit": "KG",
    "image": "https://s7g10.scene7.com/is/image/aldinord/product_1203992_main_cms_3_nl_nl_suikerklontjes_cw01_2024",
    "beschikbaar": true,
    "promoEnd": null,
    "link": "https://www.aldi.nl/suikerklontjes-1203992.html"
  },
  {
    "id": "1203990",
    "title": "La Capelude Viognier Grenache 0.75 l",
    "category": "Bier, wijn, sterke drank",
    "price": 4.99,
    "promoPrice": null,
    "price_per_unit": 6.65,
    "unit": "L",
    "image": "https://s7g10.scene7.com/is/image/aldinord/product_1203990_main_cms_5_nl_nl_la_capelude_viognier_grenache_cw01_2024",
    "beschikbaar": true,
    "promoEnd": null,
    "link": "https://www.aldi.nl/la-capelude-viognier-grenache-1203990.html"
  },
  {
    "id": "1203933",
    "title": "Grootmoeders gehaktballen Inhoud: 6 stuks, 690 g",
    "category": "Vlees, vis, vega",
    "price": 6.49,
    "promoPrice": null,
    "price_per_unit": null,
    "unit": null,
    "image": "https://s7g10.scene7.com/is/image/aldinord/variant_1203933_1_main_cms_1_nl_nl_grootmoeders_gehaktballen_cw01_2024",
    "beschikbaar": true,
    "promoEnd": null,
    "link": "https://www.aldi.nl/grootmoeders-gehaktballen-1203933.html"
  },
  {
    "id": "1203928",
    "title": "UNA Dikbleek original 750 ml",
    "category": "Huishouden",
    "price": 0.86,
    "promoPrice": null,
    "price_per_unit": 1.15,
    "unit": "L",
    "image": "https://s7g10.scene7.com/is/image/aldinord/variant_1203928_1_main_cms_2_nl_nl_dikbleek_original_cw01_2024",
    "beschikbaar": true,
    "promoEnd": null,
    "link": "https://www.aldi.nl/dikbleek-original-1203928.html"
  },
  {
    "id": "1203925",
    "title": "Gran Livenza Cava Brut piccolo 0.2 l",
    "category": "Huis, tuin en seizoen",
    "price": 1.99,
    "promoPrice": null,
    "price_per_unit": 9.95,
    "unit": "L",
    "image": "https://s7g10.scene7.com/is/image/aldinord/product_1203925_main_cms_2_nl_nl_gran_livenza_cava_brut_piccolo_cw01_2024",
    "beschikbaar": true,
    "promoEnd": null,
    "link": "https://www.aldi.nl/gran-livenza-cava-brut-piccolo-1203925.html"
  },
  {
    "id": "1203912",
    "title": "SNACK FAN Kippenvleugels mild of hot 750 g",
    "category": "Vlees, vis, vega",
    "price": 4.79,
    "promoPrice": null,
    "price_per_unit": 6.39,
    "unit": "KG",
    "image": "https://s7g10.scene7.com/is/image/aldinord/variant_1203912_2_main_cms_2_nl_nl_kippenvleugels_mild_of_hot_cw01_2024",
    "beschikbaar": true,
    "promoEnd": null,
    "link": "https://www.aldi.nl/kippenvleugels-mild-of-hot-1203912.html"
  },
  {
    "id": "1203902",
    "title": "MILSANI Proteïne kwark 180 g",
    "category": "Zuivel, eieren",
    "price": 0.98,
    "promoPrice": null,
    "price_per_unit": 5.44,
    "unit": "KG",
    "image": "https://s7g10.scene7.com/is/image/aldinord/variant_1203902_1_main_cms_2_nl_nl_proteine_kwark_cw01_2024",
    "beschikbaar": true,
    "promoEnd": null,
    "link": "https://www.aldi.nl/protene-kwark-1203902.html"
  },
  {
    "id": "1203866",
    "title": "SUN SNACKS Melba toast 240 g",
    "category": "Snoep, koek, chips",
    "price": 1.55,
    "promoPrice": null,
    "price_per_unit": 6.46,
    "unit": "KG",
    "image": "https://s7g10.scene7.com/is/image/aldinord/product_1203866_main_cms_2_nl_nl_melba_toast_cw01_2024",
    "beschikbaar": true,
    "promoEnd": null,
    "link": "https://www.aldi.nl/melba-toast-1203866.html"
  },
  {
    "id": "1203862",
    "title": "Witte druiven 500 g",
    "category": "Groente, aardappelen",
    "price": 2.45,
    "promoPrice": null,
    "price_per_unit": 4.9,
    "unit": "KG",
    "image": "https://s7g10.scene7.com/is/image/aldinord/product_1203862_main_cms_7_nl_nl_witte_druiven_cw01_2024",
    "beschikbaar": true,
    "promoEnd": null,
    "link": "https://www.aldi.nl/witte-druiven-1203862.html"
  },
  {
    "id": "1203809",
    "title": "WRAPITT Trekbandzakken 10 stuks",
    "category": "Huishouden",
    "price": 1.69,
    "promoPrice": null,
    "price_per_unit": null,
    "unit": null,
    "image": "https://s7g10.scene7.com/is/image/aldinord/product_1203809_main_cms_1_nl_nl_trekbandzakken_cw01_2024",
    "beschikbaar": true,
    "promoEnd": null,
    "link": "https://www.aldi.nl/trekbandzakken-1203809.html"
  },
  {
    "id": "1203792",
    "title": "UNA Tapijtreiniger met borstel 650 ml",
    "category": "Speciaal assortiment",
    "price": 2.99,
    "promoPrice": 2.99,
    "price_per_unit": 4.6,
    "unit": "L",
    "image": "https://s7g10.scene7.com/is/image/aldinord/product_1203792_main_cms_2_nl_nl_tapijtreiniger_met_borstel_cw01_2024",
    "beschikbaar": true,
    "promoEnd": "2025-10-12",
    "link": "https://www.aldi.nl/tapijtreiniger-met-borstel-1203792.html"
  },
  {
    "id": "1203749",
    "title": "POTATO KING Patat frites 2.5 kg",
    "category": "Diepvries",
    "price": 3.89,
    "promoPrice": null,
    "price_per_unit": 1.56,
    "unit": "KG",
    "image": "https://s7g10.scene7.com/is/image/aldinord/product_1203749_main_cms_1_nl_nl_patat_frites_cw01_2024",
    "beschikbaar": true,
    "promoEnd": null,
    "link": "https://www.aldi.nl/patat-frites-1203749.html"
  },
  {
    "id": "1203737",
    "title": "ALL SEASONS Zuurkool naturel 500 g",
    "category": "Groente, aardappelen",
    "price": 0.69,
    "promoPrice": null,
    "price_per_unit": 1.38,
    "unit": "KG",
    "image": "https://s7g10.scene7.com/is/image/aldinord/product_1203737_main_cms_2_nl_nl_zuurkool_naturel_cw01_2024",
    "beschikbaar": true,
    "promoEnd": null,
    "link": "https://www.aldi.nl/zuurkool-naturel-1203737.html"
  },
  {
    "id": "1203733",
    "title": "TRIANGLE PHARMA Maagtabletten 48 stuks",
    "category": "Verzorging, gezondheid",
    "price": 2.99,
    "promoPrice": null,
    "price_per_unit": null,
    "unit": null,
    "image": "https://s7g10.scene7.com/is/image/aldinord/product_1203733_main_cms_3_nl_nl_maagtabletten_cw01_2024",
    "beschikbaar": true,
    "promoEnd": null,
    "link": "https://www.aldi.nl/maagtabletten-1203733.html"
  },
  {
    "id": "1203706",
    "title": "DR. OETKER Ristorante pizza tonijn 355 g",
    "category": "Snoep, koek, chips",
    "price": null,
    "promoPrice": null,
    "price_per_unit": null,
    "unit": null,
    "image": "https://s7g10.scene7.com/is/image/aldinord/variant_1203706_1_main_cms_1_nl_nl_ristorante_pizza_tonijn_cw01_2024",
    "beschikbaar": true,
    "promoEnd": null,
    "link": "https://www.aldi.nl/ristorante-pizza-tonijn-1203706.html"
  },
  {
    "id": "1203650",
    "title": "MY VAY Amandeldrink ongezoet 1 l",
    "category": "Zuivel, eieren",
    "price": 1.49,
    "promoPrice": null,
    "price_per_unit": 1.49,
    "unit": "L",
    "image": "https://s7g10.scene7.com/is/image/aldinord/variant_1203650_1_main_cms_1_nl_nl_amandeldrink_ongezoet_cw01_2024",
    "beschikbaar": true,
    "promoEnd": null,
    "link": "https://www.aldi.nl/amandeldrink-ongezoet-1203650.html"
  },
  {
    "id": "1203605",
    "title": "HEERLIJCK BANKET Gangmakers Inhoud: 8 stuks, 400 g",
    "category": "Snoep, koek, chips",
    "price": 2.79,
    "promoPrice": null,
    "price_per_unit": 6.98,
    "unit": "KG",
    "image": "https://s7g10.scene7.com/is/image/aldinord/product_1203605_main_cms_1_nl_nl_gangmakers_cw01_2024",
    "beschikbaar": true,
    "promoEnd": null,
    "link": "https://www.aldi.nl/gangmakers-1203605.html"
  },
  {
    "id": "1203602",
    "title": "LACURA Shampoo 300 ml",
    "category": "Baby, verzorging",
    "price": 1.89,
    "promoPrice": null,
    "price_per_unit": 6.3,
    "unit": "L",
    "image": "https://s7g10.scene7.com/is/image/aldinord/product_1203602_main_cms_7_nl_nl_shampoo_cw01_2024",
    "beschikbaar": true,
    "promoEnd": null,
    "link": "https://www.aldi.nl/shampoo-1203602.html"
  },
  {
    "id": "1203589",
    "title": "UNA Reinigingsdoekjes 80 stuks",
    "category": "Huishouden",
    "price": 0.79,
    "promoPrice": null,
    "price_per_unit": null,
    "unit": null,
    "image": "https://s7g10.scene7.com/is/image/aldinord/product_1203589_main_cms_5_nl_nl_reinigingsdoekjes_cw01_2024",
    "beschikbaar": true,
    "promoEnd": null,
    "link": "https://www.aldi.nl/reinigingsdoekjes-1203589.html"
  },
  {
    "id": "1203563",
    "title": "ALEXIS kattenvoer maaltijd sea 12x85g 1.02 kg",
    "category": "Huisdieren",
    "price": null,
    "promoPrice": null,
    "price_per_unit": null,
    "unit": null,
    "image": "https://s7g10.scene7.com/is/image/aldinord/product_1203563_main_cms_2_nl_nl_kattenvoer_maaltijd_sea_12x85g_cw01_2024",
    "beschikbaar": true,
    "promoEnd": null,
    "link": "https://www.aldi.nl/kattenvoer-maaltijd-sea-12x85g-1203563.html"
  },
  {
    "id": "1203558",
    "title": "TIME 4 CHOCO! Candy bars 6x50 g",
    "category": "Snoep, koek, chips",
    "price": 2.19,
    "promoPrice": null,
    "price_per_unit": 43.8,
    "unit": "KG",
    "image": "https://s7g10.scene7.com/is/image/aldinord/variant_1203558_3_main_cms_5_nl_nl_candy_bars_cw01_2024",
    "beschikbaar": true,
    "promoEnd": null,
    "link": "https://www.aldi.nl/candy-bars-1203558.html"
  },
  {
    "id": "1203537",
    "title": "FRUITLAND Taartvulling 560 g",
    "category": "Groente, aardappelen",
    "price": 2.99,
    "promoPrice": null,
    "price_per_unit": 5.34,
    "unit": "KG",
    "image": "https://s7g10.scene7.com/is/image/aldinord/product_1203537_main_cms_3_nl_nl_taartvulling_cw01_2024",
    "beschikbaar": true,
    "promoEnd": null,
    "link": "https://www.aldi.nl/taartvulling-1203537.html"
  },
  {
    "id": "1203516",
    "title": "GOUD GEBAKKEN Rijstwafels met zeezout 130 g",
    "category": "Brood, ontbijtgranen",
    "price": 0.55,
    "promoPrice": null,
    "price_per_unit": 4.23,
    "unit": "KG",
    "image": "https://s7g10.scene7.com/is/image/aldinord/product_1203516_main_cms_2_nl_nl_rijstwafels_met_zeezout_cw01_2024",
    "beschikbaar": true,
    "promoEnd": null,
    "link": "https://www.aldi.nl/rijstwafels-met-zeezout-1203516.html"
  },
  {
    "id": "1203508",
    "title": "POTATO KING Kreukelfriet 1.25 kg",
    "category": "Diepvries",
    "price": 2.85,
    "promoPrice": null,
    "price_per_unit": 2.28,
    "unit": "KG",
    "image": "https://s7g10.scene7.com/is/image/aldinord/product_1203508_main_cms_1_nl_nl_kreukelfriet_cw01_2024",
    "beschikbaar": true,
    "promoEnd": null,
    "link": "https://www.aldi.nl/kreukelfriet-1203508.html"
  },
  {
    "id": "1203477",
    "title": "MILSANI 6-pack volle chocolademelk 6 x 200 ml",
    "category": "Zuivel, eieren",
    "price": 1.99,
    "promoPrice": null,
    "price_per_unit": 9.95,
    "unit": "L",
    "image": "https://s7g10.scene7.com/is/image/aldinord/variant_1203477_1_main_cms_1_nl_nl_6_pack_volle_chocolademelk_cw01_2024",
    "beschikbaar": true,
    "promoEnd": null,
    "link": "https://www.aldi.nl/6-pack-volle-chocolademelk-1203477.html"
  },
  {
    "id": "1203474",
    "title": "Spekburgers Inhoud: 2 stuks, 252 g",
    "category": "Vlees, vis, vega",
    "price": 2.99,
    "promoPrice": null,
    "price_per_unit": 11.87,
    "unit": "KG",
    "image": "https://s7g10.scene7.com/is/image/aldinord/variant_1203474_1_main_cms_1_nl_nl_spekburgers_cw01_2024",
    "beschikbaar": true,
    "promoEnd": null,
    "link": "https://www.aldi.nl/spekburgers-1203474.html"
  },
  {
    "id": "1203457",
    "title": "WRAPITT Huisvuilzakken 60 l 20 stuks",
    "category": "Huishouden",
    "price": 1.69,
    "promoPrice": null,
    "price_per_unit": null,
    "unit": null,
    "image": "https://s7g10.scene7.com/is/image/aldinord/product_1203457_main_cms_1_nl_nl_huisvuilzakken_60_l_cw01_2024",
    "beschikbaar": true,
    "promoEnd": null,
    "link": "https://www.aldi.nl/huisvuilzakken-60-l-1203457.html"
  },
  {
    "id": "1203449",
    "title": "LYTTOS Feta 200 g",
    "category": "Zuivel, eieren",
    "price": 2.35,
    "promoPrice": null,
    "price_per_unit": 11.75,
    "unit": "KG",
    "image": "https://s7g10.scene7.com/is/image/aldinord/variant_1203449_1_main_cms_1_nl_nl_feta_cw01_2024",
    "beschikbaar": true,
    "promoEnd": null,
    "link": "https://www.aldi.nl/feta-1203449.html"
  },
  {
    "id": "1203440",
    "title": "Suikerbrood 700 g",
    "category": "Brood, ontbijtgranen",
    "price": 2.49,
    "promoPrice": 2.29,
    "price_per_unit": 3.56,
    "unit": "KG",
    "image": "https://s7g10.scene7.com/is/image/aldinord/product_1203440_main_cms_2_nl_nl_suikerbrood_cw01_2024",
    "beschikbaar": true,
    "promoEnd": "2025-10-19",
    "link": "https://www.aldi.nl/suikerbrood-1203440.html"
  },
  {
    "id": "1203435",
    "title": "Gran Sarone Primitivo Malvasia 0.75 l",
    "category": "Bier, wijn, sterke drank",
    "price": 4.49,
    "promoPrice": null,
    "price_per_unit": 5.99,
    "unit": "L",
    "image": "https://s7g10.scene7.com/is/image/aldinord/product_1203435_main_cms_5_nl_nl_gran_sarone_primitivo_malvasia_cw01_2024",
    "beschikbaar": true,
    "promoEnd": null,
    "link": "https://www.aldi.nl/gran-sarone-primitivo-malvasia-1203435.html"
  },
  {
    "id": "1203414",
    "title": "Rozijnen-krentenbollen 6 stuks",
    "category": "Brood, ontbijtgranen",
    "price": 1.64,
    "promoPrice": null,
    "price_per_unit": null,
    "unit": null,
    "image": "https://s7g10.scene7.com/is/image/aldinord/variant_1203414_1_main_cms_1_nl_nl_rozijnen_krentenbollen_cw01_2024",
    "beschikbaar": true,
    "promoEnd": null,
    "link": "https://www.aldi.nl/rozijnen-krentenbollen-1203414.html"
  },
  {
    "id": "1203403",
    "title": "GOLDEN SEAFOOD Gebakken lekkerbek 250 g",
    "category": "Vlees, vis, vega",
    "price": 3.89,
    "promoPrice": null,
    "price_per_unit": 15.56,
    "unit": "KG",
    "image": "https://s7g10.scene7.com/is/image/aldinord/product_1203403_main_cms_3_nl_nl_gebakken_lekkerbek_cw01_2024",
    "beschikbaar": true,
    "promoEnd": null,
    "link": "https://www.aldi.nl/gebakken-lekkerbek-1203403.html"
  },
  {
    "id": "1203386",
    "title": "Verse worst 500 g",
    "category": "Vlees, vis, vega",
    "price": 3.79,
    "promoPrice": null,
    "price_per_unit": 7.58,
    "unit": "KG",
    "image": "https://s7g10.scene7.com/is/image/aldinord/variant_1203386_1_main_cms_1_nl_nl_verse_worst_cw01_2024",
    "beschikbaar": true,
    "promoEnd": null,
    "link": "https://www.aldi.nl/verse-worst-1203386.html"
  },
  {
    "id": "1203385",
    "title": "Frikandelbroodje Per stuk.",
    "category": "Brood, ontbijtgranen",
    "price": 0.99,
    "promoPrice": 1.5,
    "price_per_unit": null,
    "unit": null,
    "image": "https://s7g10.scene7.com/is/image/aldinord/product_1203385_main_cms_1_nl_nl_frikandelbroodje_cw01_2024",
    "beschikbaar": true,
    "promoEnd": "2025-10-19",
    "link": "https://www.aldi.nl/frikandelbroodje-1203385.html"
  },
  {
    "id": "1203372",
    "title": "GOLDEN SEAFOOD Gebakken kibbeling 250 g",
    "category": "Vlees, vis, vega",
    "price": 3.89,
    "promoPrice": null,
    "price_per_unit": 15.56,
    "unit": "KG",
    "image": "https://s7g10.scene7.com/is/image/aldinord/product_1203372_main_cms_4_nl_nl_gebakken_kibbeling_cw01_2024",
    "beschikbaar": true,
    "promoEnd": null,
    "link": "https://www.aldi.nl/gebakken-kibbeling-1203372.html"
  },
  {
    "id": "1203369",
    "title": "Hollandse kogelbiefstuk Inhoud: 2 stuks, 250 g",
    "category": "Vlees, vis, vega",
    "price": 5.99,
    "promoPrice": null,
    "price_per_unit": 23.96,
    "unit": "KG",
    "image": "https://s7g10.scene7.com/is/image/aldinord/variant_1203369_1_main_cms_2_nl_nl_hollandse_kogelbiefstuk_cw01_2024",
    "beschikbaar": true,
    "promoEnd": null,
    "link": "https://www.aldi.nl/hollandse-kogelbiefstuk-1203369.html"
  },
  {
    "id": "1203364",
    "title": "ELLA Yoghurtplezier met cacaobolletjes 2x135 g",
    "category": "Zuivel, eieren",
    "price": 1.29,
    "promoPrice": null,
    "price_per_unit": 9.56,
    "unit": "KG",
    "image": "https://s7g10.scene7.com/is/image/aldinord/product_1203364_main_cms_5_nl_nl_yoghurtplezier_met_cacaobolletjes_cw01_2024",
    "beschikbaar": true,
    "promoEnd": null,
    "link": "https://www.aldi.nl/yoghurtplezier-met-cacaobolletjes-1203364.html"
  },
  {
    "id": "1203361",
    "title": "Scharrelkipfiletblokjes 600 g",
    "category": "Vlees, vis, vega",
    "price": 7.89,
    "promoPrice": null,
    "price_per_unit": 13.15,
    "unit": "KG",
    "image": "https://s7g10.scene7.com/is/image/aldinord/variant_1203361_1_main_cms_3_nl_nl_scharrelkipfiletblokjes_cw01_2024",
    "beschikbaar": true,
    "promoEnd": null,
    "link": "https://www.aldi.nl/scharrelkipfiletblokjes-1203361.html"
  },
  {
    "id": "1203352",
    "title": "Malbec 0.75 l",
    "category": "Bier, wijn, sterke drank",
    "price": 3.99,
    "promoPrice": null,
    "price_per_unit": 5.32,
    "unit": "L",
    "image": "https://s7g10.scene7.com/is/image/aldinord/product_1203352_main_cms_3_nl_nl_malbec_cw01_2024",
    "beschikbaar": true,
    "promoEnd": null,
    "link": "https://www.aldi.nl/malbec-1203352.html"
  },
  {
    "id": "1203350",
    "title": "Spaanse zwarte of groene olijven 160-170 g",
    "category": "Speciaal assortiment",
    "price": 1.29,
    "promoPrice": null,
    "price_per_unit": 7.59,
    "unit": "KG",
    "image": "https://s7g10.scene7.com/is/image/aldinord/product_1203350_main_cms_4_nl_nl_spaanse_zwarte_of_groene_olijven_cw01_2024",
    "beschikbaar": true,
    "promoEnd": null,
    "link": "https://www.aldi.nl/spaanse-zwarte-of-groene-olijven-1203350.html"
  },
  {
    "id": "1203335",
    "title": "Mooiberg Sauvignon Blanc 0.75 l",
    "category": "Bier, wijn, sterke drank",
    "price": 3.49,
    "promoPrice": null,
    "price_per_unit": 4.65,
    "unit": "L",
    "image": "https://s7g10.scene7.com/is/image/aldinord/product_1203335_main_cms_2_nl_nl_mooiberg_sauvignon_blanc_cw01_2024",
    "beschikbaar": true,
    "promoEnd": null,
    "link": "https://www.aldi.nl/mooiberg-sauvignon-blanc-1203335.html"
  },
  {
    "id": "1203332",
    "title": "DE HETE KETEL Stevige erwtensoep 800 ml",
    "category": "Maaltijden, salades",
    "price": 2.19,
    "promoPrice": null,
    "price_per_unit": 2.74,
    "unit": "L",
    "image": "https://s7g10.scene7.com/is/image/aldinord/product_1203332_main_cms_2_nl_nl_stevige_erwtensoep_cw01_2024",
    "beschikbaar": true,
    "promoEnd": null,
    "link": "https://www.aldi.nl/stevige-erwtensoep-1203332.html"
  },
  {
    "id": "1203323",
    "title": "Bacon 150 g",
    "category": "Vlees, vis, vega",
    "price": 1.99,
    "promoPrice": null,
    "price_per_unit": 13.27,
    "unit": "KG",
    "image": "https://s7g10.scene7.com/is/image/aldinord/variant_1203323_1_main_cms_1_nl_nl_bacon_cw01_2024",
    "beschikbaar": true,
    "promoEnd": null,
    "link": "https://www.aldi.nl/bacon-1203323.html"
  },
  {
    "id": "1203321",
    "title": "ALL SEASONS Bonenschotel 710 g",
    "category": "Groente, aardappelen",
    "price": 2.49,
    "promoPrice": null,
    "price_per_unit": 3.51,
    "unit": "KG",
    "image": "https://s7g10.scene7.com/is/image/aldinord/product_1203321_main_cms_5_nl_nl_bonenschotel_cw01_2024",
    "beschikbaar": true,
    "promoEnd": null,
    "link": "https://www.aldi.nl/bonenschotel-1203321.html"
  },
  {
    "id": "1203273",
    "title": "Boeren volkoren meergranen Half",
    "category": "Brood, ontbijtgranen",
    "price": 0.99,
    "promoPrice": null,
    "price_per_unit": null,
    "unit": null,
    "image": "https://s7g10.scene7.com/is/image/aldinord/variant_1203273_1_main_cms_1_nl_nl_boeren_volkoren_meergranen_cw01_2024",
    "beschikbaar": true,
    "promoEnd": null,
    "link": "https://www.aldi.nl/boeren-volkoren-meergranen-1203273.html"
  },
  {
    "id": "1203259",
    "title": "CUCINA NOBILE Groene of rode pesto 190 g",
    "category": "Maaltijden, salades",
    "price": 1.14,
    "promoPrice": null,
    "price_per_unit": 6.0,
    "unit": "KG",
    "image": "https://s7g10.scene7.com/is/image/aldinord/variant_1203259_2_main_cms_2_nl_nl_groene_of_rode_pesto_cw01_2024",
    "beschikbaar": true,
    "promoEnd": null,
    "link": "https://www.aldi.nl/groene-of-rode-pesto-1203259.html"
  },
  {
    "id": "1203234",
    "title": "DAYLICIOUS Maaltijdsalade grote garnalen 450 g",
    "category": "Maaltijden, salades",
    "price": 3.99,
    "promoPrice": null,
    "price_per_unit": 8.87,
    "unit": "KG",
    "image": "https://s7g10.scene7.com/is/image/aldinord/product_1203234_main_cms_3_nl_nl_maaltijdsalade_grote_garnalen_cw01_2024",
    "beschikbaar": true,
    "promoEnd": null,
    "link": "https://www.aldi.nl/maaltijdsalade-grote-garnalen-1203234.html"
  },
  {
    "id": "1203216",
    "title": "DAYLICIOUS Caesar saladeschotel 285 g",
    "category": "Maaltijden, salades",
    "price": 2.99,
    "promoPrice": null,
    "price_per_unit": 10.49,
    "unit": "KG",
    "image": "https://s7g10.scene7.com/is/image/aldinord/product_1203216_main_cms_3_nl_nl_caesar_saladeschotel_cw01_2024",
    "beschikbaar": true,
    "promoEnd": null,
    "link": "https://www.aldi.nl/caesar-saladeschotel-1203216.html"
  },
  {
    "id": "1203192",
    "title": "Mario Collina Pinot Grigio delle Venezie 0.75 l",
    "category": "Bier, wijn, sterke drank",
    "price": 4.19,
    "promoPrice": null,
    "price_per_unit": 5.59,
    "unit": "L",
    "image": "https://s7g10.scene7.com/is/image/aldinord/product_1203192_main_cms_3_nl_nl_mario_collina_pinot_grigio_delle_venezie_cw01_2024",
    "beschikbaar": true,
    "promoEnd": null,
    "link": "https://www.aldi.nl/mario-collina-pinot-grigio-delle-venezie-1203192.html"
  },
  {
    "id": "1203173",
    "title": "GREENBRIDGE Chardonnay 0.75 l",
    "category": "Bier, wijn, sterke drank",
    "price": 3.99,
    "promoPrice": null,
    "price_per_unit": 5.32,
    "unit": "L",
    "image": "https://s7g10.scene7.com/is/image/aldinord/product_1203173_main_cms_3_nl_nl_chardonnay_cw01_2024",
    "beschikbaar": true,
    "promoEnd": null,
    "link": "https://www.aldi.nl/chardonnay-1203173.html"
  },
  {
    "id": "1203103",
    "title": "WIJKO Satésaus 520 g",
    "category": "Speciaal assortiment",
    "price": 1.99,
    "promoPrice": 1.99,
    "price_per_unit": 3.83,
    "unit": "KG",
    "image": "https://s7g10.scene7.com/is/image/aldinord/product_1203103_main_cms_2_nl_nl_satesaus_cw01_2024",
    "beschikbaar": true,
    "promoEnd": "2025-10-12",
    "link": "https://www.aldi.nl/satsaus-1203103.html"
  },
  {
    "id": "1203093",
    "title": "Meergranen stokbrood Per stuk",
    "category": "Brood, ontbijtgranen",
    "price": 1.09,
    "promoPrice": null,
    "price_per_unit": null,
    "unit": null,
    "image": "https://s7g10.scene7.com/is/image/aldinord/product_1203093_main_cms_3_nl_nl_meergranen_stokbrood_cw01_2024",
    "beschikbaar": true,
    "promoEnd": null,
    "link": "https://www.aldi.nl/meergranen-stokbrood-1203093.html"
  },
  {
    "id": "1203047",
    "title": "SLURPIE 10-pack sinaasappellimonade 10x200 ml",
    "category": "Groente, aardappelen",
    "price": 2.89,
    "promoPrice": null,
    "price_per_unit": 14.45,
    "unit": "L",
    "image": "https://s7g10.scene7.com/is/image/aldinord/variant_1203047_1_main_cms_4_nl_nl_10_pack_sinaasappellimonade_cw01_2024",
    "beschikbaar": true,
    "promoEnd": null,
    "link": "https://www.aldi.nl/10-pack-sinaasappellimonade-1203047.html"
  },
  {
    "id": "1203024",
    "title": "Scharreleieren 12 stuks",
    "category": "Zuivel, eieren",
    "price": 2.95,
    "promoPrice": null,
    "price_per_unit": null,
    "unit": null,
    "image": "https://s7g10.scene7.com/is/image/aldinord/product_1203024_main_cms_2_nl_nl_scharreleieren_cw01_2024",
    "beschikbaar": true,
    "promoEnd": null,
    "link": "https://www.aldi.nl/scharreleieren-1203024.html"
  },
  {
    "id": "1203003",
    "title": "Kruidnoten 1 kg",
    "category": "Speciaal assortiment",
    "price": 2.29,
    "promoPrice": null,
    "price_per_unit": 2.29,
    "unit": "KG",
    "image": "https://s7g10.scene7.com/is/image/aldinord/product_1203003_main_cms_1_nl_nl_kruidnoten_cw01_2024",
    "beschikbaar": true,
    "promoEnd": null,
    "link": "https://www.aldi.nl/kruidnoten-1203003.html"
  },
  {
    "id": "1202944",
    "title": "DAYLICIOUS Verse frites 700 g",
    "category": "Groente, aardappelen",
    "price": 1.69,
    "promoPrice": null,
    "price_per_unit": 2.41,
    "unit": "KG",
    "image": "https://s7g10.scene7.com/is/image/aldinord/product_1202944_main_cms_2_nl_nl_verse_frites_cw01_2024",
    "beschikbaar": true,
    "promoEnd": null,
    "link": "https://www.aldi.nl/verse-frites-1202944.html"
  },
  {
    "id": "1202935",
    "title": "RIVER Kristal helder koolzuurvrij 1.5 l",
    "category": "Frisdrank, sappen",
    "price": 1.49,
    "promoPrice": null,
    "price_per_unit": 0.99,
    "unit": "L",
    "image": "https://s7g10.scene7.com/is/image/aldinord/product_1202935_main_cms_13_nl_nl_kristal_helder_koolzuurvrij_cw01_2024",
    "beschikbaar": true,
    "promoEnd": null,
    "link": "https://www.aldi.nl/kristal-helder-koolzuurvrij-1202935.html"
  },
  {
    "id": "1202929",
    "title": "Ovenfrikandellen Inhoud: 5 stuks, 350 g",
    "category": "Snoep, koek, chips",
    "price": 2.19,
    "promoPrice": null,
    "price_per_unit": 6.26,
    "unit": "KG",
    "image": "https://s7g10.scene7.com/is/image/aldinord/variant_1202929_1_main_cms_1_nl_nl_ovenfrikandellen_cw01_2024",
    "beschikbaar": true,
    "promoEnd": null,
    "link": "https://www.aldi.nl/ovenfrikandellen-1202929.html"
  },
  {
    "id": "1202927",
    "title": "HEERLIJCK BANKET Kokosrochers Inhoud: 10 stuks, 400 g",
    "category": "Snoep, koek, chips",
    "price": 2.49,
    "promoPrice": null,
    "price_per_unit": 6.23,
    "unit": "KG",
    "image": "https://s7g10.scene7.com/is/image/aldinord/product_1202927_main_cms_1_nl_nl_kokosrochers_cw01_2024",
    "beschikbaar": true,
    "promoEnd": null,
    "link": "https://www.aldi.nl/kokosrochers-1202927.html"
  },
  {
    "id": "1202919",
    "title": "EURODONT Tandpasta 125 ml",
    "category": "Baby, verzorging",
    "price": 0.69,
    "promoPrice": null,
    "price_per_unit": 5.52,
    "unit": "L",
    "image": "https://s7g10.scene7.com/is/image/aldinord/variant_1202919_1_main_cms_4_nl_nl_tandpasta_cw01_2024",
    "beschikbaar": true,
    "promoEnd": null,
    "link": "https://www.aldi.nl/tandpasta-1202919.html"
  },
  {
    "id": "1202918",
    "title": "HEERLIJCK BANKET Boerencake 800 g",
    "category": "Snoep, koek, chips",
    "price": 2.89,
    "promoPrice": null,
    "price_per_unit": 3.61,
    "unit": "KG",
    "image": "https://s7g10.scene7.com/is/image/aldinord/product_1202918_main_cms_2_nl_nl_boerencake_cw01_2024",
    "beschikbaar": true,
    "promoEnd": null,
    "link": "https://www.aldi.nl/boerencake-1202918.html"
  },
  {
    "id": "1202915",
    "title": "MUCCI Special cornets 6 stuks",
    "category": "Maaltijden, salades",
    "price": 2.39,
    "promoPrice": null,
    "price_per_unit": 28.12,
    "unit": "L",
    "image": "https://s7g10.scene7.com/is/image/aldinord/variant_1202915_5_main_cms_2_nl_nl_special_cornets_cw01_2024",
    "beschikbaar": true,
    "promoEnd": null,
    "link": "https://www.aldi.nl/special-cornets-1202915.html"
  },
  {
    "id": "1202876",
    "title": "SUN SNACKS Bolognese of cheese-onion chips 250 g",
    "category": "Snoep, koek, chips",
    "price": 1.39,
    "promoPrice": null,
    "price_per_unit": 5.56,
    "unit": "KG",
    "image": "https://s7g10.scene7.com/is/image/aldinord/product_1202876_main_cms_6_nl_nl_bolognese_of_cheese_onion_chips_cw01_2024",
    "beschikbaar": true,
    "promoEnd": null,
    "link": "https://www.aldi.nl/bolognese-of-cheese-onion-chips-1202876.html"
  },
  {
    "id": "1202868",
    "title": "MILSANI Roomyoghurt 500 g",
    "category": "Zuivel, eieren",
    "price": 1.89,
    "promoPrice": null,
    "price_per_unit": 3.78,
    "unit": "KG",
    "image": "https://s7g10.scene7.com/is/image/aldinord/product_1202868_main_cms_6_nl_nl_roomyoghurt_cw01_2024",
    "beschikbaar": true,
    "promoEnd": null,
    "link": "https://www.aldi.nl/roomyoghurt-1202868.html"
  },
  {
    "id": "1202852",
    "title": "CHOCEUR Choco melkreepjes Inhoud: 11 stuks, 200 g",
    "category": "Snoep, koek, chips",
    "price": 2.19,
    "promoPrice": 1.99,
    "price_per_unit": 10.95,
    "unit": "KG",
    "image": "https://s7g10.scene7.com/is/image/aldinord/product_1202852_main_cms_3_nl_nl_choco_melkreepjes_cw01_2024",
    "beschikbaar": true,
    "promoEnd": "2025-10-19",
    "link": "https://www.aldi.nl/choco-melkreepjes-1202852.html"
  },
  {
    "id": "1202822",
    "title": "Gegrilde kipfilet 150 g",
    "category": "Vlees, vis, vega",
    "price": 2.36,
    "promoPrice": null,
    "price_per_unit": 15.73,
    "unit": "KG",
    "image": "https://s7g10.scene7.com/is/image/aldinord/product_1202822_main_cms_4_nl_nl_gegrilde_kipfilet_cw01_2024",
    "beschikbaar": true,
    "promoEnd": null,
    "link": "https://www.aldi.nl/gegrilde-kipfilet-1202822.html"
  },
  {
    "id": "1202804",
    "title": "Scharrelkippenvleugels 1 kg",
    "category": "Vlees, vis, vega",
    "price": 6.89,
    "promoPrice": null,
    "price_per_unit": 6.89,
    "unit": "KG",
    "image": "https://s7g10.scene7.com/is/image/aldinord/variant_1202804_1_main_cms_2_nl_nl_scharrelkippenvleugels_cw01_2024",
    "beschikbaar": true,
    "promoEnd": null,
    "link": "https://www.aldi.nl/scharrelkippenvleugels-1202804.html"
  },
  {
    "id": "1202802",
    "title": "Reuze rozijnenbollen 4 stuks",
    "category": "Brood, ontbijtgranen",
    "price": 2.19,
    "promoPrice": null,
    "price_per_unit": null,
    "unit": null,
    "image": "https://s7g10.scene7.com/is/image/aldinord/variant_1202802_1_main_cms_3_nl_nl_reuze_rozijnenbollen_cw01_2024",
    "beschikbaar": true,
    "promoEnd": null,
    "link": "https://www.aldi.nl/reuze-rozijnenbollen-1202802.html"
  },
  {
    "id": "1202799",
    "title": "WRAPITT Trekbandzakken 15 stuks",
    "category": "Huishouden",
    "price": 1.49,
    "promoPrice": null,
    "price_per_unit": null,
    "unit": null,
    "image": "https://s7g10.scene7.com/is/image/aldinord/product_1202799_main_cms_1_nl_nl_trekbandzakken_cw01_2024",
    "beschikbaar": true,
    "promoEnd": null,
    "link": "https://www.aldi.nl/trekbandzakken-1202799.html"
  },
  {
    "id": "1202738",
    "title": "ORIENTAL DELIGHT Nasi goreng 1 kg",
    "category": "Maaltijden, salades",
    "price": 3.99,
    "promoPrice": null,
    "price_per_unit": 3.99,
    "unit": "KG",
    "image": "https://s7g10.scene7.com/is/image/aldinord/product_1202738_main_cms_1_nl_nl_nasi_goreng_cw01_2024",
    "beschikbaar": true,
    "promoEnd": null,
    "link": "https://www.aldi.nl/nasi-goreng-1202738.html"
  },
  {
    "id": "1202719",
    "title": "QUICK BITE Sandwich bacon-ei of spicy chicken 165-175 g",
    "category": "Maaltijden, salades",
    "price": 2.99,
    "promoPrice": null,
    "price_per_unit": 17.09,
    "unit": "KG",
    "image": "https://s7g10.scene7.com/is/image/aldinord/product_1202719_main_cms_3_nl_nl_sandwich_bacon_ei_of_spicy_chicken_cw01_2024",
    "beschikbaar": true,
    "promoEnd": null,
    "link": "https://www.aldi.nl/sandwich-bacon-ei-of-spicy-chicken-1202719.html"
  },
  {
    "id": "1202710",
    "title": "ROI DE TREFFLE Père Michel 200 g",
    "category": "Zuivel, eieren",
    "price": 2.79,
    "promoPrice": null,
    "price_per_unit": 13.95,
    "unit": "KG",
    "image": "https://s7g10.scene7.com/is/image/aldinord/variant_1202710_1_main_cms_1_nl_nl_pere_michel_cw01_2024",
    "beschikbaar": true,
    "promoEnd": null,
    "link": "https://www.aldi.nl/pre-michel-1202710.html"
  },
  {
    "id": "1202682",
    "title": "Botersla op kluit Per stuk",
    "category": "Groente, aardappelen",
    "price": 0.79,
    "promoPrice": null,
    "price_per_unit": null,
    "unit": null,
    "image": "https://s7g10.scene7.com/is/image/aldinord/product_1202682_main_cms_3_nl_nl_botersla_op_kluit_cw01_2024",
    "beschikbaar": true,
    "promoEnd": null,
    "link": "https://www.aldi.nl/botersla-op-kluit-1202682.html"
  },
  {
    "id": "1202643",
    "title": "TASTY PLANET Chicken tikka masala 750 g",
    "category": "Snoep, koek, chips",
    "price": 4.99,
    "promoPrice": null,
    "price_per_unit": null,
    "unit": null,
    "image": "https://s7g10.scene7.com/is/image/aldinord/product_1202643_main_cms_2_nl_nl_chicken_tikka_masala_cw01_2024",
    "beschikbaar": true,
    "promoEnd": null,
    "link": "https://www.aldi.nl/chicken-tikka-masala-1202643.html"
  },
  {
    "id": "1202638",
    "title": "BUONA TERRA Zongedroogde tomaten 280 ml",
    "category": "Groente, aardappelen",
    "price": 1.69,
    "promoPrice": null,
    "price_per_unit": 6.04,
    "unit": "L",
    "image": "https://s7g10.scene7.com/is/image/aldinord/product_1202638_main_cms_2_nl_nl_zongedroogde_tomaten_cw01_2024",
    "beschikbaar": true,
    "promoEnd": null,
    "link": "https://www.aldi.nl/zongedroogde-tomaten-1202638.html"
  },
  {
    "id": "1202632",
    "title": "Goudreinet appels 1.5 kg",
    "category": "Groente, aardappelen",
    "price": 2.49,
    "promoPrice": null,
    "price_per_unit": 1.66,
    "unit": "KG",
    "image": "https://s7g10.scene7.com/is/image/aldinord/product_1202632_main_cms_3_nl_nl_goudreinet_appels_cw01_2024",
    "beschikbaar": true,
    "promoEnd": null,
    "link": "https://www.aldi.nl/goudreinet-appels-1202632.html"
  },
  {
    "id": "1202582",
    "title": "MILSANI Slagroom 250 ml",
    "category": "Zuivel, eieren",
    "price": 1.48,
    "promoPrice": null,
    "price_per_unit": 5.92,
    "unit": "L",
    "image": "https://s7g10.scene7.com/is/image/aldinord/variant_1202582_1_main_cms_2_nl_nl_slagroom_cw01_2024",
    "beschikbaar": true,
    "promoEnd": null,
    "link": "https://www.aldi.nl/slagroom-1202582.html"
  },
  {
    "id": "1202556",
    "title": "Gegrilde beenham 150 g",
    "category": "Vlees, vis, vega",
    "price": 1.99,
    "promoPrice": null,
    "price_per_unit": 13.27,
    "unit": "KG",
    "image": "https://s7g10.scene7.com/is/image/aldinord/product_1202556_main_cms_5_nl_nl_gegrilde_beenham_cw01_2024",
    "beschikbaar": true,
    "promoEnd": null,
    "link": "https://www.aldi.nl/gegrilde-beenham-1202556.html"
  },
  {
    "id": "1202542",
    "title": "SUN SNACKS Tortillachips 200 g",
    "category": "Snoep, koek, chips",
    "price": 0.77,
    "promoPrice": null,
    "price_per_unit": 3.85,
    "unit": "KG",
    "image": "https://s7g10.scene7.com/is/image/aldinord/product_1202542_main_cms_8_nl_nl_tortillachips_cw01_2024",
    "beschikbaar": true,
    "promoEnd": null,
    "link": "https://www.aldi.nl/tortillachips-1202542.html"
  },
  {
    "id": "1202540",
    "title": "Montepulciano d'Abruzzo 0.75 l",
    "category": "Bier, wijn, sterke drank",
    "price": 3.89,
    "promoPrice": null,
    "price_per_unit": 5.19,
    "unit": "L",
    "image": "https://s7g10.scene7.com/is/image/aldinord/product_1202540_main_cms_3_nl_nl_montepulciano_d_abruzzo_cw01_2024",
    "beschikbaar": true,
    "promoEnd": null,
    "link": "https://www.aldi.nl/montepulciano-dabruzzo-1202540.html"
  },
  {
    "id": "1202539",
    "title": "Pecanbroodje Per stuk",
    "category": "Snoep, koek, chips",
    "price": 0.69,
    "promoPrice": null,
    "price_per_unit": null,
    "unit": null,
    "image": "https://s7g10.scene7.com/is/image/aldinord/product_1202539_main_cms_14_nl_nl_pecanbroodje_cw01_2024",
    "beschikbaar": true,
    "promoEnd": null,
    "link": "https://www.aldi.nl/pecanbroodje-1202539.html"
  },
  {
    "id": "1202532",
    "title": "Chocolade kruidnoten 250 g",
    "category": "Speciaal assortiment",
    "price": 2.79,
    "promoPrice": null,
    "price_per_unit": 11.16,
    "unit": "KG",
    "image": "https://s7g10.scene7.com/is/image/aldinord/product_1202532_main_cms_4_nl_nl_chocolade_kruidnoten_cw01_2024",
    "beschikbaar": true,
    "promoEnd": null,
    "link": "https://www.aldi.nl/chocolade-kruidnoten-1202532.html"
  },
  {
    "id": "1202519",
    "title": "LACURA 3-pack lippenbalsem 3-pack",
    "category": "Baby, verzorging",
    "price": 1.95,
    "promoPrice": null,
    "price_per_unit": null,
    "unit": null,
    "image": "https://s7g10.scene7.com/is/image/aldinord/variant_1202519_4_main_cms_4_nl_nl_3_pack_lippenbalsem_cw01_2024",
    "beschikbaar": true,
    "promoEnd": null,
    "link": "https://www.aldi.nl/3-pack-lippenbalsem-1202519.html"
  },
  {
    "id": "1202473",
    "title": "DELICIOUS HOME Croissantdeeg Inhoud: 6 stuks, 340 g",
    "category": "Brood, ontbijtgranen",
    "price": 1.55,
    "promoPrice": null,
    "price_per_unit": 4.56,
    "unit": "KG",
    "image": "https://s7g10.scene7.com/is/image/aldinord/product_1202473_main_cms_1_nl_nl_croissantdeeg_cw01_2024",
    "beschikbaar": true,
    "promoEnd": null,
    "link": "https://www.aldi.nl/croissantdeeg-1202473.html"
  },
  {
    "id": "1202467",
    "title": "CHOCEUR Milk Mouse 210 g",
    "category": "Snoep, koek, chips",
    "price": 2.99,
    "promoPrice": null,
    "price_per_unit": 14.24,
    "unit": "KG",
    "image": "https://s7g10.scene7.com/is/image/aldinord/product_1202467_main_cms_3_nl_nl_milk_mouse_cw01_2024",
    "beschikbaar": true,
    "promoEnd": null,
    "link": "https://www.aldi.nl/milk-mouse-1202467.html"
  },
  {
    "id": "1202463",
    "title": "RIO D'ORO Duodrank sinaasappel-perzik 1 l",
    "category": "Groente, aardappelen",
    "price": 1.59,
    "promoPrice": null,
    "price_per_unit": 1.59,
    "unit": "L",
    "image": "https://s7g10.scene7.com/is/image/aldinord/product_1202463_main_cms_2_nl_nl_duodrank_sinaasappel_perzik_cw01_2024",
    "beschikbaar": true,
    "promoEnd": null,
    "link": "https://www.aldi.nl/duodrank-sinaasappel-perzik-1202463.html"
  },
  {
    "id": "1202461",
    "title": "SNACK FAN Rundvleeskroketten Inhoud: 12 stuks, 840 g",
    "category": "Snoep, koek, chips",
    "price": 3.95,
    "promoPrice": null,
    "price_per_unit": 4.7,
    "unit": "KG",
    "image": "https://s7g10.scene7.com/is/image/aldinord/variant_1202461_1_main_cms_2_nl_nl_rundvleeskroketten_cw01_2024",
    "beschikbaar": true,
    "promoEnd": null,
    "link": "https://www.aldi.nl/rundvleeskroketten-1202461.html"
  },
  {
    "id": "1202427",
    "title": "ASIA GREEN GARDEN Chilisaus 700 ml",
    "category": "Maaltijden, salades",
    "price": 1.39,
    "promoPrice": null,
    "price_per_unit": 1.99,
    "unit": "L",
    "image": "https://s7g10.scene7.com/is/image/aldinord/product_1202427_main_cms_6_nl_nl_chilisaus_cw01_2024",
    "beschikbaar": true,
    "promoEnd": null,
    "link": "https://www.aldi.nl/chilisaus-1202427.html"
  },
  {
    "id": "1202397",
    "title": "LACURA MEN Aftershave 100 ml",
    "category": "Baby, verzorging",
    "price": 3.79,
    "promoPrice": null,
    "price_per_unit": 37.9,
    "unit": "L",
    "image": "https://s7g10.scene7.com/is/image/aldinord/variant_1202397_1_main_cms_2_nl_nl_aftershave_cw01_2024",
    "beschikbaar": true,
    "promoEnd": null,
    "link": "https://www.aldi.nl/aftershave-1202397.html"
  },
  {
    "id": "1202382",
    "title": "Ardenner boterhamworst 150 g",
    "category": "Vlees, vis, vega",
    "price": 1.49,
    "promoPrice": null,
    "price_per_unit": 9.93,
    "unit": "KG",
    "image": "https://s7g10.scene7.com/is/image/aldinord/product_1202382_main_cms_1_nl_nl_ardenner_boterhamworst_cw01_2024",
    "beschikbaar": true,
    "promoEnd": null,
    "link": "https://www.aldi.nl/ardenner-boterhamworst-1202382.html"
  },
  {
    "id": "1202379",
    "title": "Rode wijn krachtig 1 l",
    "category": "Bier, wijn, sterke drank",
    "price": 3.99,
    "promoPrice": null,
    "price_per_unit": 3.99,
    "unit": "L",
    "image": "https://s7g10.scene7.com/is/image/aldinord/product_1202379_main_cms_3_nl_nl_rode_wijn_krachtig_cw01_2024",
    "beschikbaar": true,
    "promoEnd": null,
    "link": "https://www.aldi.nl/rode-wijn-krachtig-1202379.html"
  },
  {
    "id": "1202374",
    "title": "POTATO KING Rösti-rondjes 1 kg",
    "category": "Diepvries",
    "price": 2.29,
    "promoPrice": null,
    "price_per_unit": 2.29,
    "unit": "KG",
    "image": "https://s7g10.scene7.com/is/image/aldinord/product_1202374_main_cms_1_nl_nl_rosti_rondjes_cw01_2024",
    "beschikbaar": true,
    "promoEnd": null,
    "link": "https://www.aldi.nl/rsti-rondjes-1202374.html"
  },
  {
    "id": "1202363",
    "title": "MILSANI Koffieroom 10% vet 200 ml",
    "category": "Zuivel, eieren",
    "price": 0.75,
    "promoPrice": null,
    "price_per_unit": 3.75,
    "unit": "L",
    "image": "https://s7g10.scene7.com/is/image/aldinord/variant_1202363_1_main_cms_1_nl_nl_koffieroom_10_vet_cw01_2024",
    "beschikbaar": true,
    "promoEnd": null,
    "link": "https://www.aldi.nl/koffieroom-10-vet-1202363.html"
  },
  {
    "id": "1202352",
    "title": "TRIANGLE PHARMA Neusspray zoutoplossing 15 ml",
    "category": "Verzorging, gezondheid",
    "price": 2.49,
    "promoPrice": null,
    "price_per_unit": 166.0,
    "unit": "L",
    "image": "https://s7g10.scene7.com/is/image/aldinord/product_1202352_main_cms_2_nl_nl_neusspray_zoutoplossing_cw01_2024",
    "beschikbaar": true,
    "promoEnd": null,
    "link": "https://www.aldi.nl/neusspray-zoutoplossing-1202352.html"
  },
  {
    "id": "1202329",
    "title": "HEERLIJCK BANKET Reuze mergpijpen Inhoud: 6 stuks, 350 g",
    "category": "Snoep, koek, chips",
    "price": 1.69,
    "promoPrice": null,
    "price_per_unit": 4.83,
    "unit": "KG",
    "image": "https://s7g10.scene7.com/is/image/aldinord/product_1202329_main_cms_2_nl_nl_reuze_mergpijpen_cw01_2024",
    "beschikbaar": true,
    "promoEnd": null,
    "link": "https://www.aldi.nl/reuze-mergpijpen-1202329.html"
  },
  {
    "id": "1202311",
    "title": "HEERLIJCK BANKET Gevulde cakerol 300 g",
    "category": "Snoep, koek, chips",
    "price": 1.35,
    "promoPrice": null,
    "price_per_unit": 4.5,
    "unit": "KG",
    "image": "https://s7g10.scene7.com/is/image/aldinord/variant_1202311_2_main_cms_2_nl_nl_gevulde_cakerol_cw01_2024",
    "beschikbaar": true,
    "promoEnd": null,
    "link": "https://www.aldi.nl/gevulde-cakerol-1202311.html"
  },
  {
    "id": "1202279",
    "title": "GOLDEN SEAFOOD Tonijn in olijfolie 160 g",
    "category": "Vlees, vis, vega",
    "price": 1.89,
    "promoPrice": null,
    "price_per_unit": 11.81,
    "unit": "KG",
    "image": "https://s7g10.scene7.com/is/image/aldinord/product_1202279_main_cms_4_nl_nl_tonijn_in_olijfolie_cw01_2024",
    "beschikbaar": true,
    "promoEnd": null,
    "link": "https://www.aldi.nl/tonijn-in-olijfolie-1202279.html"
  },
  {
    "id": "1202272",
    "title": "Shoarmareepjes 900 g",
    "category": "Vlees, vis, vega",
    "price": 7.49,
    "promoPrice": null,
    "price_per_unit": 8.32,
    "unit": "KG",
    "image": "https://s7g10.scene7.com/is/image/aldinord/variant_1202272_1_main_cms_1_nl_nl_shoarmareepjes_cw01_2024",
    "beschikbaar": true,
    "promoEnd": null,
    "link": "https://www.aldi.nl/shoarmareepjes-1202272.html"
  },
  {
    "id": "1202255",
    "title": "Shoarma 450 g",
    "category": "Vlees, vis, vega",
    "price": 4.49,
    "promoPrice": null,
    "price_per_unit": 9.98,
    "unit": "KG",
    "image": "https://s7g10.scene7.com/is/image/aldinord/product_1202255_main_cms_3_nl_nl_shoarma_cw01_2024",
    "beschikbaar": true,
    "promoEnd": null,
    "link": "https://www.aldi.nl/shoarma-1202255.html"
  },
  {
    "id": "1202254",
    "title": "LUCKY CAT Kattenvoer brokjes in gelei 12x100 g",
    "category": "Huisdieren",
    "price": null,
    "promoPrice": null,
    "price_per_unit": null,
    "unit": null,
    "image": "https://s7g10.scene7.com/is/image/aldinord/product_1202254_main_cms_2_nl_nl_kattenvoer_brokjes_in_gelei_cw01_2024",
    "beschikbaar": true,
    "promoEnd": null,
    "link": "https://www.aldi.nl/kattenvoer-brokjes-in-gelei-1202254.html"
  },
  {
    "id": "1202248",
    "title": "Marsepeinbrood 175 g",
    "category": "Speciaal assortiment",
    "price": 1.89,
    "promoPrice": null,
    "price_per_unit": 10.8,
    "unit": "KG",
    "image": "https://s7g10.scene7.com/is/image/aldinord/product_1202248_main_cms_2_nl_nl_marsepeinbrood_cw01_2024",
    "beschikbaar": true,
    "promoEnd": null,
    "link": "https://www.aldi.nl/marsepeinbrood-1202248.html"
  },
  {
    "id": "1202173",
    "title": "MAMA MANCINI Steenovenpizza Margherita 3 stuks",
    "category": "Snoep, koek, chips",
    "price": 3.49,
    "promoPrice": null,
    "price_per_unit": null,
    "unit": null,
    "image": "https://s7g10.scene7.com/is/image/aldinord/variant_1202173_1_main_cms_2_nl_nl_steenovenpizza_margherita_cw01_2024",
    "beschikbaar": true,
    "promoEnd": null,
    "link": "https://www.aldi.nl/steenovenpizza-margherita-1202173.html"
  },
  {
    "id": "1202158",
    "title": "Kipspiesjes 190 g",
    "category": "Vlees, vis, vega",
    "price": 3.49,
    "promoPrice": null,
    "price_per_unit": 18.37,
    "unit": "KG",
    "image": "https://s7g10.scene7.com/is/image/aldinord/variant_1202158_1_main_cms_1_nl_nl_kipspiesjes_cw01_2024",
    "beschikbaar": true,
    "promoEnd": null,
    "link": "https://www.aldi.nl/kipspiesjes-1202158.html"
  },
  {
    "id": "1202129",
    "title": "SPA 6-pack Spa reine 6x1.5 l",
    "category": "Frisdrank, sappen",
    "price": null,
    "promoPrice": null,
    "price_per_unit": null,
    "unit": null,
    "image": "https://s7g10.scene7.com/is/image/aldinord/product_1202129_main_cms_1_nl_nl_6_pack_spa_reine_cw01_2024",
    "beschikbaar": true,
    "promoEnd": null,
    "link": "https://www.aldi.nl/6-pack-spa-reine-1202129.html"
  },
  {
    "id": "1202124",
    "title": "Geitenkaasschijfjes honing Inhoud: 12 stuks, 200 g",
    "category": "Zuivel, eieren",
    "price": 2.09,
    "promoPrice": null,
    "price_per_unit": 10.45,
    "unit": "KG",
    "image": "https://s7g10.scene7.com/is/image/aldinord/variant_1202124_2_main_cms_4_nl_nl_geitenkaasschijfjes_honing_cw01_2024",
    "beschikbaar": true,
    "promoEnd": null,
    "link": "https://www.aldi.nl/geitenkaasschijfjes-honing-1202124.html"
  },
  {
    "id": "1202113",
    "title": "RIO D'ORO Bloedsinaasappelsap 1 l",
    "category": "Groente, aardappelen",
    "price": 2.69,
    "promoPrice": null,
    "price_per_unit": null,
    "unit": null,
    "image": "https://s7g10.scene7.com/is/image/aldinord/product_1202113_main_cms_3_nl_nl_bloedsinaasappelsap_cw01_2024",
    "beschikbaar": true,
    "promoEnd": null,
    "link": "https://www.aldi.nl/bloedsinaasappelsap-1202113.html"
  },
  {
    "id": "1202090",
    "title": "SUN SNACKS Chips naturel 250 g",
    "category": "Snoep, koek, chips",
    "price": 0.99,
    "promoPrice": null,
    "price_per_unit": 3.96,
    "unit": "KG",
    "image": "https://s7g10.scene7.com/is/image/aldinord/variant_1202090_1_main_cms_2_nl_nl_chips_naturel_cw01_2024",
    "beschikbaar": true,
    "promoEnd": null,
    "link": "https://www.aldi.nl/chips-naturel-1202090.html"
  },
  {
    "id": "1202086",
    "title": "Kikkers & muizen Ca. 13 stuks",
    "category": "Speciaal assortiment",
    "price": 1.79,
    "promoPrice": null,
    "price_per_unit": null,
    "unit": null,
    "image": "https://s7g10.scene7.com/is/image/aldinord/product_1202086_main_cms_1_nl_nl_kikkers_muizen_cw01_2024",
    "beschikbaar": true,
    "promoEnd": null,
    "link": "https://www.aldi.nl/kikkers-muizen-1202086.html"
  },
  {
    "id": "1202079",
    "title": "MUCCI Softijscups 185 ml",
    "category": "Maaltijden, salades",
    "price": 1.29,
    "promoPrice": null,
    "price_per_unit": 6.97,
    "unit": "L",
    "image": "https://s7g10.scene7.com/is/image/aldinord/product_1202079_main_cms_5_nl_nl_softijscups_cw01_2024",
    "beschikbaar": true,
    "promoEnd": null,
    "link": "https://www.aldi.nl/softijscups-1202079.html"
  },
  {
    "id": "1202065",
    "title": "SUN SNACKS Paprikachips 250 g",
    "category": "Snoep, koek, chips",
    "price": 0.81,
    "promoPrice": null,
    "price_per_unit": 3.24,
    "unit": "KG",
    "image": "https://s7g10.scene7.com/is/image/aldinord/product_1202065_main_cms_4_nl_nl_paprikachips_cw01_2024",
    "beschikbaar": true,
    "promoEnd": null,
    "link": "https://www.aldi.nl/paprikachips-1202065.html"
  },
  {
    "id": "1202053",
    "title": "DAYLICIOUS Roerbakmix champignon 400 g",
    "category": "Groente, aardappelen",
    "price": 1.99,
    "promoPrice": null,
    "price_per_unit": 4.98,
    "unit": "KG",
    "image": "https://s7g10.scene7.com/is/image/aldinord/product_1202053_main_cms_3_nl_nl_roerbakmix_champignon_cw01_2024",
    "beschikbaar": true,
    "promoEnd": null,
    "link": "https://www.aldi.nl/roerbakmix-champignon-1202053.html"
  },
  {
    "id": "1202046",
    "title": "Krokante scharrelkipschnitzels 220 g",
    "category": "Vlees, vis, vega",
    "price": 2.59,
    "promoPrice": null,
    "price_per_unit": 11.77,
    "unit": "KG",
    "image": "https://s7g10.scene7.com/is/image/aldinord/variant_1202046_1_main_cms_1_nl_nl_krokante_scharrelkipschnitzels_cw01_2024",
    "beschikbaar": true,
    "promoEnd": null,
    "link": "https://www.aldi.nl/krokante-scharrelkipschnitzels-1202046.html"
  },
  {
    "id": "1202038",
    "title": "Scharrelkipdrumsticks 1 kg",
    "category": "Vlees, vis, vega",
    "price": 6.19,
    "promoPrice": null,
    "price_per_unit": 6.19,
    "unit": "KG",
    "image": "https://s7g10.scene7.com/is/image/aldinord/variant_1202038_1_main_cms_1_nl_nl_scharrelkipdrumsticks_cw01_2024",
    "beschikbaar": true,
    "promoEnd": null,
    "link": "https://www.aldi.nl/scharrelkipdrumsticks-1202038.html"
  },
  {
    "id": "1202017",
    "title": "Magere rauwe ham 150 g",
    "category": "Vlees, vis, vega",
    "price": 2.59,
    "promoPrice": null,
    "price_per_unit": 17.27,
    "unit": "KG",
    "image": "https://s7g10.scene7.com/is/image/aldinord/variant_1202017_1_main_cms_1_nl_nl_magere_rauwe_ham_cw01_2024",
    "beschikbaar": true,
    "promoEnd": null,
    "link": "https://www.aldi.nl/magere-rauwe-ham-1202017.html"
  },
  {
    "id": "1201989",
    "title": "Chocoladeletter 75 g",
    "category": "Speciaal assortiment",
    "price": 1.49,
    "promoPrice": null,
    "price_per_unit": 19.87,
    "unit": "KG",
    "image": "https://s7g10.scene7.com/is/image/aldinord/product_1201989_main_cms_4_nl_nl_chocoladeletter_cw01_2024",
    "beschikbaar": true,
    "promoEnd": null,
    "link": "https://www.aldi.nl/chocoladeletter-1201989.html"
  },
  {
    "id": "1201986",
    "title": "KIEKEBOE Chocoladevlokken melk of puur 300 g",
    "category": "Brood, ontbijtgranen",
    "price": 2.45,
    "promoPrice": null,
    "price_per_unit": 8.17,
    "unit": "KG",
    "image": "https://s7g10.scene7.com/is/image/aldinord/product_1201986_main_cms_5_nl_nl_chocoladevlokken_melk_of_puur_cw01_2024",
    "beschikbaar": true,
    "promoEnd": null,
    "link": "https://www.aldi.nl/chocoladevlokken-melk-of-puur-1201986.html"
  },
  {
    "id": "1201967",
    "title": "Little gem 2-pack",
    "category": "Groente, aardappelen",
    "price": 1.15,
    "promoPrice": null,
    "price_per_unit": null,
    "unit": null,
    "image": "https://s7g10.scene7.com/is/image/aldinord/product_1201967_main_cms_1_nl_nl_little_gem_cw01_2024",
    "beschikbaar": true,
    "promoEnd": null,
    "link": "https://www.aldi.nl/little-gem-1201967.html"
  },
  {
    "id": "1201963",
    "title": "MY VAY Vega kaasschnitzels Inhoud: 2 stuks, 200 g",
    "category": "Vlees, vis, vega",
    "price": 1.59,
    "promoPrice": null,
    "price_per_unit": 7.95,
    "unit": "KG",
    "image": "https://s7g10.scene7.com/is/image/aldinord/variant_1201963_1_main_cms_2_nl_nl_vega_kaasschnitzels_cw01_2024",
    "beschikbaar": true,
    "promoEnd": null,
    "link": "https://www.aldi.nl/vega-kaasschnitzels-1201963.html"
  },
  {
    "id": "1201958",
    "title": "BONROYAAL Pralines 300 g",
    "category": "Snoep, koek, chips",
    "price": 3.29,
    "promoPrice": null,
    "price_per_unit": 10.97,
    "unit": "KG",
    "image": "https://s7g10.scene7.com/is/image/aldinord/product_1201958_main_cms_1_nl_nl_pralines_cw01_2024",
    "beschikbaar": true,
    "promoEnd": null,
    "link": "https://www.aldi.nl/pralines-1201958.html"
  },
  {
    "id": "1201951",
    "title": "CHOCEUR Chocolade zeevruchten 250 g",
    "category": "Snoep, koek, chips",
    "price": 2.89,
    "promoPrice": null,
    "price_per_unit": 11.56,
    "unit": "KG",
    "image": "https://s7g10.scene7.com/is/image/aldinord/product_1201951_main_cms_2_nl_nl_chocolade_zeevruchten_cw01_2024",
    "beschikbaar": true,
    "promoEnd": null,
    "link": "https://www.aldi.nl/chocolade-zeevruchten-1201951.html"
  },
  {
    "id": "1201948",
    "title": "GOLDEN SEAFOOD Roerbakgarnalen knoflook 400 g",
    "category": "Vlees, vis, vega",
    "price": 7.99,
    "promoPrice": null,
    "price_per_unit": 19.98,
    "unit": "KG",
    "image": "https://s7g10.scene7.com/is/image/aldinord/product_1201948_main_cms_2_nl_nl_roerbakgarnalen_knoflook_cw01_2024",
    "beschikbaar": true,
    "promoEnd": null,
    "link": "https://www.aldi.nl/roerbakgarnalen-knoflook-1201948.html"
  },
  {
    "id": "1201934",
    "title": "Mager rundergehakt 500 g",
    "category": "Vlees, vis, vega",
    "price": 6.29,
    "promoPrice": null,
    "price_per_unit": 12.58,
    "unit": "KG",
    "image": "https://s7g10.scene7.com/is/image/aldinord/variant_1201934_1_main_cms_1_nl_nl_mager_rundergehakt_cw01_2024",
    "beschikbaar": true,
    "promoEnd": null,
    "link": "https://www.aldi.nl/mager-rundergehakt-1201934.html"
  },
  {
    "id": "1201920",
    "title": "Snack cacao Inhoud: 10 stuks, 350 g",
    "category": "Snoep, koek, chips",
    "price": 2.49,
    "promoPrice": null,
    "price_per_unit": 7.11,
    "unit": "KG",
    "image": "https://s7g10.scene7.com/is/image/aldinord/product_1201920_main_cms_2_nl_nl_snack_cacao_cw01_2024",
    "beschikbaar": true,
    "promoEnd": null,
    "link": "https://www.aldi.nl/snack-cacao-1201920.html"
  },
  {
    "id": "1201906",
    "title": "Kaasbroodje Per stuk",
    "category": "Snoep, koek, chips",
    "price": 0.99,
    "promoPrice": null,
    "price_per_unit": null,
    "unit": null,
    "image": "https://s7g10.scene7.com/is/image/aldinord/product_1201906_main_cms_1_nl_nl_kaasbroodje_cw01_2024",
    "beschikbaar": true,
    "promoEnd": null,
    "link": "https://www.aldi.nl/kaasbroodje-1201906.html"
  },
  {
    "id": "1201887",
    "title": "Hummus naturel 200 g",
    "category": "Speciaal assortiment",
    "price": 0.89,
    "promoPrice": 0.89,
    "price_per_unit": 4.45,
    "unit": "KG",
    "image": "https://s7g10.scene7.com/is/image/aldinord/variant_1201887_1_main_cms_2_nl_nl_hummus_naturel_cw01_2024",
    "beschikbaar": true,
    "promoEnd": "2025-10-12",
    "link": "https://www.aldi.nl/hummus-naturel-1201887.html"
  },
  {
    "id": "1201844",
    "title": "GT MOBILE Cadeaukaart €20 Per stuk",
    "category": "Speciaal assortiment",
    "price": 20,
    "promoPrice": null,
    "price_per_unit": null,
    "unit": null,
    "image": "https://s7g10.scene7.com/is/image/aldinord/product_1201844_main_cms_1_nl_nl_cadeaukaart_20_euro_cw01_2024",
    "beschikbaar": true,
    "promoEnd": null,
    "link": "https://www.aldi.nl/cadeaukaart-20-1201844.html"
  },
  {
    "id": "1201825",
    "title": "Avocado's 700 g",
    "category": "Groente, aardappelen",
    "price": 2.99,
    "promoPrice": null,
    "price_per_unit": null,
    "unit": null,
    "image": "https://s7g10.scene7.com/is/image/aldinord/product_1201825_main_cms_1_nl_nl_avocado_s_cw01_2024",
    "beschikbaar": true,
    "promoEnd": null,
    "link": "https://www.aldi.nl/avocados-1201825.html"
  },
  {
    "id": "1201782",
    "title": "Cranberry-, peper- of roompaté 150 g",
    "category": "Vlees, vis, vega",
    "price": 1.49,
    "promoPrice": null,
    "price_per_unit": 9.93,
    "unit": "KG",
    "image": "https://s7g10.scene7.com/is/image/aldinord/product_1201782_main_cms_5_nl_nl_cranberry_peper_of_roompate_cw01_2024",
    "beschikbaar": true,
    "promoEnd": null,
    "link": "https://www.aldi.nl/cranberry-peper-of-roompat-1201782.html"
  },
  {
    "id": "1201778",
    "title": "Boerenham 150 g",
    "category": "Vlees, vis, vega",
    "price": 1.99,
    "promoPrice": null,
    "price_per_unit": 13.27,
    "unit": "KG",
    "image": "https://s7g10.scene7.com/is/image/aldinord/variant_1201778_1_main_cms_1_nl_nl_boerenham_cw01_2024",
    "beschikbaar": true,
    "promoEnd": null,
    "link": "https://www.aldi.nl/boerenham-1201778.html"
  },
  {
    "id": "1201774",
    "title": "Hummus 200 g",
    "category": "Maaltijden, salades",
    "price": 0.89,
    "promoPrice": 0.89,
    "price_per_unit": 4.45,
    "unit": "KG",
    "image": "https://s7g10.scene7.com/is/image/aldinord/product_1201774_main_cms_6_nl_nl_hummus_cw01_2024",
    "beschikbaar": true,
    "promoEnd": "2025-10-12",
    "link": "https://www.aldi.nl/hummus-1201774.html"
  },
  {
    "id": "1201763",
    "title": "MUCCI IJsstam vanille 650 ml",
    "category": "Maaltijden, salades",
    "price": 1.49,
    "promoPrice": null,
    "price_per_unit": 2.29,
    "unit": "L",
    "image": "https://s7g10.scene7.com/is/image/aldinord/variant_1201763_1_main_cms_2_nl_nl_ijsstam_vanille_cw01_2024",
    "beschikbaar": true,
    "promoEnd": null,
    "link": "https://www.aldi.nl/ijsstam-vanille-1201763.html"
  },
  {
    "id": "1201744",
    "title": "Krokante chocomix 300 g",
    "category": "Speciaal assortiment",
    "price": 2.39,
    "promoPrice": null,
    "price_per_unit": 7.97,
    "unit": "KG",
    "image": "https://s7g10.scene7.com/is/image/aldinord/product_1201744_main_cms_1_nl_nl_krokante_chocomix_cw01_2024",
    "beschikbaar": true,
    "promoEnd": null,
    "link": "https://www.aldi.nl/krokante-chocomix-1201744.html"
  },
  {
    "id": "1201742",
    "title": "ALBONA Maïszetmeel 400 g",
    "category": "Brood, ontbijtgranen",
    "price": 1.49,
    "promoPrice": null,
    "price_per_unit": 3.73,
    "unit": "KG",
    "image": "https://s7g10.scene7.com/is/image/aldinord/product_1201742_main_cms_2_nl_nl_maiszetmeel_cw01_2024",
    "beschikbaar": true,
    "promoEnd": null,
    "link": "https://www.aldi.nl/maszetmeel-1201742.html"
  },
  {
    "id": "1201713",
    "title": "CHOCEUR Choco & biscuit Inhoud: 9 stuks, 300 g",
    "category": "Snoep, koek, chips",
    "price": 3.29,
    "promoPrice": 2.99,
    "price_per_unit": 10.97,
    "unit": "KG",
    "image": "https://s7g10.scene7.com/is/image/aldinord/product_1201713_main_cms_3_nl_nl_choco_biscuit_cw01_2024",
    "beschikbaar": true,
    "promoEnd": "2025-10-19",
    "link": "https://www.aldi.nl/choco-biscuit-1201713.html"
  },
  {
    "id": "1201712",
    "title": "Leverworst 500 g",
    "category": "Vlees, vis, vega",
    "price": 1.49,
    "promoPrice": null,
    "price_per_unit": 2.98,
    "unit": "KG",
    "image": "https://s7g10.scene7.com/is/image/aldinord/product_1201712_main_cms_7_nl_nl_leverworst_cw01_2024",
    "beschikbaar": true,
    "promoEnd": null,
    "link": "https://www.aldi.nl/leverworst-1201712.html"
  },
  {
    "id": "1201709",
    "title": "MAMA MANCINI Pizza funghi of quattro formaggi Inhoud: 2 stuks, 680 g",
    "category": "Snoep, koek, chips",
    "price": 3.99,
    "promoPrice": null,
    "price_per_unit": 5.87,
    "unit": "KG",
    "image": "https://s7g10.scene7.com/is/image/aldinord/variant_1201709_1_main_cms_1_nl_nl_pizza_funghi_of_quattro_formaggi_cw01_2024",
    "beschikbaar": true,
    "promoEnd": null,
    "link": "https://www.aldi.nl/pizza-funghi-of-quattro-formaggi-1201709.html"
  },
  {
    "id": "1201691",
    "title": "GOLDEN SEAFOOD Cocktailgarnalen 400 g",
    "category": "Vlees, vis, vega",
    "price": 5.99,
    "promoPrice": null,
    "price_per_unit": 14.98,
    "unit": "KG",
    "image": "https://s7g10.scene7.com/is/image/aldinord/variant_1201691_1_main_cms_1_nl_nl_cocktailgarnalen_cw01_2024",
    "beschikbaar": true,
    "promoEnd": null,
    "link": "https://www.aldi.nl/cocktailgarnalen-1201691.html"
  },
  {
    "id": "1201684",
    "title": "DE VLEESMEESTERS Ossenhaas tournedos Inhoud: 2 stuks, 280 g",
    "category": "Vlees, vis, vega",
    "price": 9.99,
    "promoPrice": null,
    "price_per_unit": 35.68,
    "unit": "KG",
    "image": "https://s7g10.scene7.com/is/image/aldinord/variant_1201684_1_main_cms_1_nl_nl_ossenhaas_tournedos_cw01_2024",
    "beschikbaar": true,
    "promoEnd": null,
    "link": "https://www.aldi.nl/ossenhaas-tournedos-1201684.html"
  },
  {
    "id": "1201679",
    "title": "ELLA Halfvolle romige kwark 450 g",
    "category": "Zuivel, eieren",
    "price": 1.49,
    "promoPrice": null,
    "price_per_unit": 3.31,
    "unit": "KG",
    "image": "https://s7g10.scene7.com/is/image/aldinord/product_1201679_main_cms_7_nl_nl_halfvolle_romige_kwark_cw01_2024",
    "beschikbaar": true,
    "promoEnd": null,
    "link": "https://www.aldi.nl/halfvolle-romige-kwark-1201679.html"
  },
  {
    "id": "1201676",
    "title": "Gehaktballen kant-en-klaar 400 g",
    "category": "Vlees, vis, vega",
    "price": 2.89,
    "promoPrice": null,
    "price_per_unit": 7.23,
    "unit": "KG",
    "image": "https://s7g10.scene7.com/is/image/aldinord/product_1201676_main_cms_1_nl_nl_gehaktballen_kant_en_klaar_cw01_2024",
    "beschikbaar": true,
    "promoEnd": null,
    "link": "https://www.aldi.nl/gehaktballen-kant-en-klaar-1201676.html"
  },
  {
    "id": "1201674",
    "title": "FRITT Kauwbonbons 70 g",
    "category": "Snoep, koek, chips",
    "price": 0.79,
    "promoPrice": null,
    "price_per_unit": 11.29,
    "unit": "KG",
    "image": "https://s7g10.scene7.com/is/image/aldinord/product_1201674_main_cms_7_nl_nl_kauwbonbons_cw01_2024",
    "beschikbaar": true,
    "promoEnd": null,
    "link": "https://www.aldi.nl/kauwbonbons-1201674.html"
  },
  {
    "id": "1201673",
    "title": "Adega de Pegões rood 0.75 l",
    "category": "Bier, wijn, sterke drank",
    "price": 3.99,
    "promoPrice": null,
    "price_per_unit": 5.32,
    "unit": "L",
    "image": "https://s7g10.scene7.com/is/image/aldinord/product_1201673_main_cms_4_nl_nl_adega_de_pegoes_rood_cw01_2024",
    "beschikbaar": true,
    "promoEnd": null,
    "link": "https://www.aldi.nl/adega-de-peges-rood-1201673.html"
  },
  {
    "id": "1201666",
    "title": "DROPMAKERS Suikervrije drop 100 g",
    "category": "Snoep, koek, chips",
    "price": 1.29,
    "promoPrice": null,
    "price_per_unit": 12.9,
    "unit": "KG",
    "image": "https://s7g10.scene7.com/is/image/aldinord/product_1201666_main_cms_4_nl_nl_suikervrije_drop_cw01_2024",
    "beschikbaar": true,
    "promoEnd": null,
    "link": "https://www.aldi.nl/suikervrije-drop-1201666.html"
  },
  {
    "id": "1201649",
    "title": "Gegrilde kipfilet met tuinkruiden 150 g",
    "category": "Vlees, vis, vega",
    "price": 2.69,
    "promoPrice": null,
    "price_per_unit": 17.93,
    "unit": "KG",
    "image": "https://s7g10.scene7.com/is/image/aldinord/variant_1201649_1_main_cms_1_nl_nl_gegrilde_kipfilet_met_tuinkruiden_cw01_2024",
    "beschikbaar": true,
    "promoEnd": null,
    "link": "https://www.aldi.nl/gegrilde-kipfilet-met-tuinkruiden-1201649.html"
  },
  {
    "id": "1201618",
    "title": "HEERLIJCK BANKET Stroopwafels Inhoud: 12 stuks, 480 g",
    "category": "Snoep, koek, chips",
    "price": 2.31,
    "promoPrice": null,
    "price_per_unit": 4.81,
    "unit": "KG",
    "image": "https://s7g10.scene7.com/is/image/aldinord/product_1201618_main_cms_3_nl_nl_stroopwafels_cw01_2024",
    "beschikbaar": true,
    "promoEnd": null,
    "link": "https://www.aldi.nl/stroopwafels-1201618.html"
  },
  {
    "id": "1201612",
    "title": "Filet Americain 150 g",
    "category": "Vlees, vis, vega",
    "price": 1.99,
    "promoPrice": null,
    "price_per_unit": 13.27,
    "unit": "KG",
    "image": "https://s7g10.scene7.com/is/image/aldinord/variant_1201612_1_main_cms_4_nl_nl_filet_americain_cw01_2024",
    "beschikbaar": true,
    "promoEnd": null,
    "link": "https://www.aldi.nl/filet-americain-1201612.html"
  },
  {
    "id": "1201601",
    "title": "EURODONT Kindertandpasta 100 ml",
    "category": "Baby, verzorging",
    "price": 0.79,
    "promoPrice": null,
    "price_per_unit": 7.9,
    "unit": "L",
    "image": "https://s7g10.scene7.com/is/image/aldinord/product_1201601_main_cms_4_nl_nl_kindertandpasta_cw01_2024",
    "beschikbaar": true,
    "promoEnd": null,
    "link": "https://www.aldi.nl/kindertandpasta-1201601.html"
  },
  {
    "id": "1201585",
    "title": "PARTY GEBAK Slagroomsoesjes Inhoud: ca. 27 stuks, 400 g",
    "category": "Brood, ontbijtgranen",
    "price": 2.29,
    "promoPrice": null,
    "price_per_unit": null,
    "unit": null,
    "image": "https://s7g10.scene7.com/is/image/aldinord/variant_1201585_1_main_cms_2_nl_nl_slagroomsoesjes_cw01_2024",
    "beschikbaar": true,
    "promoEnd": null,
    "link": "https://www.aldi.nl/slagroomsoesjes-1201585.html"
  },
  {
    "id": "1201573",
    "title": "Glühwein 1 l",
    "category": "Huis, tuin en seizoen",
    "price": 2.79,
    "promoPrice": null,
    "price_per_unit": null,
    "unit": null,
    "image": "https://s7g10.scene7.com/is/image/aldinord/product_1201573_main_cms_1_nl_nl_gluhwein_cw01_2024",
    "beschikbaar": true,
    "promoEnd": null,
    "link": "https://www.aldi.nl/glhwein-1201573.html"
  },
  {
    "id": "1201568",
    "title": "CARISTA 6-pack cerveza extra 6x33 cl",
    "category": "Bier, wijn, sterke drank",
    "price": 4.99,
    "promoPrice": null,
    "price_per_unit": 15.12,
    "unit": "L",
    "image": "https://s7g10.scene7.com/is/image/aldinord/product_1201568_main_cms_9_nl_nl_6_pack_cerveza_extra_cw01_2024",
    "beschikbaar": true,
    "promoEnd": null,
    "link": "https://www.aldi.nl/6-pack-cerveza-extra-1201568.html"
  },
  {
    "id": "1201558",
    "title": "UNA Vaatwastabs classic 100 tabs",
    "category": "Speciaal assortiment",
    "price": 5.69,
    "promoPrice": 5.69,
    "price_per_unit": null,
    "unit": null,
    "image": "https://s7g10.scene7.com/is/image/aldinord/product_1201558_main_cms_3_nl_nl_vaatwastabs_classic_cw01_2024",
    "beschikbaar": true,
    "promoEnd": "2025-10-12",
    "link": "https://www.aldi.nl/vaatwastabs-classic-1201558.html"
  },
  {
    "id": "1201547",
    "title": "MUCCI Waterijslollies 10 stuks",
    "category": "Maaltijden, salades",
    "price": 1.29,
    "promoPrice": null,
    "price_per_unit": null,
    "unit": null,
    "image": "https://s7g10.scene7.com/is/image/aldinord/product_1201547_main_cms_3_nl_nl_waterijslollies_cw01_2024",
    "beschikbaar": true,
    "promoEnd": null,
    "link": "https://www.aldi.nl/waterijslollies-1201547.html"
  },
  {
    "id": "1201527",
    "title": "ALL SEASONS Bruine bonen 340 g",
    "category": "Groente, aardappelen",
    "price": 0.85,
    "promoPrice": null,
    "price_per_unit": 2.5,
    "unit": "KG",
    "image": "https://s7g10.scene7.com/is/image/aldinord/product_1201527_main_cms_3_nl_nl_bruine_bonen_cw01_2024",
    "beschikbaar": true,
    "promoEnd": null,
    "link": "https://www.aldi.nl/bruine-bonen-1201527.html"
  },
  {
    "id": "1201513",
    "title": "Jonkersdal Merlot 0.75 l",
    "category": "Bier, wijn, sterke drank",
    "price": 4.29,
    "promoPrice": null,
    "price_per_unit": 5.72,
    "unit": "L",
    "image": "https://s7g10.scene7.com/is/image/aldinord/product_1201513_main_cms_4_nl_nl_jonkersdal_merlot_cw01_2024",
    "beschikbaar": true,
    "promoEnd": null,
    "link": "https://www.aldi.nl/jonkersdal-merlot-1201513.html"
  },
  {
    "id": "1201511",
    "title": "Witte kaiserbroodjes 10 stuks",
    "category": "Brood, ontbijtgranen",
    "price": 1.99,
    "promoPrice": null,
    "price_per_unit": null,
    "unit": null,
    "image": "https://s7g10.scene7.com/is/image/aldinord/product_1201511_main_cms_3_nl_nl_witte_kaiserbroodjes_cw01_2024",
    "beschikbaar": true,
    "promoEnd": null,
    "link": "https://www.aldi.nl/witte-kaiserbroodjes-1201511.html"
  },
  {
    "id": "1201500",
    "title": "Gember 100 g",
    "category": "Groente, aardappelen",
    "price": 5.99,
    "promoPrice": 0.49,
    "price_per_unit": null,
    "unit": null,
    "image": "https://s7g10.scene7.com/is/image/aldinord/product_1201500_main_cms_8_nl_nl_gember_cw01_2024",
    "beschikbaar": true,
    "promoEnd": "2025-10-19",
    "link": "https://www.aldi.nl/gember-1201500.html"
  },
  {
    "id": "1201486",
    "title": "GOLDEN SEAFOOD Makreelfilets in olie 125 g",
    "category": "Vlees, vis, vega",
    "price": 1.39,
    "promoPrice": null,
    "price_per_unit": 11.12,
    "unit": "KG",
    "image": "https://s7g10.scene7.com/is/image/aldinord/product_1201486_main_cms_1_nl_nl_makreelfilets_in_olie_cw01_2024",
    "beschikbaar": true,
    "promoEnd": null,
    "link": "https://www.aldi.nl/makreelfilets-in-olie-1201486.html"
  },
  {
    "id": "1201477",
    "title": "QUELLBRUNN 6-pack bruisend smaakwater citroen 6x0.5 l",
    "category": "Frisdrank, sappen",
    "price": 2.85,
    "promoPrice": null,
    "price_per_unit": 5.7,
    "unit": "L",
    "image": "https://s7g10.scene7.com/is/image/aldinord/product_1201477_main_cms_4_nl_nl_6_pack_bruisend_smaakwater_citroen_cw01_2024",
    "beschikbaar": true,
    "promoEnd": null,
    "link": "https://www.aldi.nl/6-pack-bruisend-smaakwater-citroen-1201477.html"
  },
  {
    "id": "1201465",
    "title": "GOLDEN SEAFOOD Gepelde gamba's 225 g",
    "category": "Vlees, vis, vega",
    "price": 3.99,
    "promoPrice": null,
    "price_per_unit": null,
    "unit": null,
    "image": "https://s7g10.scene7.com/is/image/aldinord/product_1201465_main_cms_2_nl_nl_gepelde_gamba_s_cw01_2024",
    "beschikbaar": true,
    "promoEnd": null,
    "link": "https://www.aldi.nl/gepelde-gambas-1201465.html"
  },
  {
    "id": "1201456",
    "title": "Hollandse rode bessen 250 g",
    "category": "Groente, aardappelen",
    "price": 2.99,
    "promoPrice": null,
    "price_per_unit": 11.96,
    "unit": "KG",
    "image": "https://s7g10.scene7.com/is/image/aldinord/product_1201456_main_cms_6_nl_nl_hollandse_rode_bessen_cw01_2024",
    "beschikbaar": true,
    "promoEnd": null,
    "link": "https://www.aldi.nl/hollandse-rode-bessen-1201456.html"
  },
  {
    "id": "1201453",
    "title": "Amaryllismix Per stuk",
    "category": "Speciaal assortiment",
    "price": 2.69,
    "promoPrice": 2.69,
    "price_per_unit": null,
    "unit": null,
    "image": "https://s7g10.scene7.com/is/image/aldinord/product_1201453_main_cms_7_nl_nl_amaryllismix_cw01_2024",
    "beschikbaar": true,
    "promoEnd": "2025-10-19",
    "link": "https://www.aldi.nl/amaryllismix-1201453.html"
  },
  {
    "id": "1201451",
    "title": "GOLDEN SEAFOOD Sardines in zonnebloemolie 120 g",
    "category": "Vlees, vis, vega",
    "price": 1.49,
    "promoPrice": null,
    "price_per_unit": 12.42,
    "unit": "KG",
    "image": "https://s7g10.scene7.com/is/image/aldinord/product_1201451_main_cms_2_nl_nl_sardines_in_zonnebloemolie_cw01_2024",
    "beschikbaar": true,
    "promoEnd": null,
    "link": "https://www.aldi.nl/sardines-in-zonnebloemolie-1201451.html"
  },
  {
    "id": "1201420",
    "title": "GOLDEN SEAFOOD Roze zalm 212 g",
    "category": "Vlees, vis, vega",
    "price": 3.19,
    "promoPrice": null,
    "price_per_unit": 15.05,
    "unit": "KG",
    "image": "https://s7g10.scene7.com/is/image/aldinord/product_1201420_main_cms_2_nl_nl_roze_zalm_cw01_2024",
    "beschikbaar": true,
    "promoEnd": null,
    "link": "https://www.aldi.nl/roze-zalm-1201420.html"
  },
  {
    "id": "1201412",
    "title": "KIEKEBOE Vruchtenhagel 400 g",
    "category": "Brood, ontbijtgranen",
    "price": 1.32,
    "promoPrice": null,
    "price_per_unit": 3.3,
    "unit": "KG",
    "image": "https://s7g10.scene7.com/is/image/aldinord/variant_1201412_1_main_cms_1_nl_nl_vruchtenhagel_cw01_2024",
    "beschikbaar": true,
    "promoEnd": null,
    "link": "https://www.aldi.nl/vruchtenhagel-1201412.html"
  },
  {
    "id": "1201391",
    "title": "SNOEPFABRIEK Winegums 500 g",
    "category": "Snoep, koek, chips",
    "price": 2.39,
    "promoPrice": null,
    "price_per_unit": 4.78,
    "unit": "KG",
    "image": "https://s7g10.scene7.com/is/image/aldinord/product_1201391_main_cms_2_nl_nl_winegums_cw01_2024",
    "beschikbaar": true,
    "promoEnd": null,
    "link": "https://www.aldi.nl/winegums-1201391.html"
  },
  {
    "id": "1201377",
    "title": "GOLDEN SEAFOOD Haringfilets in tomatensaus 200 g",
    "category": "Vlees, vis, vega",
    "price": 1.19,
    "promoPrice": null,
    "price_per_unit": 5.95,
    "unit": "KG",
    "image": "https://s7g10.scene7.com/is/image/aldinord/variant_1201377_3_main_cms_1_nl_nl_haringfilets_in_tomatensaus_cw01_2024",
    "beschikbaar": true,
    "promoEnd": null,
    "link": "https://www.aldi.nl/haringfilets-in-tomatensaus-1201377.html"
  },
  {
    "id": "1201371",
    "title": "DE SNOEPFABRIEK Tumtum 300 g",
    "category": "Snoep, koek, chips",
    "price": 1.69,
    "promoPrice": null,
    "price_per_unit": 5.63,
    "unit": "KG",
    "image": "https://s7g10.scene7.com/is/image/aldinord/product_1201371_main_cms_2_nl_nl_tumtum_cw01_2024",
    "beschikbaar": true,
    "promoEnd": null,
    "link": "https://www.aldi.nl/tumtum-1201371.html"
  },
  {
    "id": "1201306",
    "title": "FRUIT FRIS Vruchtenmix-siroop 750 ml",
    "category": "Groente, aardappelen",
    "price": 2.49,
    "promoPrice": null,
    "price_per_unit": 3.32,
    "unit": "L",
    "image": "https://s7g10.scene7.com/is/image/aldinord/variant_1201306_1_main_cms_2_nl_nl_vruchtenmix_siroop_cw01_2024",
    "beschikbaar": true,
    "promoEnd": null,
    "link": "https://www.aldi.nl/vruchtenmix-siroop-1201306.html"
  },
  {
    "id": "1201275",
    "title": "RIVER Tropical fruits 1.5 l",
    "category": "Groente, aardappelen",
    "price": 1.49,
    "promoPrice": null,
    "price_per_unit": 0.99,
    "unit": "L",
    "image": "https://s7g10.scene7.com/is/image/aldinord/product_1201275_main_cms_7_nl_nl_tropical_fruits_cw01_2024",
    "beschikbaar": true,
    "promoEnd": null,
    "link": "https://www.aldi.nl/tropical-fruits-1201275.html"
  },
  {
    "id": "1201267",
    "title": "Twix 7-pack",
    "category": "Snoep, koek, chips",
    "price": 3.85,
    "promoPrice": null,
    "price_per_unit": null,
    "unit": null,
    "image": "https://s7g10.scene7.com/is/image/aldinord/product_1201267_main_cms_1_nl_nl_twix_cw01_2024",
    "beschikbaar": true,
    "promoEnd": null,
    "link": "https://www.aldi.nl/twix-1201267.html"
  },
  {
    "id": "1201226",
    "title": "POTATO KING Aardappelpartjes 1 kg",
    "category": "Diepvries",
    "price": 1.99,
    "promoPrice": null,
    "price_per_unit": 1.99,
    "unit": "KG",
    "image": "https://s7g10.scene7.com/is/image/aldinord/product_1201226_main_cms_1_nl_nl_aardappelpartjes_cw01_2024",
    "beschikbaar": true,
    "promoEnd": null,
    "link": "https://www.aldi.nl/aardappelpartjes-1201226.html"
  },
  {
    "id": "1201222",
    "title": "WRAPITT Pedaalemmerzakken 30 stuks",
    "category": "Huishouden",
    "price": 0.77,
    "promoPrice": null,
    "price_per_unit": null,
    "unit": null,
    "image": "https://s7g10.scene7.com/is/image/aldinord/product_1201222_main_cms_1_nl_nl_pedaalemmerzakken_cw01_2024",
    "beschikbaar": true,
    "promoEnd": null,
    "link": "https://www.aldi.nl/pedaalemmerzakken-1201222.html"
  },
  {
    "id": "1201191",
    "title": "LAY'S Sensations Thai sweet chili 150 g",
    "category": "Snoep, koek, chips",
    "price": null,
    "promoPrice": null,
    "price_per_unit": null,
    "unit": null,
    "image": "https://s7g10.scene7.com/is/image/aldinord/product_1201191_main_cms_1_nl_nl_sensations_thai_sweet_chili_cw01_2024",
    "beschikbaar": true,
    "promoEnd": null,
    "link": "https://www.aldi.nl/sensations-thai-sweet-chili-1201191.html"
  },
  {
    "id": "1201175",
    "title": "SNOEPFABRIEK Snoepmix 400 g",
    "category": "Snoep, koek, chips",
    "price": 1.99,
    "promoPrice": null,
    "price_per_unit": 4.98,
    "unit": "KG",
    "image": "https://s7g10.scene7.com/is/image/aldinord/variant_1201175_1_main_cms_1_nl_nl_snoepmix_cw01_2024",
    "beschikbaar": true,
    "promoEnd": null,
    "link": "https://www.aldi.nl/snoepmix-1201175.html"
  },
  {
    "id": "1201156",
    "title": "DE SNOEPFABRIEK Dropfruit duo's 500 g",
    "category": "Snoep, koek, chips",
    "price": 2.49,
    "promoPrice": null,
    "price_per_unit": 4.98,
    "unit": "KG",
    "image": "https://s7g10.scene7.com/is/image/aldinord/product_1201156_main_cms_1_nl_nl_dropfruit_duo_s_cw01_2024",
    "beschikbaar": true,
    "promoEnd": null,
    "link": "https://www.aldi.nl/dropfruit-duos-1201156.html"
  },
  {
    "id": "1201153",
    "title": "DOLCE GUSTO Koffiecups latte macchiato 16 cups",
    "category": "Koffie, thee",
    "price": null,
    "promoPrice": null,
    "price_per_unit": null,
    "unit": null,
    "image": "https://s7g10.scene7.com/is/image/aldinord/product_1201153_main_cms_4_nl_nl_koffiecups_latte_macchiato_cw01_2024",
    "beschikbaar": true,
    "promoEnd": null,
    "link": "https://www.aldi.nl/koffiecups-latte-macchiato-1201153.html"
  },
  {
    "id": "1201073",
    "title": "DAYLICIOUS Geschrapte worteltjes 500 g",
    "category": "Groente, aardappelen",
    "price": 0.99,
    "promoPrice": null,
    "price_per_unit": 1.98,
    "unit": "KG",
    "image": "https://s7g10.scene7.com/is/image/aldinord/product_1201073_main_cms_5_nl_nl_geschrapte_worteltjes_cw01_2024",
    "beschikbaar": true,
    "promoEnd": null,
    "link": "https://www.aldi.nl/geschrapte-worteltjes-1201073.html"
  },
  {
    "id": "1201029",
    "title": "GOLDEN BRIDGE Fruit & notenrepen 3 x 35-50 g",
    "category": "Brood, ontbijtgranen",
    "price": 2.49,
    "promoPrice": null,
    "price_per_unit": 49.8,
    "unit": "KG",
    "image": "https://s7g10.scene7.com/is/image/aldinord/product_1201029_main_cms_7_nl_nl_fruit_notenrepen_cw01_2024",
    "beschikbaar": true,
    "promoEnd": null,
    "link": "https://www.aldi.nl/fruit-notenrepen-1201029.html"
  },
  {
    "id": "1201023",
    "title": "GROLSCH 6-pack herfstbok 6x33 cl.",
    "category": "Speciaal assortiment",
    "price": 5.99,
    "promoPrice": 5.99,
    "price_per_unit": null,
    "unit": null,
    "image": "https://s7g10.scene7.com/is/image/aldinord/product_1201023_main_cms_1_nl_nl_6_pack_herfstbok_cw01_2024",
    "beschikbaar": true,
    "promoEnd": "2025-10-12",
    "link": "https://www.aldi.nl/6-pack-herfstbok-1201023.html"
  },
  {
    "id": "1200981",
    "title": "LACURA SKIN Nachtcrème 50 ml",
    "category": "Baby, verzorging",
    "price": 2.49,
    "promoPrice": null,
    "price_per_unit": 49.8,
    "unit": "L",
    "image": "https://s7g10.scene7.com/is/image/aldinord/product_1200981_main_cms_7_nl_nl_nachtcreme_cw01_2024",
    "beschikbaar": true,
    "promoEnd": null,
    "link": "https://www.aldi.nl/nachtcrme-1200981.html"
  },
  {
    "id": "1200972",
    "title": "LACURA SKIN Dagcrème 50 ml",
    "category": "Baby, verzorging",
    "price": 2.49,
    "promoPrice": null,
    "price_per_unit": 49.8,
    "unit": "L",
    "image": "https://s7g10.scene7.com/is/image/aldinord/variant_1200972_2_main_cms_2_nl_nl_dagcreme_cw01_2024",
    "beschikbaar": true,
    "promoEnd": null,
    "link": "https://www.aldi.nl/dagcrme-1200972.html"
  },
  {
    "id": "1200946",
    "title": "KOEK&BAKKER Ontbijtkoek naturel 550 g",
    "category": "Brood, ontbijtgranen",
    "price": 1.18,
    "promoPrice": null,
    "price_per_unit": 2.15,
    "unit": "KG",
    "image": "https://s7g10.scene7.com/is/image/aldinord/variant_1200946_1_main_cms_2_nl_nl_ontbijtkoek_naturel_cw01_2024",
    "beschikbaar": true,
    "promoEnd": null,
    "link": "https://www.aldi.nl/ontbijtkoek-naturel-1200946.html"
  },
  {
    "id": "1200909",
    "title": "MUCCI Sensation almond 6 stuks",
    "category": "Maaltijden, salades",
    "price": 3.79,
    "promoPrice": null,
    "price_per_unit": 37.9,
    "unit": "L",
    "image": "https://s7g10.scene7.com/is/image/aldinord/product_1200909_main_cms_5_nl_nl_sensation_almond_cw01_2024",
    "beschikbaar": true,
    "promoEnd": null,
    "link": "https://www.aldi.nl/sensation-almond-1200909.html"
  },
  {
    "id": "1200903",
    "title": "MUCCI Sensation white 6 stuks",
    "category": "Maaltijden, salades",
    "price": 3.89,
    "promoPrice": null,
    "price_per_unit": 38.9,
    "unit": "L",
    "image": "https://s7g10.scene7.com/is/image/aldinord/product_1200903_main_cms_5_nl_nl_sensation_white_cw01_2024",
    "beschikbaar": true,
    "promoEnd": null,
    "link": "https://www.aldi.nl/sensation-white-1200903.html"
  },
  {
    "id": "1200902",
    "title": "MUCCI Sensation classic 6 stuks",
    "category": "Maaltijden, salades",
    "price": 2.99,
    "promoPrice": null,
    "price_per_unit": 29.9,
    "unit": "L",
    "image": "https://s7g10.scene7.com/is/image/aldinord/product_1200902_main_cms_5_nl_nl_sensation_classic_cw01_2024",
    "beschikbaar": true,
    "promoEnd": null,
    "link": "https://www.aldi.nl/sensation-classic-1200902.html"
  },
  {
    "id": "1200862",
    "title": "LAY'S Chips naturel 300 g",
    "category": "Snoep, koek, chips",
    "price": null,
    "promoPrice": null,
    "price_per_unit": null,
    "unit": null,
    "image": "https://s7g10.scene7.com/is/image/aldinord/product_1200862_main_cms_1_nl_nl_chips_naturel_cw01_2024",
    "beschikbaar": true,
    "promoEnd": null,
    "link": "https://www.aldi.nl/chips-naturel-1200862.html"
  },
  {
    "id": "1200785",
    "title": "María biscuitjes 4x200 g",
    "category": "Snoep, koek, chips",
    "price": 1.79,
    "promoPrice": null,
    "price_per_unit": 8.95,
    "unit": "KG",
    "image": "https://s7g10.scene7.com/is/image/aldinord/variant_1200785_1_main_cms_2_nl_nl_maria_biscuitjes_cw01_2024",
    "beschikbaar": true,
    "promoEnd": null,
    "link": "https://www.aldi.nl/mara-biscuitjes-1200785.html"
  },
  {
    "id": "1200750",
    "title": "Chocolate chip cookie Per stuk",
    "category": "Snoep, koek, chips",
    "price": 0.89,
    "promoPrice": null,
    "price_per_unit": null,
    "unit": null,
    "image": "https://s7g10.scene7.com/is/image/aldinord/product_1200750_main_cms_1_nl_nl_chocolate_chip_cookie_cw01_2024",
    "beschikbaar": true,
    "promoEnd": null,
    "link": "https://www.aldi.nl/chocolate-chip-cookie-1200750.html"
  },
  {
    "id": "1200742",
    "title": "ANTA FLU Keelpastilles 275 g",
    "category": "Snoep, koek, chips",
    "price": null,
    "promoPrice": null,
    "price_per_unit": null,
    "unit": null,
    "image": "https://s7g10.scene7.com/is/image/aldinord/product_1200742_main_cms_3_nl_nl_keelpastilles_cw01_2024",
    "beschikbaar": true,
    "promoEnd": null,
    "link": "https://www.aldi.nl/keelpastilles-1200742.html"
  },
  {
    "id": "1200706",
    "title": "PARTY GEBAK Slagroomtaart 12 porties",
    "category": "Brood, ontbijtgranen",
    "price": 6.49,
    "promoPrice": null,
    "price_per_unit": null,
    "unit": null,
    "image": "https://s7g10.scene7.com/is/image/aldinord/variant_1200706_1_main_cms_2_nl_nl_slagroomtaart_cw01_2024",
    "beschikbaar": true,
    "promoEnd": null,
    "link": "https://www.aldi.nl/slagroomtaart-1200706.html"
  },
  {
    "id": "1200694",
    "title": "ALL SEASONS Zilveruitjes 370 ml",
    "category": "Groente, aardappelen",
    "price": 0.79,
    "promoPrice": null,
    "price_per_unit": 2.14,
    "unit": "L",
    "image": "https://s7g10.scene7.com/is/image/aldinord/product_1200694_main_cms_2_nl_nl_zilveruitjes_cw01_2024",
    "beschikbaar": true,
    "promoEnd": null,
    "link": "https://www.aldi.nl/zilveruitjes-1200694.html"
  },
  {
    "id": "1200692",
    "title": "ALL SEASONS Cocktail augurken 350 g",
    "category": "Groente, aardappelen",
    "price": 1.19,
    "promoPrice": null,
    "price_per_unit": 3.4,
    "unit": "KG",
    "image": "https://s7g10.scene7.com/is/image/aldinord/product_1200692_main_cms_5_nl_nl_cocktail_augurken_cw01_2024",
    "beschikbaar": true,
    "promoEnd": null,
    "link": "https://www.aldi.nl/cocktail-augurken-1200692.html"
  },
  {
    "id": "1200690",
    "title": "Limoenen 300 g",
    "category": "Groente, aardappelen",
    "price": 0.99,
    "promoPrice": null,
    "price_per_unit": 3.3,
    "unit": "KG",
    "image": "https://s7g10.scene7.com/is/image/aldinord/product_1200690_main_cms_7_nl_nl_limoenen_cw01_2024",
    "beschikbaar": true,
    "promoEnd": null,
    "link": "https://www.aldi.nl/limoenen-1200690.html"
  },
  {
    "id": "1200658",
    "title": "HEERLIJCK BANKET eierwafels hazelnootsmaak Inhoud: 8 stuks, 272 g",
    "category": "Snoep, koek, chips",
    "price": 1.99,
    "promoPrice": null,
    "price_per_unit": 7.32,
    "unit": "KG",
    "image": "https://s7g10.scene7.com/is/image/aldinord/variant_1200658_1_main_cms_2_nl_nl_eierwafels_hazelnootsmaak_cw01_2024",
    "beschikbaar": true,
    "promoEnd": null,
    "link": "https://www.aldi.nl/eierwafels-hazelnootsmaak-1200658.html"
  },
  {
    "id": "1200653",
    "title": "CUCINA NOBILE Fusilli 500 g",
    "category": "Maaltijden, salades",
    "price": 1.19,
    "promoPrice": null,
    "price_per_unit": 2.38,
    "unit": "KG",
    "image": "https://s7g10.scene7.com/is/image/aldinord/product_1200653_main_cms_2_nl_nl_fusilli_cw01_2024",
    "beschikbaar": true,
    "promoEnd": null,
    "link": "https://www.aldi.nl/fusilli-1200653.html"
  },
  {
    "id": "1200631",
    "title": "Kruimige aardappelen 5 kg",
    "category": "Groente, aardappelen",
    "price": 3.99,
    "promoPrice": null,
    "price_per_unit": 0.8,
    "unit": "KG",
    "image": "https://s7g10.scene7.com/is/image/aldinord/product_1200631_main_cms_1_nl_nl_kruimige_aardappelen_cw01_2024",
    "beschikbaar": true,
    "promoEnd": null,
    "link": "https://www.aldi.nl/kruimige-aardappelen-1200631.html"
  },
  {
    "id": "1200623",
    "title": "ALL SEASONS Augurkensticks 720 ml",
    "category": "Groente, aardappelen",
    "price": 1.29,
    "promoPrice": null,
    "price_per_unit": 1.79,
    "unit": "L",
    "image": "https://s7g10.scene7.com/is/image/aldinord/product_1200623_main_cms_2_nl_nl_augurkensticks_cw01_2024",
    "beschikbaar": true,
    "promoEnd": null,
    "link": "https://www.aldi.nl/augurkensticks-1200623.html"
  },
  {
    "id": "1200585",
    "title": "Southern Creek Prestige Shiraz 0.75 l",
    "category": "Bier, wijn, sterke drank",
    "price": 4.99,
    "promoPrice": null,
    "price_per_unit": 6.65,
    "unit": "L",
    "image": "https://s7g10.scene7.com/is/image/aldinord/product_1200585_main_cms_5_nl_nl_southern_creek_prestige_shiraz_cw01_2024",
    "beschikbaar": true,
    "promoEnd": null,
    "link": "https://www.aldi.nl/southern-creek-prestige-shiraz-1200585.html"
  },
  {
    "id": "1200572",
    "title": "Runderrookvlees 100 g",
    "category": "Vlees, vis, vega",
    "price": 2.99,
    "promoPrice": null,
    "price_per_unit": 29.9,
    "unit": "KG",
    "image": "https://s7g10.scene7.com/is/image/aldinord/product_1200572_main_cms_1_nl_nl_runderrookvlees_cw01_2024",
    "beschikbaar": true,
    "promoEnd": null,
    "link": "https://www.aldi.nl/runderrookvlees-1200572.html"
  },
  {
    "id": "1200570",
    "title": "CHOCEUR Praline chocolade 200 g",
    "category": "Snoep, koek, chips",
    "price": 2.39,
    "promoPrice": null,
    "price_per_unit": 11.95,
    "unit": "KG",
    "image": "https://s7g10.scene7.com/is/image/aldinord/product_1200570_main_cms_7_nl_nl_praline_chocolade_cw01_2024",
    "beschikbaar": true,
    "promoEnd": null,
    "link": "https://www.aldi.nl/praline-chocolade-1200570.html"
  },
  {
    "id": "1200569",
    "title": "SNACK FAN Varkenssaté in milde pindasaus 160 g",
    "category": "Vlees, vis, vega",
    "price": 1.49,
    "promoPrice": null,
    "price_per_unit": 9.31,
    "unit": "KG",
    "image": "https://s7g10.scene7.com/is/image/aldinord/variant_1200569_1_main_cms_2_nl_nl_varkenssate_in_milde_pindasaus_cw01_2024",
    "beschikbaar": true,
    "promoEnd": null,
    "link": "https://www.aldi.nl/varkenssat-in-milde-pindasaus-1200569.html"
  },
  {
    "id": "1200559",
    "title": "MAMA NATURE Biologische rode kool 750 g",
    "category": "Groente, aardappelen",
    "price": null,
    "promoPrice": null,
    "price_per_unit": null,
    "unit": null,
    "image": "https://s7g10.scene7.com/is/image/aldinord/product_1200559_main_cms_2_nl_nl_biologische_rode_kool_cw01_2024",
    "beschikbaar": true,
    "promoEnd": null,
    "link": "https://www.aldi.nl/biologische-rode-kool-1200559.html"
  },
  {
    "id": "1200554",
    "title": "ALL SEASONS Augurken 670 g",
    "category": "Groente, aardappelen",
    "price": 1.19,
    "promoPrice": null,
    "price_per_unit": 1.78,
    "unit": "KG",
    "image": "https://s7g10.scene7.com/is/image/aldinord/product_1200554_main_cms_2_nl_nl_augurken_cw01_2024",
    "beschikbaar": true,
    "promoEnd": null,
    "link": "https://www.aldi.nl/augurken-1200554.html"
  },
  {
    "id": "1200547",
    "title": "Tempranillo 0.75 l",
    "category": "Bier, wijn, sterke drank",
    "price": 2.29,
    "promoPrice": null,
    "price_per_unit": 3.05,
    "unit": "L",
    "image": "https://s7g10.scene7.com/is/image/aldinord/product_1200547_main_cms_4_nl_nl_tempranillo_cw01_2024",
    "beschikbaar": true,
    "promoEnd": null,
    "link": "https://www.aldi.nl/tempranillo-1200547.html"
  },
  {
    "id": "1200528",
    "title": "Chocolade euromunten en biljetten 150 g",
    "category": "Speciaal assortiment",
    "price": 1.99,
    "promoPrice": null,
    "price_per_unit": 13.27,
    "unit": "KG",
    "image": "https://s7g10.scene7.com/is/image/aldinord/variant_1200528_1_main_cms_4_nl_nl_chocolade_euromunten_en_biljetten_cw01_2024",
    "beschikbaar": true,
    "promoEnd": null,
    "link": "https://www.aldi.nl/chocolade-euromunten-en-biljetten-1200528.html"
  },
  {
    "id": "1200517",
    "title": "TRADER JOE'S Cranberrymelange 160 g",
    "category": "Snoep, koek, chips",
    "price": 2.99,
    "promoPrice": null,
    "price_per_unit": 18.69,
    "unit": "KG",
    "image": "https://s7g10.scene7.com/is/image/aldinord/product_1200517_main_cms_2_nl_nl_cranberrymelange_cw01_2024",
    "beschikbaar": true,
    "promoEnd": null,
    "link": "https://www.aldi.nl/cranberrymelange-1200517.html"
  },
  {
    "id": "1200501",
    "title": "TANDIL Vloeibaar wasmiddel zwart 42 wasbeurten",
    "category": "Huishouden",
    "price": 3.99,
    "promoPrice": null,
    "price_per_unit": null,
    "unit": null,
    "image": "https://s7g10.scene7.com/is/image/aldinord/variant_1200501_1_main_cms_1_nl_nl_vloeibaar_wasmiddel_zwart_cw01_2024",
    "beschikbaar": true,
    "promoEnd": null,
    "link": "https://www.aldi.nl/vloeibaar-wasmiddel-zwart-1200501.html"
  },
  {
    "id": "1200500",
    "title": "TRADER JOE'S Studentenhaver 200 g",
    "category": "Snoep, koek, chips",
    "price": 2.89,
    "promoPrice": null,
    "price_per_unit": 14.45,
    "unit": "KG",
    "image": "https://s7g10.scene7.com/is/image/aldinord/product_1200500_main_cms_2_nl_nl_studentenhaver_cw01_2024",
    "beschikbaar": true,
    "promoEnd": null,
    "link": "https://www.aldi.nl/studentenhaver-1200500.html"
  },
  {
    "id": "1200492",
    "title": "LEKKER & SNEL Zuurkool- of andijviestamppot 500 g",
    "category": "Maaltijden, salades",
    "price": 3.99,
    "promoPrice": null,
    "price_per_unit": 7.98,
    "unit": "KG",
    "image": "https://s7g10.scene7.com/is/image/aldinord/variant_1200492_1_main_cms_2_nl_nl_zuurkool_of_andijviestamppot_cw01_2024",
    "beschikbaar": true,
    "promoEnd": null,
    "link": "https://www.aldi.nl/zuurkool-of-andijviestamppot-1200492.html"
  },
  {
    "id": "1200489",
    "title": "TRADER JOE'S Cashewnoten 170 g",
    "category": "Snoep, koek, chips",
    "price": 3.29,
    "promoPrice": null,
    "price_per_unit": 19.35,
    "unit": "KG",
    "image": "https://s7g10.scene7.com/is/image/aldinord/product_1200489_main_cms_2_nl_nl_cashewnoten_cw01_2024",
    "beschikbaar": true,
    "promoEnd": null,
    "link": "https://www.aldi.nl/cashewnoten-1200489.html"
  },
  {
    "id": "1200479",
    "title": "TRADER JOE'S Pinda's 250 g",
    "category": "Snoep, koek, chips",
    "price": 1.69,
    "promoPrice": null,
    "price_per_unit": 6.76,
    "unit": "KG",
    "image": "https://s7g10.scene7.com/is/image/aldinord/product_1200479_main_cms_1_nl_nl_pinda_s_cw01_2024",
    "beschikbaar": true,
    "promoEnd": null,
    "link": "https://www.aldi.nl/pindas-1200479.html"
  },
  {
    "id": "1200476",
    "title": "Fourme d'Ambert 50+ 117 g",
    "category": "Zuivel, eieren",
    "price": 1.99,
    "promoPrice": null,
    "price_per_unit": 17.01,
    "unit": "KG",
    "image": "https://s7g10.scene7.com/is/image/aldinord/product_1200476_main_cms_3_nl_nl_fourme_d_ambert_50_cw01_2024",
    "beschikbaar": true,
    "promoEnd": null,
    "link": "https://www.aldi.nl/fourme-dambert-50-1200476.html"
  },
  {
    "id": "1200475",
    "title": "LEKKER & SNEL Boerenkoolstamppot of hutspot 500 g",
    "category": "Speciaal assortiment",
    "price": 3.99,
    "promoPrice": null,
    "price_per_unit": 7.98,
    "unit": "KG",
    "image": "https://s7g10.scene7.com/is/image/aldinord/variant_1200475_2_main_cms_2_nl_nl_boerenkoolstamppot_of_hutspot_cw01_2024",
    "beschikbaar": true,
    "promoEnd": null,
    "link": "https://www.aldi.nl/boerenkoolstamppot-of-hutspot-1200475.html"
  },
  {
    "id": "1200470",
    "title": "TRADER JOE'S Macadamiamix 130 g",
    "category": "Snoep, koek, chips",
    "price": 2.99,
    "promoPrice": null,
    "price_per_unit": 23.0,
    "unit": "KG",
    "image": "https://s7g10.scene7.com/is/image/aldinord/product_1200470_main_cms_2_nl_nl_macadamiamix_cw01_2024",
    "beschikbaar": true,
    "promoEnd": null,
    "link": "https://www.aldi.nl/macadamiamix-1200470.html"
  },
  {
    "id": "1200469",
    "title": "Saam Chenin Blanc 0.75 l",
    "category": "Bier, wijn, sterke drank",
    "price": 5.99,
    "promoPrice": null,
    "price_per_unit": 7.99,
    "unit": "L",
    "image": "https://s7g10.scene7.com/is/image/aldinord/product_1200469_main_cms_3_nl_nl_saam_chenin_blanc_cw01_2024",
    "beschikbaar": true,
    "promoEnd": null,
    "link": "https://www.aldi.nl/saam-chenin-blanc-1200469.html"
  },
  {
    "id": "1200465",
    "title": "Camembert 45+ Ca. 120 g",
    "category": "Zuivel, eieren",
    "price": 1.69,
    "promoPrice": null,
    "price_per_unit": 14.08,
    "unit": "KG",
    "image": "https://s7g10.scene7.com/is/image/aldinord/product_1200465_main_cms_2_nl_nl_camembert_45_cw01_2024",
    "beschikbaar": true,
    "promoEnd": null,
    "link": "https://www.aldi.nl/camembert-45-1200465.html"
  },
  {
    "id": "1200459",
    "title": "TRADER JOE'S Macadamiamix 130 g",
    "category": "Snoep, koek, chips",
    "price": 2.69,
    "promoPrice": null,
    "price_per_unit": 20.69,
    "unit": "KG",
    "image": "https://s7g10.scene7.com/is/image/aldinord/product_1200459_main_cms_2_nl_nl_macadamiamix_cw01_2024",
    "beschikbaar": true,
    "promoEnd": null,
    "link": "https://www.aldi.nl/macadamiamix-1200459.html"
  },
  {
    "id": "1200455",
    "title": "Verse roombrie Per stuk",
    "category": "Zuivel, eieren",
    "price": 1.99,
    "promoPrice": null,
    "price_per_unit": 12.13,
    "unit": "KG",
    "image": "https://s7g10.scene7.com/is/image/aldinord/product_1200455_main_cms_3_nl_nl_verse_roombrie_cw01_2024",
    "beschikbaar": true,
    "promoEnd": null,
    "link": "https://www.aldi.nl/verse-roombrie-1200455.html"
  },
  {
    "id": "1200454",
    "title": "LEKKER & SNEL Andijvie- of zuurkoolstamppot 1 kg",
    "category": "Maaltijden, salades",
    "price": 3.89,
    "promoPrice": null,
    "price_per_unit": 3.89,
    "unit": "KG",
    "image": "https://s7g10.scene7.com/is/image/aldinord/product_1200454_main_cms_3_nl_nl_andijvie_of_zuurkoolstamppot_cw01_2024",
    "beschikbaar": true,
    "promoEnd": null,
    "link": "https://www.aldi.nl/andijvie-of-zuurkoolstamppot-1200454.html"
  },
  {
    "id": "1200448",
    "title": "TRADER JOE'S Cashewnoten 170 g",
    "category": "Snoep, koek, chips",
    "price": 3.29,
    "promoPrice": null,
    "price_per_unit": 19.35,
    "unit": "KG",
    "image": "https://s7g10.scene7.com/is/image/aldinord/product_1200448_main_cms_2_nl_nl_cashewnoten_cw01_2024",
    "beschikbaar": true,
    "promoEnd": null,
    "link": "https://www.aldi.nl/cashewnoten-1200448.html"
  },
  {
    "id": "1200439",
    "title": "TRADER JOE'S Pinda's 250 g",
    "category": "Snoep, koek, chips",
    "price": 1.69,
    "promoPrice": null,
    "price_per_unit": 6.76,
    "unit": "KG",
    "image": "https://s7g10.scene7.com/is/image/aldinord/product_1200439_main_cms_2_nl_nl_pinda_s_cw01_2024",
    "beschikbaar": true,
    "promoEnd": null,
    "link": "https://www.aldi.nl/pindas-1200439.html"
  },
  {
    "id": "1200423",
    "title": "Delight Merlot alcoholvrij 0.75 l",
    "category": "Bier, wijn, sterke drank",
    "price": 3.39,
    "promoPrice": null,
    "price_per_unit": 4.52,
    "unit": "L",
    "image": "https://s7g10.scene7.com/is/image/aldinord/product_1200423_main_cms_3_nl_nl_delight_merlot_alcoholvrij_cw01_2024",
    "beschikbaar": true,
    "promoEnd": null,
    "link": "https://www.aldi.nl/delight-merlot-alcoholvrij-1200423.html"
  },
  {
    "id": "1200420",
    "title": "LEKKER & SNEL Hutspot 1 kg",
    "category": "Speciaal assortiment",
    "price": 3.89,
    "promoPrice": null,
    "price_per_unit": 3.89,
    "unit": "KG",
    "image": "https://s7g10.scene7.com/is/image/aldinord/variant_1200420_1_main_cms_1_nl_nl_hutspot_cw01_2024",
    "beschikbaar": true,
    "promoEnd": null,
    "link": "https://www.aldi.nl/hutspot-1200420.html"
  },
  {
    "id": "1200413",
    "title": "HEINZ Tomatenketchup 570 ml",
    "category": "Maaltijden, salades",
    "price": null,
    "promoPrice": null,
    "price_per_unit": null,
    "unit": null,
    "image": "https://s7g10.scene7.com/is/image/aldinord/product_1200413_main_cms_1_nl_nl_tomatenketchup_cw01_2024",
    "beschikbaar": true,
    "promoEnd": null,
    "link": "https://www.aldi.nl/tomatenketchup-1200413.html"
  },
  {
    "id": "1200391",
    "title": "CROFTON Vershoud­dozenset Per set",
    "category": "Speciaal assortiment",
    "price": 3.99,
    "promoPrice": 3.99,
    "price_per_unit": null,
    "unit": null,
    "image": "https://s7g10.scene7.com/is/image/aldinord/product_1200391_main_cms_1_nl_nl_vershouddozenset_cw01_2024",
    "beschikbaar": true,
    "promoEnd": "2025-10-24",
    "link": "https://www.aldi.nl/vershouddozenset-1200391.html"
  },
  {
    "id": "1200343",
    "title": "BIO Biologische uien 500 g",
    "category": "Groente, aardappelen",
    "price": 0.79,
    "promoPrice": null,
    "price_per_unit": 1.58,
    "unit": "KG",
    "image": "https://s7g10.scene7.com/is/image/aldinord/product_1200343_main_cms_1_nl_nl_biologische_uien_cw01_2024",
    "beschikbaar": true,
    "promoEnd": null,
    "link": "https://www.aldi.nl/biologische-uien-1200343.html"
  },
  {
    "id": "1200337",
    "title": "UNA Luchtverfrisserset Per stuk",
    "category": "Huishouden",
    "price": 2.29,
    "promoPrice": null,
    "price_per_unit": null,
    "unit": null,
    "image": "https://s7g10.scene7.com/is/image/aldinord/product_1200337_main_cms_1_nl_nl_luchtverfrisserset_cw01_2024",
    "beschikbaar": true,
    "promoEnd": null,
    "link": "https://www.aldi.nl/luchtverfrisserset-1200337.html"
  },
  {
    "id": "1200336",
    "title": "UNA Luchtverfrisserset Per stuk",
    "category": "Huishouden",
    "price": 2.19,
    "promoPrice": null,
    "price_per_unit": null,
    "unit": null,
    "image": "https://s7g10.scene7.com/is/image/aldinord/product_1200336_main_cms_1_nl_nl_luchtverfrisserset_cw01_2024",
    "beschikbaar": true,
    "promoEnd": null,
    "link": "https://www.aldi.nl/luchtverfrisserset-1200336.html"
  },
  {
    "id": "1200335",
    "title": "UNA Keukenreiniger 750 ml",
    "category": "Huishouden",
    "price": 2.19,
    "promoPrice": null,
    "price_per_unit": null,
    "unit": null,
    "image": "https://s7g10.scene7.com/is/image/aldinord/product_1200335_main_cms_1_nl_nl_keukenreiniger_cw01_2024",
    "beschikbaar": true,
    "promoEnd": null,
    "link": "https://www.aldi.nl/keukenreiniger-1200335.html"
  },
  {
    "id": "1200334",
    "title": "UNA Badkamerreiniger 750 ml",
    "category": "Huishouden",
    "price": 2.19,
    "promoPrice": null,
    "price_per_unit": null,
    "unit": null,
    "image": "https://s7g10.scene7.com/is/image/aldinord/product_1200334_main_cms_1_nl_nl_badkamerreiniger_cw01_2024",
    "beschikbaar": true,
    "promoEnd": null,
    "link": "https://www.aldi.nl/badkamerreiniger-1200334.html"
  },
  {
    "id": "1200328",
    "title": "MAN BY BIOCURA 10-pack wegwerpscheermesjes 10-pack",
    "category": "Baby, verzorging",
    "price": 1.69,
    "promoPrice": null,
    "price_per_unit": null,
    "unit": null,
    "image": "https://s7g10.scene7.com/is/image/aldinord/variant_1200328_1_main_cms_2_nl_nl_10_pack_wegwerpscheermesjes_cw01_2024",
    "beschikbaar": true,
    "promoEnd": null,
    "link": "https://www.aldi.nl/10-pack-wegwerpscheermesjes-1200328.html"
  },
  {
    "id": "1200325",
    "title": "MAN BY BIOCURA Scheersysteem Delta 4 Per set",
    "category": "Baby, verzorging",
    "price": 3.99,
    "promoPrice": null,
    "price_per_unit": null,
    "unit": null,
    "image": "https://s7g10.scene7.com/is/image/aldinord/product_1200325_main_cms_1_nl_nl_scheersysteem_delta_4_cw01_2024",
    "beschikbaar": true,
    "promoEnd": null,
    "link": "https://www.aldi.nl/scheersysteem-delta-4-1200325.html"
  },
  {
    "id": "1200324",
    "title": "LACURA MEN 6-pack scheermesjes 6 stuks",
    "category": "Baby, verzorging",
    "price": 5.99,
    "promoPrice": null,
    "price_per_unit": null,
    "unit": null,
    "image": "https://s7g10.scene7.com/is/image/aldinord/product_1200324_main_cms_2_nl_nl_6_pack_scheermesjes_cw01_2024",
    "beschikbaar": true,
    "promoEnd": null,
    "link": "https://www.aldi.nl/6-pack-scheermesjes-1200324.html"
  },
  {
    "id": "1200323",
    "title": "TRIANGLE PHARMA Vitamine 40 tabletten",
    "category": "Verzorging, gezondheid",
    "price": 2.99,
    "promoPrice": null,
    "price_per_unit": null,
    "unit": null,
    "image": "https://s7g10.scene7.com/is/image/aldinord/product_1200323_main_cms_1_nl_nl_vitamine_cw01_2024",
    "beschikbaar": true,
    "promoEnd": null,
    "link": "https://www.aldi.nl/vitamine-1200323.html"
  },
  {
    "id": "1200322",
    "title": "ALWAYS Inlegkruisje cotton fresh large 48 stuks",
    "category": "Baby, verzorging",
    "price": null,
    "promoPrice": null,
    "price_per_unit": null,
    "unit": null,
    "image": "https://s7g10.scene7.com/is/image/aldinord/product_1200322_main_cms_1_nl_nl_inlegkruisje_cotton_fresh_large_cw01_2024",
    "beschikbaar": true,
    "promoEnd": null,
    "link": "https://www.aldi.nl/inlegkruisje-cotton-fresh-large-1200322.html"
  },
  {
    "id": "1200321",
    "title": "ALWAYS Inlegkruisje cotton fresh normaal 58 stuks",
    "category": "Baby, verzorging",
    "price": null,
    "promoPrice": null,
    "price_per_unit": null,
    "unit": null,
    "image": "https://s7g10.scene7.com/is/image/aldinord/product_1200321_main_cms_1_nl_nl_inlegkruisje_cotton_fresh_normaal_cw01_2024",
    "beschikbaar": true,
    "promoEnd": null,
    "link": "https://www.aldi.nl/inlegkruisje-cotton-fresh-normaal-1200321.html"
  },
  {
    "id": "1200320",
    "title": "TRIANGLE PHARMA Vitamine 40 tabletten",
    "category": "Verzorging, gezondheid",
    "price": 2.99,
    "promoPrice": null,
    "price_per_unit": null,
    "unit": null,
    "image": "https://s7g10.scene7.com/is/image/aldinord/product_1200320_main_cms_1_nl_nl_vitamine_cw01_2024",
    "beschikbaar": true,
    "promoEnd": null,
    "link": "https://www.aldi.nl/vitamine-1200320.html"
  },
  {
    "id": "1200319",
    "title": "LACURA Man Delta 6 reservemesjes 3 stuks",
    "category": "Baby, verzorging",
    "price": 5.99,
    "promoPrice": null,
    "price_per_unit": null,
    "unit": null,
    "image": "https://s7g10.scene7.com/is/image/aldinord/product_1200319_main_cms_1_nl_nl_man_delta_6_reservemesjes_cw01_2024",
    "beschikbaar": true,
    "promoEnd": null,
    "link": "https://www.aldi.nl/man-delta-6-reservemesjes-1200319.html"
  },
  {
    "id": "1200318",
    "title": "MAN BY BIOCURA Scheersysteem Delta 6 Per set",
    "category": "Baby, verzorging",
    "price": 3.99,
    "promoPrice": null,
    "price_per_unit": null,
    "unit": null,
    "image": "https://s7g10.scene7.com/is/image/aldinord/product_1200318_main_cms_1_nl_nl_scheersysteem_delta_6_cw01_2024",
    "beschikbaar": true,
    "promoEnd": null,
    "link": "https://www.aldi.nl/scheersysteem-delta-6-1200318.html"
  },
  {
    "id": "1200317",
    "title": "ALWAYS Inlegkruisje cotton fresh 58 stuks",
    "category": "Baby, verzorging",
    "price": null,
    "promoPrice": null,
    "price_per_unit": null,
    "unit": null,
    "image": "https://s7g10.scene7.com/is/image/aldinord/product_1200317_main_cms_1_nl_nl_inlegkruisje_cotton_fresh_cw01_2024",
    "beschikbaar": true,
    "promoEnd": null,
    "link": "https://www.aldi.nl/inlegkruisje-cotton-fresh-1200317.html"
  },
  {
    "id": "1200316",
    "title": "TRIANGLE PHARMA Vitamine 30 tabletten",
    "category": "Verzorging, gezondheid",
    "price": 2.99,
    "promoPrice": null,
    "price_per_unit": null,
    "unit": null,
    "image": "https://s7g10.scene7.com/is/image/aldinord/product_1200316_main_cms_1_nl_nl_vitamine_cw01_2024",
    "beschikbaar": true,
    "promoEnd": null,
    "link": "https://www.aldi.nl/vitamine-1200316.html"
  },
  {
    "id": "1200314",
    "title": "TRADER JOE'S Olijven mix 200 g",
    "category": "Snoep, koek, chips",
    "price": 2.49,
    "promoPrice": null,
    "price_per_unit": null,
    "unit": null,
    "image": "https://s7g10.scene7.com/is/image/aldinord/product_1200314_main_cms_1_nl_nl_olijven_mix_cw01_2024",
    "beschikbaar": true,
    "promoEnd": null,
    "link": "https://www.aldi.nl/olijven-mix-1200314.html"
  },
  {
    "id": "1200311",
    "title": "TRADER JOE'S Macademia mix 200 g",
    "category": "Snoep, koek, chips",
    "price": 2.49,
    "promoPrice": null,
    "price_per_unit": null,
    "unit": null,
    "image": "https://s7g10.scene7.com/is/image/aldinord/product_1200311_main_cms_1_nl_nl_macademia_mix_cw01_2024",
    "beschikbaar": true,
    "promoEnd": null,
    "link": "https://www.aldi.nl/macademia-mix-1200311.html"
  },
  {
    "id": "1200309",
    "title": "TRADER JOE'S Ongebrande amandelen 200 g",
    "category": "Snoep, koek, chips",
    "price": 2.29,
    "promoPrice": null,
    "price_per_unit": null,
    "unit": null,
    "image": "https://s7g10.scene7.com/is/image/aldinord/product_1200309_main_cms_1_nl_nl_ongebrande_amandelen_cw01_2024",
    "beschikbaar": true,
    "promoEnd": null,
    "link": "https://www.aldi.nl/ongebrande-amandelen-1200309.html"
  },
  {
    "id": "1200305",
    "title": "TRADER JOE'S Pistache mix 200 g",
    "category": "Snoep, koek, chips",
    "price": 2.49,
    "promoPrice": null,
    "price_per_unit": null,
    "unit": null,
    "image": "https://s7g10.scene7.com/is/image/aldinord/product_1200305_main_cms_1_nl_nl_pistache_mix_cw01_2024",
    "beschikbaar": true,
    "promoEnd": null,
    "link": "https://www.aldi.nl/pistache-mix-1200305.html"
  },
  {
    "id": "1200301",
    "title": "TRADER JOE'S Ongebrande hazelnoten 200 g",
    "category": "Snoep, koek, chips",
    "price": 1.98,
    "promoPrice": null,
    "price_per_unit": null,
    "unit": null,
    "image": "https://s7g10.scene7.com/is/image/aldinord/product_1200301_main_cms_1_nl_nl_ongebrande_hazelnoten_cw01_2024",
    "beschikbaar": true,
    "promoEnd": null,
    "link": "https://www.aldi.nl/ongebrande-hazelnoten-1200301.html"
  },
  {
    "id": "1200299",
    "title": "RIO D'ORO Fruitig & Fris 1.5 l",
    "category": "Groente, aardappelen",
    "price": 1.39,
    "promoPrice": null,
    "price_per_unit": 0.93,
    "unit": "L",
    "image": "https://s7g10.scene7.com/is/image/aldinord/product_1200299_main_cms_16_nl_nl_fruitig_fris_cw01_2024",
    "beschikbaar": true,
    "promoEnd": null,
    "link": "https://www.aldi.nl/fruitig-fris-1200299.html"
  },
  {
    "id": "1200298",
    "title": "RIO D'ORO Fruitdrink appel & perzik 1 l",
    "category": "Groente, aardappelen",
    "price": 1.19,
    "promoPrice": null,
    "price_per_unit": 1.19,
    "unit": "L",
    "image": "https://s7g10.scene7.com/is/image/aldinord/product_1200298_main_cms_3_nl_nl_fruitdrink_appel_perzik_cw01_2024",
    "beschikbaar": true,
    "promoEnd": null,
    "link": "https://www.aldi.nl/fruitdrink-appel-perzik-1200298.html"
  },
  {
    "id": "1200294",
    "title": "DE KRUIDEN COMPANY Kruidenmix aardappel 160 g",
    "category": "Maaltijden, salades",
    "price": 1.99,
    "promoPrice": null,
    "price_per_unit": null,
    "unit": null,
    "image": "https://s7g10.scene7.com/is/image/aldinord/product_1200294_main_cms_1_nl_nl_kruidenmix_aardappel_cw01_2024",
    "beschikbaar": true,
    "promoEnd": null,
    "link": "https://www.aldi.nl/kruidenmix-aardappel-1200294.html"
  },
  {
    "id": "1200293",
    "title": "DE KRUIDEN COMPANY Kruidenmix aroma mix 160 g",
    "category": "Maaltijden, salades",
    "price": 1.49,
    "promoPrice": null,
    "price_per_unit": null,
    "unit": null,
    "image": "https://s7g10.scene7.com/is/image/aldinord/product_1200293_main_cms_1_nl_nl_kruidenmix_aroma_mix_cw01_2024",
    "beschikbaar": true,
    "promoEnd": null,
    "link": "https://www.aldi.nl/kruidenmix-aroma-mix-1200293.html"
  },
  {
    "id": "1200290",
    "title": "DE KRUIDEN COMPANY Kruidenmix gehakt 160 g",
    "category": "Maaltijden, salades",
    "price": 1.99,
    "promoPrice": null,
    "price_per_unit": null,
    "unit": null,
    "image": "https://s7g10.scene7.com/is/image/aldinord/product_1200290_main_cms_1_nl_nl_kruidenmix_gehakt_cw01_2024",
    "beschikbaar": true,
    "promoEnd": null,
    "link": "https://www.aldi.nl/kruidenmix-gehakt-1200290.html"
  },
  {
    "id": "1200289",
    "title": "DE KRUIDEN COMPANY Kruidnagel 10 g",
    "category": "Maaltijden, salades",
    "price": 0.95,
    "promoPrice": null,
    "price_per_unit": null,
    "unit": null,
    "image": "https://s7g10.scene7.com/is/image/aldinord/product_1200289_main_cms_1_nl_nl_kruidnagel_cw01_2024",
    "beschikbaar": true,
    "promoEnd": null,
    "link": "https://www.aldi.nl/kruidnagel-1200289.html"
  },
  {
    "id": "1200287",
    "title": "DE KRUIDEN COMPANY Laurier 10 g",
    "category": "Maaltijden, salades",
    "price": 0.95,
    "promoPrice": null,
    "price_per_unit": null,
    "unit": null,
    "image": "https://s7g10.scene7.com/is/image/aldinord/product_1200287_main_cms_1_nl_nl_laurier_cw01_2024",
    "beschikbaar": true,
    "promoEnd": null,
    "link": "https://www.aldi.nl/laurier-1200287.html"
  },
  {
    "id": "1200286",
    "title": "DE KRUIDEN COMPANY Kruidenmix vis 160 g",
    "category": "Maaltijden, salades",
    "price": 1.99,
    "promoPrice": null,
    "price_per_unit": null,
    "unit": null,
    "image": "https://s7g10.scene7.com/is/image/aldinord/product_1200286_main_cms_1_nl_nl_kruidenmix_vis_cw01_2024",
    "beschikbaar": true,
    "promoEnd": null,
    "link": "https://www.aldi.nl/kruidenmix-vis-1200286.html"
  },
  {
    "id": "1200283",
    "title": "DE KRUIDEN COMPANY Kaneel 10 g",
    "category": "Maaltijden, salades",
    "price": 0.95,
    "promoPrice": null,
    "price_per_unit": null,
    "unit": null,
    "image": "https://s7g10.scene7.com/is/image/aldinord/product_1200283_main_cms_1_nl_nl_kaneel_cw01_2024",
    "beschikbaar": true,
    "promoEnd": null,
    "link": "https://www.aldi.nl/kaneel-1200283.html"
  },
  {
    "id": "1200280",
    "title": "DE KRUIDEN COMPANY Gevriesdroogde uien 12-35 g",
    "category": "Maaltijden, salades",
    "price": 1.49,
    "promoPrice": null,
    "price_per_unit": null,
    "unit": null,
    "image": "https://s7g10.scene7.com/is/image/aldinord/product_1200280_main_cms_1_nl_nl_gevriesdroogde_uien_cw01_2024",
    "beschikbaar": true,
    "promoEnd": null,
    "link": "https://www.aldi.nl/gevriesdroogde-uien-1200280.html"
  },
  {
    "id": "1200278",
    "title": "DE KRUIDEN COMPANY Kruidenmix vlees 160 g",
    "category": "Maaltijden, salades",
    "price": 1.99,
    "promoPrice": null,
    "price_per_unit": null,
    "unit": null,
    "image": "https://s7g10.scene7.com/is/image/aldinord/product_1200278_main_cms_1_nl_nl_kruidenmix_vlees_cw01_2024",
    "beschikbaar": true,
    "promoEnd": null,
    "link": "https://www.aldi.nl/kruidenmix-vlees-1200278.html"
  },
  {
    "id": "1200277",
    "title": "ALL SEASONS Linzen 400 g",
    "category": "Groente, aardappelen",
    "price": 0.99,
    "promoPrice": null,
    "price_per_unit": null,
    "unit": null,
    "image": "https://s7g10.scene7.com/is/image/aldinord/product_1200277_main_cms_2_nl_nl_linzen_cw01_2024",
    "beschikbaar": true,
    "promoEnd": null,
    "link": "https://www.aldi.nl/linzen-1200277.html"
  },
  {
    "id": "1200275",
    "title": "MAMA NATURE Biologisch lijnzaad 500 g",
    "category": "Biologisch assortiment",
    "price": 2.19,
    "promoPrice": null,
    "price_per_unit": 4.38,
    "unit": "KG",
    "image": "https://s7g10.scene7.com/is/image/aldinord/product_1200275_main_cms_4_nl_nl_biologisch_lijnzaad_cw01_2024",
    "beschikbaar": true,
    "promoEnd": null,
    "link": "https://www.aldi.nl/biologisch-lijnzaad-1200275.html"
  },
  {
    "id": "1200274",
    "title": "DE KRUIDEN COMPANY Gevriesdroogde peterselie 12-35 g",
    "category": "Maaltijden, salades",
    "price": 1.39,
    "promoPrice": null,
    "price_per_unit": null,
    "unit": null,
    "image": "https://s7g10.scene7.com/is/image/aldinord/product_1200274_main_cms_1_nl_nl_gevriesdroogde_peterselie_cw01_2024",
    "beschikbaar": true,
    "promoEnd": null,
    "link": "https://www.aldi.nl/gevriesdroogde-peterselie-1200274.html"
  },
  {
    "id": "1200270",
    "title": "ALL SEASONS Zwarte bonen 400 g",
    "category": "Groente, aardappelen",
    "price": 0.99,
    "promoPrice": null,
    "price_per_unit": null,
    "unit": null,
    "image": "https://s7g10.scene7.com/is/image/aldinord/product_1200270_main_cms_2_nl_nl_zwarte_bonen_cw01_2024",
    "beschikbaar": true,
    "promoEnd": null,
    "link": "https://www.aldi.nl/zwarte-bonen-1200270.html"
  },
  {
    "id": "1200268",
    "title": "BUONA TERRA Limoensap 200 ml",
    "category": "Maaltijden, salades",
    "price": 0.65,
    "promoPrice": null,
    "price_per_unit": null,
    "unit": null,
    "image": "https://s7g10.scene7.com/is/image/aldinord/product_1200268_main_cms_1_nl_nl_limoensap_cw01_2024",
    "beschikbaar": true,
    "promoEnd": null,
    "link": "https://www.aldi.nl/limoensap-1200268.html"
  },
  {
    "id": "1200267",
    "title": "LA FINESSE Aardappelspecialiteit 400 g",
    "category": "Groente, aardappelen",
    "price": 1.49,
    "promoPrice": null,
    "price_per_unit": 3.73,
    "unit": "KG",
    "image": "https://s7g10.scene7.com/is/image/aldinord/product_1200267_main_cms_11_nl_nl_aardappelspecialiteit_cw01_2024",
    "beschikbaar": true,
    "promoEnd": null,
    "link": "https://www.aldi.nl/aardappelspecialiteit-1200267.html"
  },
  {
    "id": "1200264",
    "title": "PASTA MARE Vermicelli alfabet 500 g",
    "category": "Speciaal assortiment",
    "price": 1.29,
    "promoPrice": null,
    "price_per_unit": null,
    "unit": null,
    "image": "https://s7g10.scene7.com/is/image/aldinord/product_1200264_main_cms_1_nl_nl_vermicelli_alfabet_cw01_2024",
    "beschikbaar": true,
    "promoEnd": null,
    "link": "https://www.aldi.nl/vermicelli-alfabet-1200264.html"
  },
  {
    "id": "1200263",
    "title": "DE KRUIDEN COMPANY Gevriesdroogde bieslook 12-35 g",
    "category": "Maaltijden, salades",
    "price": 1.39,
    "promoPrice": null,
    "price_per_unit": null,
    "unit": null,
    "image": "https://s7g10.scene7.com/is/image/aldinord/product_1200263_main_cms_1_nl_nl_gevriesdroogde_bieslook_cw01_2024",
    "beschikbaar": true,
    "promoEnd": null,
    "link": "https://www.aldi.nl/gevriesdroogde-bieslook-1200263.html"
  },
  {
    "id": "1200262",
    "title": "DE KRUIDEN COMPANY Kruidenmix kip 160 g",
    "category": "Maaltijden, salades",
    "price": 1.99,
    "promoPrice": null,
    "price_per_unit": null,
    "unit": null,
    "image": "https://s7g10.scene7.com/is/image/aldinord/product_1200262_main_cms_1_nl_nl_kruidenmix_kip_cw01_2024",
    "beschikbaar": true,
    "promoEnd": null,
    "link": "https://www.aldi.nl/kruidenmix-kip-1200262.html"
  },
  {
    "id": "1200258",
    "title": "ALL SEASONS Kikkererwten 400 g",
    "category": "Groente, aardappelen",
    "price": 0.99,
    "promoPrice": null,
    "price_per_unit": null,
    "unit": null,
    "image": "https://s7g10.scene7.com/is/image/aldinord/product_1200258_main_cms_2_nl_nl_kikkererwten_cw01_2024",
    "beschikbaar": true,
    "promoEnd": null,
    "link": "https://www.aldi.nl/kikkererwten-1200258.html"
  },
  {
    "id": "1200256",
    "title": "PASTA MARE Vermicelli 500 g",
    "category": "Speciaal assortiment",
    "price": 0.99,
    "promoPrice": null,
    "price_per_unit": null,
    "unit": null,
    "image": "https://s7g10.scene7.com/is/image/aldinord/product_1200256_main_cms_1_nl_nl_vermicelli_cw01_2024",
    "beschikbaar": true,
    "promoEnd": null,
    "link": "https://www.aldi.nl/vermicelli-1200256.html"
  },
  {
    "id": "1200255",
    "title": "TRADER JOE'S Pitten 250 g",
    "category": "Snoep, koek, chips",
    "price": 1.99,
    "promoPrice": null,
    "price_per_unit": 7.96,
    "unit": "KG",
    "image": "https://s7g10.scene7.com/is/image/aldinord/product_1200255_main_cms_4_nl_nl_pitten_cw01_2024",
    "beschikbaar": true,
    "promoEnd": null,
    "link": "https://www.aldi.nl/pitten-1200255.html"
  },
  {
    "id": "1200253",
    "title": "BUONA TERRA Citroensap 200 ml",
    "category": "Maaltijden, salades",
    "price": 0.65,
    "promoPrice": null,
    "price_per_unit": null,
    "unit": null,
    "image": "https://s7g10.scene7.com/is/image/aldinord/product_1200253_main_cms_1_nl_nl_citroensap_cw01_2024",
    "beschikbaar": true,
    "promoEnd": null,
    "link": "https://www.aldi.nl/citroensap-1200253.html"
  },
  {
    "id": "1200251",
    "title": "VLEESMEESTERS Kipshoarma of -gyros 400 g",
    "category": "Vlees, vis, vega",
    "price": 5.29,
    "promoPrice": null,
    "price_per_unit": 13.23,
    "unit": "KG",
    "image": "https://s7g10.scene7.com/is/image/aldinord/product_1200251_main_cms_3_nl_nl_kipshoarma_of_gyros_cw01_2024",
    "beschikbaar": true,
    "promoEnd": null,
    "link": "https://www.aldi.nl/kipshoarma-of-gyros-1200251.html"
  },
  {
    "id": "1200250",
    "title": "Scharrelkipfilethaasjes gepaneerd 275 g",
    "category": "Vlees, vis, vega",
    "price": 3.74,
    "promoPrice": null,
    "price_per_unit": null,
    "unit": null,
    "image": "https://s7g10.scene7.com/is/image/aldinord/product_1200250_main_cms_1_nl_nl_scharrelkipfilethaasjes_gepaneerd_cw01_2024",
    "beschikbaar": true,
    "promoEnd": null,
    "link": "https://www.aldi.nl/scharrelkipfilethaasjes-gepaneerd-1200250.html"
  },
  {
    "id": "1200249",
    "title": "Scharrel kipfiletschnitzel Hongaarse stijl 250 g",
    "category": "Vlees, vis, vega",
    "price": 3.99,
    "promoPrice": null,
    "price_per_unit": null,
    "unit": null,
    "image": "https://s7g10.scene7.com/is/image/aldinord/product_1200249_main_cms_1_nl_nl_scharrel_kipfiletschnitzel_hongaarse_sti_cw01_2024",
    "beschikbaar": true,
    "promoEnd": null,
    "link": "https://www.aldi.nl/scharrel-kipfiletschnitzel-hongaarse-stijl-1200249.html"
  },
  {
    "id": "1200248",
    "title": "ORIENTAL DELIGHT Chinese noedels 450 g",
    "category": "Maaltijden, salades",
    "price": 3.49,
    "promoPrice": null,
    "price_per_unit": null,
    "unit": null,
    "image": "https://s7g10.scene7.com/is/image/aldinord/product_1200248_main_cms_1_nl_nl_chinese_noedels_cw01_2024",
    "beschikbaar": true,
    "promoEnd": null,
    "link": "https://www.aldi.nl/chinese-noedels-1200248.html"
  },
  {
    "id": "1200247",
    "title": "ORIENTAL DELIGHT Singapore noedels 450 g",
    "category": "Maaltijden, salades",
    "price": 3.49,
    "promoPrice": null,
    "price_per_unit": null,
    "unit": null,
    "image": "https://s7g10.scene7.com/is/image/aldinord/product_1200247_main_cms_1_nl_nl_singapore_noedels_cw01_2024",
    "beschikbaar": true,
    "promoEnd": null,
    "link": "https://www.aldi.nl/singapore-noedels-1200247.html"
  },
  {
    "id": "1200246",
    "title": "ORIENTAL DELIGHT Mihoen goreng 450 g",
    "category": "Maaltijden, salades",
    "price": 3.49,
    "promoPrice": null,
    "price_per_unit": null,
    "unit": null,
    "image": "https://s7g10.scene7.com/is/image/aldinord/product_1200246_main_cms_1_nl_nl_mihoen_goreng_cw01_2024",
    "beschikbaar": true,
    "promoEnd": null,
    "link": "https://www.aldi.nl/mihoen-goreng-1200246.html"
  },
  {
    "id": "1200244",
    "title": "Tapasrolletjes 80 g",
    "category": "Speciaal assortiment",
    "price": 2.19,
    "promoPrice": null,
    "price_per_unit": 27.38,
    "unit": "KG",
    "image": "https://s7g10.scene7.com/is/image/aldinord/variant_1200244_1_main_cms_2_nl_nl_tapasrolletjes_cw01_2024",
    "beschikbaar": true,
    "promoEnd": null,
    "link": "https://www.aldi.nl/tapasrolletjes-1200244.html"
  },
  {
    "id": "1200243",
    "title": "ORIENTAL DELIGHT Kip teriyaki japanse rijst 500 g",
    "category": "Maaltijden, salades",
    "price": 3.99,
    "promoPrice": 2.99,
    "price_per_unit": null,
    "unit": null,
    "image": "https://s7g10.scene7.com/is/image/aldinord/product_1200243_main_cms_1_nl_nl_kip_teriyaki_japanse_rijst_cw01_2024",
    "beschikbaar": true,
    "promoEnd": "2025-10-19",
    "link": "https://www.aldi.nl/kip-teriyaki-japanse-rijst-1200243.html"
  },
  {
    "id": "1200242",
    "title": "ORIENTAL DELIGHT Foe yong hai 500 g",
    "category": "Maaltijden, salades",
    "price": 3.99,
    "promoPrice": 2.99,
    "price_per_unit": null,
    "unit": null,
    "image": "https://s7g10.scene7.com/is/image/aldinord/product_1200242_main_cms_1_nl_nl_foe_yong_hai_cw01_2024",
    "beschikbaar": true,
    "promoEnd": "2025-10-19",
    "link": "https://www.aldi.nl/foe-yong-hai-1200242.html"
  },
  {
    "id": "1200241",
    "title": "ORIENTAL DELIGHT Kip zoetzuur Bami Goreng 500 g",
    "category": "Maaltijden, salades",
    "price": 3.99,
    "promoPrice": 2.99,
    "price_per_unit": null,
    "unit": null,
    "image": "https://s7g10.scene7.com/is/image/aldinord/product_1200241_main_cms_1_nl_nl_kip_zoetzuur_bami_goreng_cw01_2024",
    "beschikbaar": true,
    "promoEnd": "2025-10-19",
    "link": "https://www.aldi.nl/kip-zoetzuur-bami-goreng-1200241.html"
  },
  {
    "id": "1200240",
    "title": "Kipgrillworst 300 g",
    "category": "Vlees, vis, vega",
    "price": 2.59,
    "promoPrice": null,
    "price_per_unit": null,
    "unit": null,
    "image": "https://s7g10.scene7.com/is/image/aldinord/product_1200240_main_cms_1_nl_nl_kipgrillworst_cw01_2024",
    "beschikbaar": true,
    "promoEnd": null,
    "link": "https://www.aldi.nl/kipgrillworst-1200240.html"
  },
  {
    "id": "1200239",
    "title": "ORIENTAL DELIGHT Babi ketjap 500 g",
    "category": "Maaltijden, salades",
    "price": 3.99,
    "promoPrice": 2.99,
    "price_per_unit": null,
    "unit": null,
    "image": "https://s7g10.scene7.com/is/image/aldinord/product_1200239_main_cms_1_nl_nl_babi_ketjap_cw01_2024",
    "beschikbaar": true,
    "promoEnd": "2025-10-19",
    "link": "https://www.aldi.nl/babi-ketjap-1200239.html"
  },
  {
    "id": "1200238",
    "title": "Gelderseworst plakjes 175 g",
    "category": "Vlees, vis, vega",
    "price": 1.49,
    "promoPrice": 1.49,
    "price_per_unit": null,
    "unit": null,
    "image": "https://s7g10.scene7.com/is/image/aldinord/product_1200238_main_cms_1_nl_nl_gelderseworst_plakjes_cw01_2024",
    "beschikbaar": true,
    "promoEnd": "2025-10-12",
    "link": "https://www.aldi.nl/gelderseworst-plakjes-1200238.html"
  },
  {
    "id": "1200236",
    "title": "Grillworst plakjes 175 g",
    "category": "Vlees, vis, vega",
    "price": 1.49,
    "promoPrice": 1.49,
    "price_per_unit": null,
    "unit": null,
    "image": "https://s7g10.scene7.com/is/image/aldinord/product_1200236_main_cms_1_nl_nl_grillworst_plakjes_cw01_2024",
    "beschikbaar": true,
    "promoEnd": "2025-10-12",
    "link": "https://www.aldi.nl/grillworst-plakjes-1200236.html"
  },
  {
    "id": "1200235",
    "title": "Varkensgrillworst 300 g",
    "category": "Vlees, vis, vega",
    "price": 2.59,
    "promoPrice": null,
    "price_per_unit": null,
    "unit": null,
    "image": "https://s7g10.scene7.com/is/image/aldinord/product_1200235_main_cms_1_nl_nl_varkensgrillworst_cw01_2024",
    "beschikbaar": true,
    "promoEnd": null,
    "link": "https://www.aldi.nl/varkensgrillworst-1200235.html"
  },
  {
    "id": "1200230",
    "title": "Tapas roomkaasrolletjes 100 g",
    "category": "Zuivel, eieren",
    "price": 1.99,
    "promoPrice": null,
    "price_per_unit": null,
    "unit": null,
    "image": "https://s7g10.scene7.com/is/image/aldinord/product_1200230_main_cms_2_nl_nl_tapas_roomkaasrolletjes_cw01_2024",
    "beschikbaar": true,
    "promoEnd": null,
    "link": "https://www.aldi.nl/tapas-roomkaasrolletjes-1200230.html"
  },
  {
    "id": "1200226",
    "title": "DELICIOUS HOME Baguette kruidenboter 175 g",
    "category": "Brood, ontbijtgranen",
    "price": 0.99,
    "promoPrice": null,
    "price_per_unit": null,
    "unit": null,
    "image": "https://s7g10.scene7.com/is/image/aldinord/product_1200226_main_cms_4_nl_nl_baguette_kruidenboter_cw01_2024",
    "beschikbaar": true,
    "promoEnd": null,
    "link": "https://www.aldi.nl/baguette-kruidenboter-1200226.html"
  },
  {
    "id": "1200225",
    "title": "Kipgehakt of -grillworst 150 g",
    "category": "Vlees, vis, vega",
    "price": 1.99,
    "promoPrice": null,
    "price_per_unit": 13.27,
    "unit": "KG",
    "image": "https://s7g10.scene7.com/is/image/aldinord/product_1200225_main_cms_3_nl_nl_kipgehakt_of_grillworst_cw01_2024",
    "beschikbaar": true,
    "promoEnd": null,
    "link": "https://www.aldi.nl/kipgehakt-of-grillworst-1200225.html"
  },
  {
    "id": "1200219",
    "title": "DELICIOUS HOME Baguette kruidenboter 175 g",
    "category": "Brood, ontbijtgranen",
    "price": 0.89,
    "promoPrice": null,
    "price_per_unit": null,
    "unit": null,
    "image": "https://s7g10.scene7.com/is/image/aldinord/product_1200219_main_cms_2_nl_nl_baguette_kruidenboter_cw01_2024",
    "beschikbaar": true,
    "promoEnd": null,
    "link": "https://www.aldi.nl/baguette-kruidenboter-1200219.html"
  },
  {
    "id": "1200217",
    "title": "LEKKER & SNEL Verse quiche spek & prei 300 g",
    "category": "Maaltijden, salades",
    "price": 3.19,
    "promoPrice": null,
    "price_per_unit": null,
    "unit": null,
    "image": "https://s7g10.scene7.com/is/image/aldinord/product_1200217_main_cms_1_nl_nl_verse_quiche_spek_prei_cw01_2024",
    "beschikbaar": true,
    "promoEnd": null,
    "link": "https://www.aldi.nl/verse-quiche-spek-prei-1200217.html"
  },
  {
    "id": "1200209",
    "title": "LEKKER & SNEL Verse quiche Lorraine 300 g",
    "category": "Maaltijden, salades",
    "price": 3.19,
    "promoPrice": null,
    "price_per_unit": null,
    "unit": null,
    "image": "https://s7g10.scene7.com/is/image/aldinord/product_1200209_main_cms_3_nl_nl_verse_quiche_lorraine_cw01_2024",
    "beschikbaar": true,
    "promoEnd": null,
    "link": "https://www.aldi.nl/verse-quiche-lorraine-1200209.html"
  },
  {
    "id": "1200208",
    "title": "Verse olijven pikant 200 g",
    "category": "Speciaal assortiment",
    "price": 1.99,
    "promoPrice": null,
    "price_per_unit": null,
    "unit": null,
    "image": "https://s7g10.scene7.com/is/image/aldinord/product_1200208_main_cms_1_nl_nl_verse_olijven_pikant_cw01_2024",
    "beschikbaar": true,
    "promoEnd": null,
    "link": "https://www.aldi.nl/verse-olijven-pikant-1200208.html"
  },
  {
    "id": "1200207",
    "title": "Kipschnitzel XXL 250 g",
    "category": "Vlees, vis, vega",
    "price": 3.29,
    "promoPrice": null,
    "price_per_unit": null,
    "unit": null,
    "image": "https://s7g10.scene7.com/is/image/aldinord/product_1200207_main_cms_1_nl_nl_kipschnitzel_xxl_cw01_2024",
    "beschikbaar": true,
    "promoEnd": null,
    "link": "https://www.aldi.nl/kipschnitzel-xxl-1200207.html"
  },
  {
    "id": "1200203",
    "title": "Sweet peppers 120 g",
    "category": "Speciaal assortiment",
    "price": 1.79,
    "promoPrice": 1.29,
    "price_per_unit": null,
    "unit": null,
    "image": "https://s7g10.scene7.com/is/image/aldinord/product_1200203_main_cms_1_nl_nl_sweet_peppers_cw01_2024",
    "beschikbaar": true,
    "promoEnd": "2025-10-19",
    "link": "https://www.aldi.nl/sweet-peppers-1200203.html"
  },
  {
    "id": "1200202",
    "title": "ORIENTAL DELIGHT Aziatische noedelmaaltijd 800 g",
    "category": "Maaltijden, salades",
    "price": 4.49,
    "promoPrice": null,
    "price_per_unit": 5.61,
    "unit": "KG",
    "image": "https://s7g10.scene7.com/is/image/aldinord/product_1200202_main_cms_4_nl_nl_aziatische_noedelmaaltijd_cw01_2024",
    "beschikbaar": true,
    "promoEnd": null,
    "link": "https://www.aldi.nl/aziatische-noedelmaaltijd-1200202.html"
  },
  {
    "id": "1200201",
    "title": "Varkensschnitzel XXL 250 g",
    "category": "Vlees, vis, vega",
    "price": 3.29,
    "promoPrice": null,
    "price_per_unit": null,
    "unit": null,
    "image": "https://s7g10.scene7.com/is/image/aldinord/product_1200201_main_cms_1_nl_nl_varkensschnitzel_xxl_cw01_2024",
    "beschikbaar": true,
    "promoEnd": null,
    "link": "https://www.aldi.nl/varkensschnitzel-xxl-1200201.html"
  },
  {
    "id": "1200199",
    "title": "DAYLICIOUS Aardappelgratin 450 g",
    "category": "Maaltijden, salades",
    "price": 1.99,
    "promoPrice": 1.99,
    "price_per_unit": 4.42,
    "unit": "KG",
    "image": "https://s7g10.scene7.com/is/image/aldinord/variant_1200199_1_main_cms_3_nl_nl_aardappelgratin_cw01_2024",
    "beschikbaar": true,
    "promoEnd": "2025-10-12",
    "link": "https://www.aldi.nl/aardappelgratin-1200199.html"
  },
  {
    "id": "1200198",
    "title": "LEKKER & SNEL Verse quiche champignon & spek 300 g",
    "category": "Maaltijden, salades",
    "price": 2.99,
    "promoPrice": null,
    "price_per_unit": null,
    "unit": null,
    "image": "https://s7g10.scene7.com/is/image/aldinord/product_1200198_main_cms_1_nl_nl_verse_quiche_champignon_spek_cw01_2024",
    "beschikbaar": true,
    "promoEnd": null,
    "link": "https://www.aldi.nl/verse-quiche-champignon-spek-1200198.html"
  },
  {
    "id": "1200197",
    "title": "Verse olijven knoflook 200 g",
    "category": "Speciaal assortiment",
    "price": 1.99,
    "promoPrice": null,
    "price_per_unit": null,
    "unit": null,
    "image": "https://s7g10.scene7.com/is/image/aldinord/product_1200197_main_cms_4_nl_nl_verse_olijven_knoflook_cw01_2024",
    "beschikbaar": true,
    "promoEnd": null,
    "link": "https://www.aldi.nl/verse-olijven-knoflook-1200197.html"
  },
  {
    "id": "1200196",
    "title": "Spianata Romana 100 g",
    "category": "Vlees, vis, vega",
    "price": 2.19,
    "promoPrice": null,
    "price_per_unit": null,
    "unit": null,
    "image": "https://s7g10.scene7.com/is/image/aldinord/product_1200196_main_cms_1_nl_nl_spianata_romana_cw01_2024",
    "beschikbaar": true,
    "promoEnd": null,
    "link": "https://www.aldi.nl/spianata-romana-1200196.html"
  },
  {
    "id": "1200193",
    "title": "Cervelaat Elzas 150 g",
    "category": "Vlees, vis, vega",
    "price": 2.19,
    "promoPrice": null,
    "price_per_unit": null,
    "unit": null,
    "image": "https://s7g10.scene7.com/is/image/aldinord/product_1200193_main_cms_1_nl_nl_cervelaat_elzas_cw01_2024",
    "beschikbaar": true,
    "promoEnd": null,
    "link": "https://www.aldi.nl/cervelaat-elzas-1200193.html"
  },
  {
    "id": "1200192",
    "title": "Salami Milano 100 g",
    "category": "Vlees, vis, vega",
    "price": 2.19,
    "promoPrice": null,
    "price_per_unit": null,
    "unit": null,
    "image": "https://s7g10.scene7.com/is/image/aldinord/product_1200192_main_cms_1_nl_nl_salami_milano_cw01_2024",
    "beschikbaar": true,
    "promoEnd": null,
    "link": "https://www.aldi.nl/salami-milano-1200192.html"
  },
  {
    "id": "1200191",
    "title": "MY VAY Plantaardig rulgehakt 175 g",
    "category": "Vlees, vis, vega",
    "price": 1.39,
    "promoPrice": null,
    "price_per_unit": 7.94,
    "unit": "KG",
    "image": "https://s7g10.scene7.com/is/image/aldinord/variant_1200191_1_main_cms_2_nl_nl_plantaardig_rulgehakt_cw01_2024",
    "beschikbaar": true,
    "promoEnd": null,
    "link": "https://www.aldi.nl/plantaardig-rulgehakt-1200191.html"
  },
  {
    "id": "1200190",
    "title": "MY VAY Vegan balletjes 200 g",
    "category": "Vlees, vis, vega",
    "price": 1.59,
    "promoPrice": null,
    "price_per_unit": 7.95,
    "unit": "KG",
    "image": "https://s7g10.scene7.com/is/image/aldinord/variant_1200190_1_main_cms_1_nl_nl_vegan_balletjes_cw01_2024",
    "beschikbaar": true,
    "promoEnd": null,
    "link": "https://www.aldi.nl/vegan-balletjes-1200190.html"
  },
  {
    "id": "1200189",
    "title": "MAMA MANCINI Pastagerecht Italiaanse tagliatelle 400 g",
    "category": "Maaltijden, salades",
    "price": 2.39,
    "promoPrice": null,
    "price_per_unit": null,
    "unit": null,
    "image": "https://s7g10.scene7.com/is/image/aldinord/product_1200189_main_cms_1_nl_nl_pastagerecht_italiaanse_tagliatelle_cw01_2024",
    "beschikbaar": true,
    "promoEnd": null,
    "link": "https://www.aldi.nl/pastagerecht-italiaanse-tagliatelle-1200189.html"
  },
  {
    "id": "1200188",
    "title": "Gemarineerde tomaten 120 g",
    "category": "Speciaal assortiment",
    "price": 1.79,
    "promoPrice": 1.29,
    "price_per_unit": null,
    "unit": null,
    "image": "https://s7g10.scene7.com/is/image/aldinord/product_1200188_main_cms_1_nl_nl_gemarineerde_tomaten_cw01_2024",
    "beschikbaar": true,
    "promoEnd": "2025-10-19",
    "link": "https://www.aldi.nl/gemarineerde-tomaten-1200188.html"
  },
  {
    "id": "1200187",
    "title": "Gekookte- of grillworst 150 g",
    "category": "Vlees, vis, vega",
    "price": 1.79,
    "promoPrice": null,
    "price_per_unit": null,
    "unit": null,
    "image": "https://s7g10.scene7.com/is/image/aldinord/variant_1200172_1_main_cms_1_nl_nl_gekookte_worst_cw01_2024",
    "beschikbaar": true,
    "promoEnd": null,
    "link": "https://www.aldi.nl/gekookte-of-grillworst-1200187.html"
  },
  {
    "id": "1200186",
    "title": "LEKKER & SNEL Verse quiche Mediterrane groenten 300 g",
    "category": "Maaltijden, salades",
    "price": 2.99,
    "promoPrice": null,
    "price_per_unit": null,
    "unit": null,
    "image": "https://s7g10.scene7.com/is/image/aldinord/product_1200186_main_cms_1_nl_nl_verse_quiche_mediterrane_groenten_cw01_2024",
    "beschikbaar": true,
    "promoEnd": null,
    "link": "https://www.aldi.nl/verse-quiche-mediterrane-groenten-1200186.html"
  },
  {
    "id": "1200184",
    "title": "Verse olijven met basilicum 200 g",
    "category": "Speciaal assortiment",
    "price": 1.99,
    "promoPrice": null,
    "price_per_unit": null,
    "unit": null,
    "image": "https://s7g10.scene7.com/is/image/aldinord/product_1200184_main_cms_1_nl_nl_verse_olijven_met_basilicum_cw01_2024",
    "beschikbaar": true,
    "promoEnd": null,
    "link": "https://www.aldi.nl/verse-olijven-met-basilicum-1200184.html"
  },
  {
    "id": "1200181",
    "title": "POTATO KING Kookaardappelen vast 500 g",
    "category": "Groente, aardappelen",
    "price": 0.89,
    "promoPrice": null,
    "price_per_unit": null,
    "unit": null,
    "image": "https://s7g10.scene7.com/is/image/aldinord/product_1200181_main_cms_1_nl_nl_kookaardappelen_vast_cw01_2024",
    "beschikbaar": true,
    "promoEnd": null,
    "link": "https://www.aldi.nl/kookaardappelen-vast-1200181.html"
  },
  {
    "id": "1200178",
    "title": "MY VAY Vegan falafelballetjes 200 g",
    "category": "Vlees, vis, vega",
    "price": 1.49,
    "promoPrice": null,
    "price_per_unit": 7.45,
    "unit": "KG",
    "image": "https://s7g10.scene7.com/is/image/aldinord/variant_1200178_1_main_cms_1_nl_nl_vegan_falafelballetjes_cw01_2024",
    "beschikbaar": true,
    "promoEnd": null,
    "link": "https://www.aldi.nl/vegan-falafelballetjes-1200178.html"
  },
  {
    "id": "1200176",
    "title": "MAMA MANCINI Pastagerecht spaghetti bolognese 400 g",
    "category": "Maaltijden, salades",
    "price": 2.39,
    "promoPrice": null,
    "price_per_unit": null,
    "unit": null,
    "image": "https://s7g10.scene7.com/is/image/aldinord/product_1200176_main_cms_1_nl_nl_pastagerecht_spaghetti_bolognese_cw01_2024",
    "beschikbaar": true,
    "promoEnd": null,
    "link": "https://www.aldi.nl/pastagerecht-spaghetti-bolognese-1200176.html"
  },
  {
    "id": "1200175",
    "title": "LEKKER & SNEL Verse quiche tomaat & mozzarella 300 g",
    "category": "Maaltijden, salades",
    "price": 3.19,
    "promoPrice": null,
    "price_per_unit": null,
    "unit": null,
    "image": "https://s7g10.scene7.com/is/image/aldinord/product_1200175_main_cms_1_nl_nl_verse_quiche_tomaat_mozzarella_cw01_2024",
    "beschikbaar": true,
    "promoEnd": null,
    "link": "https://www.aldi.nl/verse-quiche-tomaat-mozzarella-1200175.html"
  },
  {
    "id": "1200173",
    "title": "Borrelworst 125 g",
    "category": "Vlees, vis, vega",
    "price": 2.69,
    "promoPrice": null,
    "price_per_unit": null,
    "unit": null,
    "image": "https://s7g10.scene7.com/is/image/aldinord/product_1200173_main_cms_1_nl_nl_borrelworst_cw01_2024",
    "beschikbaar": true,
    "promoEnd": null,
    "link": "https://www.aldi.nl/borrelworst-1200173.html"
  },
  {
    "id": "1200168",
    "title": "POTATO KING Kookaardappelen kruimig 500 g",
    "category": "Groente, aardappelen",
    "price": 0.89,
    "promoPrice": null,
    "price_per_unit": null,
    "unit": null,
    "image": "https://s7g10.scene7.com/is/image/aldinord/product_1200168_main_cms_1_nl_nl_kookaardappelen_kruimig_cw01_2024",
    "beschikbaar": true,
    "promoEnd": null,
    "link": "https://www.aldi.nl/kookaardappelen-kruimig-1200168.html"
  },
  {
    "id": "1200167",
    "title": "Verse olijven met witte kaas 200 g",
    "category": "Zuivel, eieren",
    "price": 1.99,
    "promoPrice": null,
    "price_per_unit": null,
    "unit": null,
    "image": "https://s7g10.scene7.com/is/image/aldinord/product_1200167_main_cms_1_nl_nl_verse_olijven_met_witte_kaas_cw01_2024",
    "beschikbaar": true,
    "promoEnd": null,
    "link": "https://www.aldi.nl/verse-olijven-met-witte-kaas-1200167.html"
  },
  {
    "id": "1200166",
    "title": "ORIENTAL DELIGHT Kip tikka masala 500 g",
    "category": "Maaltijden, salades",
    "price": 3.99,
    "promoPrice": null,
    "price_per_unit": null,
    "unit": null,
    "image": "https://s7g10.scene7.com/is/image/aldinord/product_1200166_main_cms_1_nl_nl_kip_tikka_masala_cw01_2024",
    "beschikbaar": true,
    "promoEnd": null,
    "link": "https://www.aldi.nl/kip-tikka-masala-1200166.html"
  },
  {
    "id": "1200165",
    "title": "MAMA MANCINI Lasagna verde 400 g",
    "category": "Maaltijden, salades",
    "price": 2.49,
    "promoPrice": null,
    "price_per_unit": null,
    "unit": null,
    "image": "https://s7g10.scene7.com/is/image/aldinord/product_1200165_main_cms_1_nl_nl_lasagna_verde_cw01_2024",
    "beschikbaar": true,
    "promoEnd": null,
    "link": "https://www.aldi.nl/lasagna-verde-1200165.html"
  },
  {
    "id": "1200163",
    "title": "MAMA MANCINI Pastagerecht macaroni ham-kaas 400-450 g",
    "category": "Maaltijden, salades",
    "price": 2.39,
    "promoPrice": null,
    "price_per_unit": null,
    "unit": null,
    "image": "https://s7g10.scene7.com/is/image/aldinord/product_1200163_main_cms_2_nl_nl_pastagerecht_macaroni_ham_kaas_cw01_2024",
    "beschikbaar": true,
    "promoEnd": null,
    "link": "https://www.aldi.nl/pastagerecht-macaroni-ham-kaas-1200163.html"
  },
  {
    "id": "1200162",
    "title": "Luchtgedroogde rauwe ham 80 g",
    "category": "Vlees, vis, vega",
    "price": 1.49,
    "promoPrice": null,
    "price_per_unit": null,
    "unit": null,
    "image": "https://s7g10.scene7.com/is/image/aldinord/product_1200162_main_cms_1_nl_nl_luchtgedroogde_rauwe_ham_cw01_2024",
    "beschikbaar": true,
    "promoEnd": null,
    "link": "https://www.aldi.nl/luchtgedroogde-rauwe-ham-1200162.html"
  },
  {
    "id": "1200161",
    "title": "LEKKER & SNEL Verse quiche zalm-broccoli 300 g",
    "category": "Maaltijden, salades",
    "price": 3.19,
    "promoPrice": null,
    "price_per_unit": null,
    "unit": null,
    "image": "https://s7g10.scene7.com/is/image/aldinord/product_1200161_main_cms_1_nl_nl_verse_quiche_zalm_broccoli_cw01_2024",
    "beschikbaar": true,
    "promoEnd": null,
    "link": "https://www.aldi.nl/verse-quiche-zalm-broccoli-1200161.html"
  },
  {
    "id": "1200159",
    "title": "MY VAY Vegan groenteburgers Inhoud: 2 stuks, 200 g",
    "category": "Vlees, vis, vega",
    "price": 1.69,
    "promoPrice": null,
    "price_per_unit": 8.45,
    "unit": "KG",
    "image": "https://s7g10.scene7.com/is/image/aldinord/variant_1200159_1_main_cms_1_nl_nl_vegan_groenteburgers_cw01_2024",
    "beschikbaar": true,
    "promoEnd": null,
    "link": "https://www.aldi.nl/vegan-groenteburgers-1200159.html"
  },
  {
    "id": "1200158",
    "title": "MY VAY Vegan schnitzels Inhoud: 2 stuks, 200 g",
    "category": "Vlees, vis, vega",
    "price": 1.69,
    "promoPrice": null,
    "price_per_unit": 8.45,
    "unit": "KG",
    "image": "https://s7g10.scene7.com/is/image/aldinord/variant_1200158_1_main_cms_2_nl_nl_vegan_schnitzels_cw01_2024",
    "beschikbaar": true,
    "promoEnd": null,
    "link": "https://www.aldi.nl/vegan-schnitzels-1200158.html"
  },
  {
    "id": "1200155",
    "title": "MAMA MANCINI Lasagne pittig rundergehakt 400 g",
    "category": "Maaltijden, salades",
    "price": 3.49,
    "promoPrice": null,
    "price_per_unit": null,
    "unit": null,
    "image": "https://s7g10.scene7.com/is/image/aldinord/product_1200155_main_cms_1_nl_nl_lasagne_pittig_rundergehakt_cw01_2024",
    "beschikbaar": true,
    "promoEnd": null,
    "link": "https://www.aldi.nl/lasagne-pittig-rundergehakt-1200155.html"
  },
  {
    "id": "1200154",
    "title": "Groene pesto 120 g",
    "category": "Vlees, vis, vega",
    "price": 1.79,
    "promoPrice": null,
    "price_per_unit": null,
    "unit": null,
    "image": "https://s7g10.scene7.com/is/image/aldinord/product_1200154_main_cms_4_nl_nl_groene_pesto_cw01_2024",
    "beschikbaar": true,
    "promoEnd": null,
    "link": "https://www.aldi.nl/groene-pesto-1200154.html"
  },
  {
    "id": "1200153",
    "title": "ORIENTAL DELIGHT Thaise rode curry 500 g",
    "category": "Maaltijden, salades",
    "price": 3.99,
    "promoPrice": null,
    "price_per_unit": null,
    "unit": null,
    "image": "https://s7g10.scene7.com/is/image/aldinord/product_1200153_main_cms_1_nl_nl_thaise_rode_curry_cw01_2024",
    "beschikbaar": true,
    "promoEnd": null,
    "link": "https://www.aldi.nl/thaise-rode-curry-1200153.html"
  },
  {
    "id": "1200150",
    "title": "MAMA MANCINI Focaccia knoflook-mozzarella 300 g",
    "category": "Brood, ontbijtgranen",
    "price": 1.99,
    "promoPrice": null,
    "price_per_unit": null,
    "unit": null,
    "image": "https://s7g10.scene7.com/is/image/aldinord/product_1200150_main_cms_1_nl_nl_focaccia_knoflook_mozzarella_cw01_2024",
    "beschikbaar": true,
    "promoEnd": null,
    "link": "https://www.aldi.nl/focaccia-knoflook-mozzarella-1200150.html"
  },
  {
    "id": "1200147",
    "title": "Mild gerookte rauwe ham 80 g",
    "category": "Vlees, vis, vega",
    "price": 1.49,
    "promoPrice": null,
    "price_per_unit": null,
    "unit": null,
    "image": "https://s7g10.scene7.com/is/image/aldinord/product_1200147_main_cms_1_nl_nl_mild_gerookte_rauwe_ham_cw01_2024",
    "beschikbaar": true,
    "promoEnd": null,
    "link": "https://www.aldi.nl/mild-gerookte-rauwe-ham-1200147.html"
  },
  {
    "id": "1200146",
    "title": "ORIENTAL DELIGHT Kip tandoori 500 g",
    "category": "Maaltijden, salades",
    "price": 3.99,
    "promoPrice": null,
    "price_per_unit": null,
    "unit": null,
    "image": "https://s7g10.scene7.com/is/image/aldinord/product_1200146_main_cms_1_nl_nl_kip_tandoori_cw01_2024",
    "beschikbaar": true,
    "promoEnd": null,
    "link": "https://www.aldi.nl/kip-tandoori-1200146.html"
  },
  {
    "id": "1200145",
    "title": "MAMA MANCINI Foccacia paprika-olijf 300 g",
    "category": "Brood, ontbijtgranen",
    "price": 1.99,
    "promoPrice": null,
    "price_per_unit": null,
    "unit": null,
    "image": "https://s7g10.scene7.com/is/image/aldinord/product_1200145_main_cms_1_nl_nl_foccacia_paprika_olijf_cw01_2024",
    "beschikbaar": true,
    "promoEnd": null,
    "link": "https://www.aldi.nl/foccacia-paprika-olijf-1200145.html"
  },
  {
    "id": "1200144",
    "title": "MAMA MANCINI Lasagne bolognese 400 g",
    "category": "Maaltijden, salades",
    "price": 1.99,
    "promoPrice": 1.99,
    "price_per_unit": null,
    "unit": null,
    "image": "https://s7g10.scene7.com/is/image/aldinord/product_1200144_main_cms_2_nl_nl_lasagne_bolognese_cw01_2024",
    "beschikbaar": true,
    "promoEnd": "2025-10-12",
    "link": "https://www.aldi.nl/lasagne-bolognese-1200144.html"
  },
  {
    "id": "1200143",
    "title": "LEKKER & SNEL Verse quiche spinazie en geitenkaas 300 g",
    "category": "Maaltijden, salades",
    "price": 2.99,
    "promoPrice": null,
    "price_per_unit": null,
    "unit": null,
    "image": "https://s7g10.scene7.com/is/image/aldinord/product_1200143_main_cms_1_nl_nl_verse_quiche_spinazie_en_geitenkaas_cw01_2024",
    "beschikbaar": true,
    "promoEnd": null,
    "link": "https://www.aldi.nl/verse-quiche-spinazie-en-geitenkaas-1200143.html"
  },
  {
    "id": "1200142",
    "title": "MY VAY Vegan hamburgers Inhoud: 2 stuks, 200 g",
    "category": "Vlees, vis, vega",
    "price": 1.49,
    "promoPrice": null,
    "price_per_unit": 7.45,
    "unit": "KG",
    "image": "https://s7g10.scene7.com/is/image/aldinord/variant_1200142_1_main_cms_1_nl_nl_vegan_hamburgers_cw01_2024",
    "beschikbaar": true,
    "promoEnd": null,
    "link": "https://www.aldi.nl/vegan-hamburgers-1200142.html"
  },
  {
    "id": "1200140",
    "title": "MY VAY Vegan Oosterse burgers Inhoud: 2 stuks, 200 g",
    "category": "Vlees, vis, vega",
    "price": 1.69,
    "promoPrice": 1.49,
    "price_per_unit": 8.45,
    "unit": "KG",
    "image": "https://s7g10.scene7.com/is/image/aldinord/product_1200140_main_cms_1_nl_nl_vegan_oosterse_burgers_cw01_2024",
    "beschikbaar": true,
    "promoEnd": "2025-10-19",
    "link": "https://www.aldi.nl/vegan-oosterse-burgers-1200140.html"
  },
  {
    "id": "1200136",
    "title": "MAMA MANCINI Pastagerecht penne kip-pesto 400 g",
    "category": "Maaltijden, salades",
    "price": 2.39,
    "promoPrice": null,
    "price_per_unit": null,
    "unit": null,
    "image": "https://s7g10.scene7.com/is/image/aldinord/product_1200136_main_cms_1_nl_nl_pastagerecht_penne_kip_pesto_cw01_2024",
    "beschikbaar": true,
    "promoEnd": null,
    "link": "https://www.aldi.nl/pastagerecht-penne-kip-pesto-1200136.html"
  },
  {
    "id": "1200133",
    "title": "MAMA MANCINI Lasagne kip 400 g",
    "category": "Maaltijden, salades",
    "price": 3.49,
    "promoPrice": null,
    "price_per_unit": null,
    "unit": null,
    "image": "https://s7g10.scene7.com/is/image/aldinord/product_1200133_main_cms_1_nl_nl_lasagne_kip_cw01_2024",
    "beschikbaar": true,
    "promoEnd": null,
    "link": "https://www.aldi.nl/lasagne-kip-1200133.html"
  },
  {
    "id": "1200131",
    "title": "CUCINA NOBILE Italiaanse geraspte kaas 125-150 g",
    "category": "Maaltijden, salades",
    "price": 2.89,
    "promoPrice": null,
    "price_per_unit": null,
    "unit": null,
    "image": "https://s7g10.scene7.com/is/image/aldinord/product_1200131_main_cms_1_nl_nl_italiaanse_geraspte_kaas_cw01_2024",
    "beschikbaar": true,
    "promoEnd": null,
    "link": "https://www.aldi.nl/italiaanse-geraspte-kaas-1200131.html"
  },
  {
    "id": "1200130",
    "title": "MOLENLAND Geraspte kaas voor ovenschotels 150 g",
    "category": "Zuivel, eieren",
    "price": 1.87,
    "promoPrice": null,
    "price_per_unit": null,
    "unit": null,
    "image": "https://s7g10.scene7.com/is/image/aldinord/product_1200130_main_cms_2_nl_nl_geraspte_kaas_voor_ovenschotels_cw01_2024",
    "beschikbaar": true,
    "promoEnd": null,
    "link": "https://www.aldi.nl/geraspte-kaas-voor-ovenschotels-1200130.html"
  },
  {
    "id": "1200129",
    "title": "MOLENLAND Geraspte kaas voor pizza 150 g",
    "category": "Zuivel, eieren",
    "price": 1.87,
    "promoPrice": null,
    "price_per_unit": null,
    "unit": null,
    "image": "https://s7g10.scene7.com/is/image/aldinord/product_1200129_main_cms_2_nl_nl_geraspte_kaas_voor_pizza_cw01_2024",
    "beschikbaar": true,
    "promoEnd": null,
    "link": "https://www.aldi.nl/geraspte-kaas-voor-pizza-1200129.html"
  },
  {
    "id": "1200122",
    "title": "DE AFBAKKER Petit pains meergranen 4 stuks",
    "category": "Brood, ontbijtgranen",
    "price": 1.49,
    "promoPrice": null,
    "price_per_unit": null,
    "unit": null,
    "image": "https://s7g10.scene7.com/is/image/aldinord/product_1200122_main_cms_1_nl_nl_petit_pains_meergranen_cw01_2024",
    "beschikbaar": true,
    "promoEnd": null,
    "link": "https://www.aldi.nl/petit-pains-meergranen-1200122.html"
  },
  {
    "id": "1200121",
    "title": "DE AFBAKKER Baguettes meergranen 2 stuks",
    "category": "Brood, ontbijtgranen",
    "price": 1.49,
    "promoPrice": null,
    "price_per_unit": null,
    "unit": null,
    "image": "https://s7g10.scene7.com/is/image/aldinord/product_1200121_main_cms_1_nl_nl_baguettes_meergranen_cw01_2024",
    "beschikbaar": true,
    "promoEnd": null,
    "link": "https://www.aldi.nl/baguettes-meergranen-1200121.html"
  },
  {
    "id": "1200120",
    "title": "ALBONA Bakmix voor fijnecake 400 g",
    "category": "Brood, ontbijtgranen",
    "price": 0.88,
    "promoPrice": null,
    "price_per_unit": null,
    "unit": null,
    "image": "https://s7g10.scene7.com/is/image/aldinord/product_1200120_main_cms_1_nl_nl_bakmix_voor_fijnecake_cw01_2024",
    "beschikbaar": true,
    "promoEnd": null,
    "link": "https://www.aldi.nl/bakmix-voor-fijnecake-1200120.html"
  },
  {
    "id": "1200119",
    "title": "ALBONA Bakmix voor brownies 360 g",
    "category": "Brood, ontbijtgranen",
    "price": 1.65,
    "promoPrice": null,
    "price_per_unit": null,
    "unit": null,
    "image": "https://s7g10.scene7.com/is/image/aldinord/product_1200119_main_cms_1_nl_nl_bakmix_voor_brownies_cw01_2024",
    "beschikbaar": true,
    "promoEnd": null,
    "link": "https://www.aldi.nl/bakmix-voor-brownies-1200119.html"
  },
  {
    "id": "1200116",
    "title": "ALBONA Bakmix voor boerencake 400 g",
    "category": "Brood, ontbijtgranen",
    "price": 0.97,
    "promoPrice": null,
    "price_per_unit": null,
    "unit": null,
    "image": "https://s7g10.scene7.com/is/image/aldinord/product_1200116_main_cms_1_nl_nl_bakmix_voor_boerencake_cw01_2024",
    "beschikbaar": true,
    "promoEnd": null,
    "link": "https://www.aldi.nl/bakmix-voor-boerencake-1200116.html"
  },
  {
    "id": "1200115",
    "title": "ALBONA Bakmix voor muffins 350 g",
    "category": "Brood, ontbijtgranen",
    "price": 1.65,
    "promoPrice": null,
    "price_per_unit": null,
    "unit": null,
    "image": "https://s7g10.scene7.com/is/image/aldinord/product_1200115_main_cms_1_nl_nl_bakmix_voor_muffins_cw01_2024",
    "beschikbaar": true,
    "promoEnd": null,
    "link": "https://www.aldi.nl/bakmix-voor-muffins-1200115.html"
  },
  {
    "id": "1200114",
    "title": "TANDIL Wascapsules 3-in-1 wit of kleur 20 wasbeurten",
    "category": "Baby, verzorging",
    "price": 4.49,
    "promoPrice": null,
    "price_per_unit": null,
    "unit": null,
    "image": "https://s7g10.scene7.com/is/image/aldinord/product_1200114_main_cms_3_nl_nl_wascapsules_3_in_1_wit_of_kleur_cw01_2024",
    "beschikbaar": true,
    "promoEnd": null,
    "link": "https://www.aldi.nl/wascapsules-3-in-1-wit-of-kleur-1200114.html"
  },
  {
    "id": "1200112",
    "title": "TANDIL Waspoeder kleur 30 wasbeurten",
    "category": "Huishouden",
    "price": 4.49,
    "promoPrice": null,
    "price_per_unit": null,
    "unit": null,
    "image": "https://s7g10.scene7.com/is/image/aldinord/product_1200112_main_cms_1_nl_nl_waspoeder_kleur_cw01_2024",
    "beschikbaar": true,
    "promoEnd": null,
    "link": "https://www.aldi.nl/waspoeder-kleur-1200112.html"
  },
  {
    "id": "1200111",
    "title": "TANDIL Vloeibaar wasmiddel wit of kleur 20 wasbeurten",
    "category": "Huishouden",
    "price": 3.42,
    "promoPrice": null,
    "price_per_unit": null,
    "unit": null,
    "image": "https://s7g10.scene7.com/is/image/aldinord/product_1200111_main_cms_1_nl_nl_vloeibaar_wasmiddel_wit_of_kleur_cw01_2024",
    "beschikbaar": true,
    "promoEnd": null,
    "link": "https://www.aldi.nl/vloeibaar-wasmiddel-wit-of-kleur-1200111.html"
  },
  {
    "id": "1200109",
    "title": "TANDIL Wasmiddel kleur of wit 28 wasbeurten",
    "category": "Huishouden",
    "price": 2.49,
    "promoPrice": null,
    "price_per_unit": null,
    "unit": null,
    "image": "https://s7g10.scene7.com/is/image/aldinord/product_1200109_main_cms_1_nl_nl_wasmiddel_kleur_of_wit_cw01_2024",
    "beschikbaar": true,
    "promoEnd": null,
    "link": "https://www.aldi.nl/wasmiddel-kleur-of-wit-1200109.html"
  },
  {
    "id": "1200106",
    "title": "MOSER ROTH Chocolade 125 g",
    "category": "Snoep, koek, chips",
    "price": 2.19,
    "promoPrice": null,
    "price_per_unit": 17.52,
    "unit": "KG",
    "image": "https://s7g10.scene7.com/is/image/aldinord/variant_1200106_1_main_cms_5_nl_nl_chocolade_cw01_2024",
    "beschikbaar": true,
    "promoEnd": null,
    "link": "https://www.aldi.nl/chocolade-1200106.html"
  },
  {
    "id": "1200104",
    "title": "KNOPPERS 5-pack Knoppers 200 g",
    "category": "Snoep, koek, chips",
    "price": null,
    "promoPrice": null,
    "price_per_unit": null,
    "unit": null,
    "image": "https://s7g10.scene7.com/is/image/aldinord/product_1200104_main_cms_5_nl_nl_5_pack_knoppers_cw01_2024",
    "beschikbaar": true,
    "promoEnd": null,
    "link": "https://www.aldi.nl/5-pack-knoppers-1200104.html"
  },
  {
    "id": "1200103",
    "title": "DROPMAKERS Zoete dropmix, Gesuikerde dropmix of Zout- en salmiakmix 400 g",
    "category": "Snoep, koek, chips",
    "price": 1.99,
    "promoPrice": null,
    "price_per_unit": null,
    "unit": null,
    "image": "https://s7g10.scene7.com/is/image/aldinord/product_1200103_main_cms_1_nl_nl_zoete_dropmix_gesuikerde_dropmix_of_zout_cw01_2024",
    "beschikbaar": true,
    "promoEnd": null,
    "link": "https://www.aldi.nl/zoete-dropmix-gesuikerde-dropmix-of-zout-en-salmiakmix-1200103.html"
  },
  {
    "id": "1200102",
    "title": "SUN SNACKS Ribbelchips naturel of paprika 250 g",
    "category": "Snoep, koek, chips",
    "price": 1.34,
    "promoPrice": null,
    "price_per_unit": null,
    "unit": null,
    "image": "https://s7g10.scene7.com/is/image/aldinord/product_1200102_main_cms_1_nl_nl_ribbelchips_naturel_of_paprika_cw01_2024",
    "beschikbaar": true,
    "promoEnd": null,
    "link": "https://www.aldi.nl/ribbelchips-naturel-of-paprika-1200102.html"
  },
  {
    "id": "1200101",
    "title": "CHOCEUR Pure chocolade met hazelnoten of melkchocolade met hazelnoten 100 g",
    "category": "Snoep, koek, chips",
    "price": 1.39,
    "promoPrice": null,
    "price_per_unit": null,
    "unit": null,
    "image": "https://s7g10.scene7.com/is/image/aldinord/product_1200101_main_cms_1_nl_nl_pure_chocolade_met_hazelnoten_of_melkcho_cw01_2024",
    "beschikbaar": true,
    "promoEnd": null,
    "link": "https://www.aldi.nl/pure-chocolade-met-hazelnoten-of-melkchocolade-met-hazelnoten-1200101.html"
  },
  {
    "id": "1200076",
    "title": "SNACK FAN Kalfskroketten, Krokante kipsatékroketten of Goulash kroketten Inhoud: 4 stuks, 400 g",
    "category": "Snoep, koek, chips",
    "price": 2.59,
    "promoPrice": null,
    "price_per_unit": null,
    "unit": null,
    "image": "https://s7g10.scene7.com/is/image/aldinord/product_1200076_main_cms_1_nl_nl_kalfskroketten_krokante_kipsatekroketten_cw01_2024",
    "beschikbaar": true,
    "promoEnd": null,
    "link": "https://www.aldi.nl/kalfskroketten-krokante-kipsatkroketten-of-goulash-kroketten-1200076.html"
  },
  {
    "id": "1200075",
    "title": "SNACK FAN 2-pack bapao rund of kip 2x120 g",
    "category": "Snoep, koek, chips",
    "price": 0.99,
    "promoPrice": null,
    "price_per_unit": null,
    "unit": null,
    "image": "https://s7g10.scene7.com/is/image/aldinord/product_1200075_main_cms_1_nl_nl_2_pack_bapao_rund_of_kip_cw01_2024",
    "beschikbaar": true,
    "promoEnd": null,
    "link": "https://www.aldi.nl/2-pack-bapao-rund-of-kip-1200075.html"
  },
  {
    "id": "1235787",
    "title": "GOURMET Mini loempia's eend & hoisin 216 g",
    "category": "Huis, tuin en seizoen",
    "price": null,
    "promoPrice": null,
    "price_per_unit": null,
    "unit": null,
    "image": "https://s7g10.scene7.com/is/image/aldinord/product_1235787_main_cms_2_nl_nl_mini_loempia_s_eend_hoisin_cw01_2024",
    "beschikbaar": false,
    "promoEnd": null,
    "link": "https://www.aldi.nl/mini-loempias-eend-hoisin-1235787.html"
  },
  {
    "id": "1235089",
    "title": "Filet americain speciaal of truffelmayo 150 g",
    "category": "Huis, tuin en seizoen",
    "price": null,
    "promoPrice": null,
    "price_per_unit": null,
    "unit": null,
    "image": "https://s7g10.scene7.com/is/image/aldinord/product_1235089_main_cms_1_nl_nl_filet_americain_speciaal_of_truffelmayo_cw01_2024",
    "beschikbaar": false,
    "promoEnd": null,
    "link": "https://www.aldi.nl/filet-americain-speciaal-of-truffelmayo-1235089.html"
  },
  {
    "id": "1234955",
    "title": "Piel de Sapo meloen Per kilo",
    "category": "Groente, aardappelen",
    "price": null,
    "promoPrice": null,
    "price_per_unit": null,
    "unit": null,
    "image": "https://s7g10.scene7.com/is/image/aldinord/product_1234955_main_cms_2_nl_nl_piel_de_sapo_meloen_cw01_2024",
    "beschikbaar": false,
    "promoEnd": null,
    "link": "https://www.aldi.nl/piel-de-sapo-meloen-1234955.html"
  },
  {
    "id": "1234952",
    "title": "Cantaloupe meloen Per kilo",
    "category": "Groente, aardappelen",
    "price": null,
    "promoPrice": null,
    "price_per_unit": null,
    "unit": null,
    "image": "https://s7g10.scene7.com/is/image/aldinord/product_1234952_main_cms_5_nl_nl_cantaloupe_meloen_cw01_2024",
    "beschikbaar": false,
    "promoEnd": null,
    "link": "https://www.aldi.nl/cantaloupe-meloen-1234952.html"
  },
  {
    "id": "1234602",
    "title": "Ribeye of entrecote Ca. 200 g",
    "category": "Vlees, vis, vega",
    "price": null,
    "promoPrice": null,
    "price_per_unit": null,
    "unit": null,
    "image": "https://s7g10.scene7.com/is/image/aldinord/product_1234602_main_cms_8_nl_nl_ribeye_of_entrecote_cw01_2024",
    "beschikbaar": false,
    "promoEnd": null,
    "link": "https://www.aldi.nl/ribeye-of-entrecote-1234602.html"
  },
  {
    "id": "1233152",
    "title": "Barbecueworsten met tuinkruiden Inhoud: 5 stuks, 350 g",
    "category": "Speciaal assortiment",
    "price": null,
    "promoPrice": null,
    "price_per_unit": null,
    "unit": null,
    "image": "https://s7g10.scene7.com/is/image/aldinord/product_1233152_main_cms_2_nl_nl_barbecueworsten_met_tuinkruiden_cw01_2024",
    "beschikbaar": false,
    "promoEnd": null,
    "link": "https://www.aldi.nl/barbecueworsten-met-tuinkruiden-1233152.html"
  },
  {
    "id": "1233151",
    "title": "Barbecueworsten licht pikant Inhoud: 5 stuks, 350 g",
    "category": "Speciaal assortiment",
    "price": null,
    "promoPrice": null,
    "price_per_unit": null,
    "unit": null,
    "image": "https://s7g10.scene7.com/is/image/aldinord/product_1233151_main_cms_2_nl_nl_barbecueworsten_licht_pikant_cw01_2024",
    "beschikbaar": false,
    "promoEnd": null,
    "link": "https://www.aldi.nl/barbecueworsten-licht-pikant-1233151.html"
  },
  {
    "id": "1232883",
    "title": "PREMIUM DUTCH Sparkz 275 ml",
    "category": "Speciaal assortiment",
    "price": null,
    "promoPrice": null,
    "price_per_unit": null,
    "unit": null,
    "image": "https://s7g10.scene7.com/is/image/aldinord/product_1232883_main_cms_4_nl_nl_sparkz_cw01_2024",
    "beschikbaar": false,
    "promoEnd": null,
    "link": "https://www.aldi.nl/sparkz-1232883.html"
  },
  {
    "id": "1232747",
    "title": "RAVINI Zomer-cocktail 0.75 l",
    "category": "Speciaal assortiment",
    "price": null,
    "promoPrice": null,
    "price_per_unit": null,
    "unit": null,
    "image": "https://s7g10.scene7.com/is/image/aldinord/product_1232747_main_cms_8_nl_nl_zomer_cocktail_cw01_2024",
    "beschikbaar": false,
    "promoEnd": null,
    "link": "https://www.aldi.nl/zomer-cocktail-1232747.html"
  },
  {
    "id": "1232531",
    "title": "DE HETE KETEL Heldere kippensoep 570 ml",
    "category": "Vlees, vis, vega",
    "price": null,
    "promoPrice": null,
    "price_per_unit": null,
    "unit": null,
    "image": "https://s7g10.scene7.com/is/image/aldinord/product_1232531_main_cms_1_nl_nl_heldere_kippensoep_cw01_2024",
    "beschikbaar": false,
    "promoEnd": null,
    "link": "https://www.aldi.nl/heldere-kippensoep-1232531.html"
  },
  {
    "id": "1232434",
    "title": "Kruidencrème met verse kruiden 100 g",
    "category": "Speciaal assortiment",
    "price": null,
    "promoPrice": null,
    "price_per_unit": null,
    "unit": null,
    "image": "https://s7g10.scene7.com/is/image/aldinord/product_1232434_main_cms_1_nl_nl_kruidencreme_met_verse_kruiden_cw01_2024",
    "beschikbaar": false,
    "promoEnd": null,
    "link": "https://www.aldi.nl/kruidencrme-met-verse-kruiden-1232434.html"
  },
  {
    "id": "1232226",
    "title": "GOURMET Maisbollen Inhoud: 2 stuks, 200 g",
    "category": "Speciaal assortiment",
    "price": null,
    "promoPrice": null,
    "price_per_unit": null,
    "unit": null,
    "image": "https://s7g10.scene7.com/is/image/aldinord/product_1232226_main_cms_1_nl_nl_maisbollen_cw01_2024",
    "beschikbaar": false,
    "promoEnd": null,
    "link": "https://www.aldi.nl/maisbollen-1232226.html"
  },
  {
    "id": "1232204",
    "title": "DAYLICIOUS Huzarenschotel 400 g",
    "category": "Speciaal assortiment",
    "price": null,
    "promoPrice": null,
    "price_per_unit": null,
    "unit": null,
    "image": "https://s7g10.scene7.com/is/image/aldinord/product_1232204_main_cms_3_nl_nl_huzarenschotel_cw01_2024",
    "beschikbaar": false,
    "promoEnd": null,
    "link": "https://www.aldi.nl/huzarenschotel-1232204.html"
  },
  {
    "id": "1232147",
    "title": "PREMIUM DUTCH Hard seltzer limoen of framboos 25 cl",
    "category": "Speciaal assortiment",
    "price": null,
    "promoPrice": null,
    "price_per_unit": null,
    "unit": null,
    "image": "https://s7g10.scene7.com/is/image/aldinord/product_1232147_main_cms_7_nl_nl_hard_seltzer_limoen_of_framboos_cw01_2024",
    "beschikbaar": false,
    "promoEnd": null,
    "link": "https://www.aldi.nl/hard-seltzer-limoen-of-framboos-1232147.html"
  },
  {
    "id": "1232061",
    "title": "MUCCI Spinnerijs aardbei-vanille 7 stuks",
    "category": "Speciaal assortiment",
    "price": null,
    "promoPrice": null,
    "price_per_unit": null,
    "unit": null,
    "image": "https://s7g10.scene7.com/is/image/aldinord/product_1232061_main_cms_1_nl_nl_spinnerijs_aardbei_vanille_cw01_2024",
    "beschikbaar": false,
    "promoEnd": null,
    "link": "https://www.aldi.nl/spinnerijs-aardbei-vanille-1232061.html"
  },
  {
    "id": "1231677",
    "title": "BBQ Schouderkarbonade gekruid 450 g",
    "category": "Speciaal assortiment",
    "price": null,
    "promoPrice": null,
    "price_per_unit": null,
    "unit": null,
    "image": "https://s7g10.scene7.com/is/image/aldinord/product_1231677_main_cms_1_nl_nl_schouderkarbonade_gekruid_cw01_2024",
    "beschikbaar": false,
    "promoEnd": null,
    "link": "https://www.aldi.nl/schouderkarbonade-gekruid-1231677.html"
  },
  {
    "id": "1231671",
    "title": "BBQ Gekruide speklappen Inhoud: 4 stuks, 400 g",
    "category": "Speciaal assortiment",
    "price": null,
    "promoPrice": null,
    "price_per_unit": null,
    "unit": null,
    "image": "https://s7g10.scene7.com/is/image/aldinord/product_1231671_main_cms_1_nl_nl_gekruide_speklappen_cw01_2024",
    "beschikbaar": false,
    "promoEnd": null,
    "link": "https://www.aldi.nl/gekruide-speklappen-1231671.html"
  },
  {
    "id": "1231203",
    "title": "MUCCI Sensation mini amandel 12 stuks",
    "category": "Speciaal assortiment",
    "price": null,
    "promoPrice": null,
    "price_per_unit": null,
    "unit": null,
    "image": "https://s7g10.scene7.com/is/image/aldinord/product_1231203_main_cms_5_nl_nl_sensation_mini_amandel_cw01_2024",
    "beschikbaar": false,
    "promoEnd": null,
    "link": "https://www.aldi.nl/sensation-mini-amandel-1231203.html"
  },
  {
    "id": "1230931",
    "title": "Con-tré sparkling Pinot Grigio extra dry 0.75 l",
    "category": "Speciaal assortiment",
    "price": null,
    "promoPrice": null,
    "price_per_unit": null,
    "unit": null,
    "image": "https://s7g10.scene7.com/is/image/aldinord/product_1230931_main_cms_2_nl_nl_con_tre_sparkling_pinot_grigio_extra_dry_cw01_2024",
    "beschikbaar": false,
    "promoEnd": null,
    "link": "https://www.aldi.nl/con-tr-sparkling-pinot-grigio-extra-dry-1230931.html"
  },
  {
    "id": "1230842",
    "title": "MUCCI Mini cones vanille of cacao 12 stuks",
    "category": "Speciaal assortiment",
    "price": null,
    "promoPrice": null,
    "price_per_unit": null,
    "unit": null,
    "image": "https://s7g10.scene7.com/is/image/aldinord/product_1230842_main_cms_3_nl_nl_mini_cones_vanille_of_cacao_cw01_2024",
    "beschikbaar": false,
    "promoEnd": null,
    "link": "https://www.aldi.nl/mini-cones-vanille-of-cacao-1230842.html"
  },
  {
    "id": "1230770",
    "title": "GOURMET Geitenkaas in spek Inhoud: 4 stuks, 120 g",
    "category": "Huis, tuin en seizoen",
    "price": null,
    "promoPrice": null,
    "price_per_unit": null,
    "unit": null,
    "image": "https://s7g10.scene7.com/is/image/aldinord/product_1230770_main_cms_1_nl_nl_geitenkaas_in_spek_cw01_2024",
    "beschikbaar": false,
    "promoEnd": null,
    "link": "https://www.aldi.nl/geitenkaas-in-spek-1230770.html"
  },
  {
    "id": "1230695",
    "title": "GOURMET Gourmetschotel populair 525 g",
    "category": "Huis, tuin en seizoen",
    "price": null,
    "promoPrice": null,
    "price_per_unit": null,
    "unit": null,
    "image": "https://s7g10.scene7.com/is/image/aldinord/product_1230695_main_cms_1_nl_nl_gourmetschotel_populair_cw01_2024",
    "beschikbaar": false,
    "promoEnd": null,
    "link": "https://www.aldi.nl/gourmetschotel-populair-1230695.html"
  },
  {
    "id": "1230682",
    "title": "GOURMET Mini-gehaktschnitzels Inhoud: 6 stuks, 192 g",
    "category": "Huis, tuin en seizoen",
    "price": null,
    "promoPrice": null,
    "price_per_unit": null,
    "unit": null,
    "image": "https://s7g10.scene7.com/is/image/aldinord/product_1230682_main_cms_1_nl_nl_mini_gehaktschnitzels_cw01_2024",
    "beschikbaar": false,
    "promoEnd": null,
    "link": "https://www.aldi.nl/mini-gehaktschnitzels-1230682.html"
  },
  {
    "id": "1230681",
    "title": "GOURMET Mini-cordon blue Inhoud: 4 stuks, 160 g",
    "category": "Huis, tuin en seizoen",
    "price": null,
    "promoPrice": null,
    "price_per_unit": null,
    "unit": null,
    "image": "https://s7g10.scene7.com/is/image/aldinord/product_1230681_main_cms_1_nl_nl_mini_cordon_blue_cw01_2024",
    "beschikbaar": false,
    "promoEnd": null,
    "link": "https://www.aldi.nl/mini-cordon-blue-1230681.html"
  },
  {
    "id": "1230679",
    "title": "GOURMET Gourmetschotel 760 g",
    "category": "Huis, tuin en seizoen",
    "price": null,
    "promoPrice": null,
    "price_per_unit": null,
    "unit": null,
    "image": "https://s7g10.scene7.com/is/image/aldinord/product_1230679_main_cms_1_nl_nl_gourmetschotel_cw01_2024",
    "beschikbaar": false,
    "promoEnd": null,
    "link": "https://www.aldi.nl/gourmetschotel-1230679.html"
  },
  {
    "id": "1230599",
    "title": "GOURMET Rode wijn-portsaus 200 ml",
    "category": "Frisdrank, sappen",
    "price": null,
    "promoPrice": null,
    "price_per_unit": null,
    "unit": null,
    "image": "https://s7g10.scene7.com/is/image/aldinord/product_1230599_main_cms_1_nl_nl_rode_wijn_portsaus_cw01_2024",
    "beschikbaar": false,
    "promoEnd": null,
    "link": "https://www.aldi.nl/rode-wijn-portsaus-1230599.html"
  },
  {
    "id": "1230598",
    "title": "GOURMET Peperroomsaus 200 ml",
    "category": "Speciaal assortiment",
    "price": null,
    "promoPrice": null,
    "price_per_unit": null,
    "unit": null,
    "image": "https://s7g10.scene7.com/is/image/aldinord/product_1230598_main_cms_1_nl_nl_peperroomsaus_cw01_2024",
    "beschikbaar": false,
    "promoEnd": null,
    "link": "https://www.aldi.nl/peperroomsaus-1230598.html"
  },
  {
    "id": "1230588",
    "title": "GOURMET Champignonsaus 200 ml",
    "category": "Speciaal assortiment",
    "price": null,
    "promoPrice": null,
    "price_per_unit": null,
    "unit": null,
    "image": "https://s7g10.scene7.com/is/image/aldinord/product_1230588_main_cms_1_nl_nl_champignonsaus_cw01_2024",
    "beschikbaar": false,
    "promoEnd": null,
    "link": "https://www.aldi.nl/champignonsaus-1230588.html"
  },
  {
    "id": "1230584",
    "title": "Verspakket tomatensoep Per stuk",
    "category": "Groente, aardappelen",
    "price": null,
    "promoPrice": null,
    "price_per_unit": null,
    "unit": null,
    "image": "https://s7g10.scene7.com/is/image/aldinord/product_1230584_main_cms_1_nl_nl_verspakket_tomatensoep_cw01_2024",
    "beschikbaar": false,
    "promoEnd": null,
    "link": "https://www.aldi.nl/verspakket-tomatensoep-1230584.html"
  },
  {
    "id": "1230583",
    "title": "Verspakket pompoensoep 6 personen",
    "category": "Groente, aardappelen",
    "price": null,
    "promoPrice": null,
    "price_per_unit": null,
    "unit": null,
    "image": "https://s7g10.scene7.com/is/image/aldinord/product_1230583_main_cms_2_nl_nl_verspakket_pompoensoep_cw01_2024",
    "beschikbaar": false,
    "promoEnd": null,
    "link": "https://www.aldi.nl/verspakket-pompoensoep-1230583.html"
  },
  {
    "id": "1230581",
    "title": "Verspakket lasagne Per stuk",
    "category": "Groente, aardappelen",
    "price": null,
    "promoPrice": null,
    "price_per_unit": null,
    "unit": null,
    "image": "https://s7g10.scene7.com/is/image/aldinord/product_1230581_main_cms_1_nl_nl_verspakket_lasagne_cw01_2024",
    "beschikbaar": false,
    "promoEnd": null,
    "link": "https://www.aldi.nl/verspakket-lasagne-1230581.html"
  },
  {
    "id": "1230484",
    "title": "GOURMET Mini quiche ui & emmentaler Inhoud: 2 stuks, 280 g",
    "category": "Huis, tuin en seizoen",
    "price": null,
    "promoPrice": null,
    "price_per_unit": null,
    "unit": null,
    "image": "https://s7g10.scene7.com/is/image/aldinord/product_1230484_main_cms_4_nl_nl_mini_quiche_ui_emmentaler_cw01_2024",
    "beschikbaar": false,
    "promoEnd": null,
    "link": "https://www.aldi.nl/mini-quiche-ui-emmentaler-1230484.html"
  },
  {
    "id": "1230470",
    "title": "MUCCI Sinaasappel vanille ijs 9 stuks",
    "category": "Speciaal assortiment",
    "price": null,
    "promoPrice": null,
    "price_per_unit": null,
    "unit": null,
    "image": "https://s7g10.scene7.com/is/image/aldinord/product_1230470_main_cms_1_nl_nl_sinaasappel_vanille_ijs_cw01_2024",
    "beschikbaar": false,
    "promoEnd": null,
    "link": "https://www.aldi.nl/sinaasappel-vanille-ijs-1230470.html"
  },
  {
    "id": "1230190",
    "title": "DE HETE KETEL Rode paprikasoep 570 ml",
    "category": "Speciaal assortiment",
    "price": null,
    "promoPrice": null,
    "price_per_unit": null,
    "unit": null,
    "image": "https://s7g10.scene7.com/is/image/aldinord/product_1230190_main_cms_2_nl_nl_rode_paprikasoep_cw01_2024",
    "beschikbaar": false,
    "promoEnd": null,
    "link": "https://www.aldi.nl/rode-paprikasoep-1230190.html"
  },
  {
    "id": "1229765",
    "title": "LIL ROSÉ Wild Berry cocktail 0.75 l",
    "category": "Speciaal assortiment",
    "price": null,
    "promoPrice": null,
    "price_per_unit": null,
    "unit": null,
    "image": "https://s7g10.scene7.com/is/image/aldinord/product_1229765_main_cms_1_nl_nl_wild_berry_cocktail_cw01_2024",
    "beschikbaar": false,
    "promoEnd": null,
    "link": "https://www.aldi.nl/wild-berry-cocktail-1229765.html"
  },
  {
    "id": "1229372",
    "title": "GOURMET Luxe stol 750 g",
    "category": "Huis, tuin en seizoen",
    "price": null,
    "promoPrice": null,
    "price_per_unit": null,
    "unit": null,
    "image": "https://s7g10.scene7.com/is/image/aldinord/product_1229372_main_cms_2_nl_nl_luxe_stol_cw01_2024",
    "beschikbaar": false,
    "promoEnd": null,
    "link": "https://www.aldi.nl/luxe-stol-1229372.html"
  },
  {
    "id": "1229255",
    "title": "Ovenkaasje 240 g",
    "category": "Huis, tuin en seizoen",
    "price": 2.99,
    "promoPrice": null,
    "price_per_unit": 12.46,
    "unit": "KG",
    "image": "https://s7g10.scene7.com/is/image/aldinord/product_1229255_main_cms_3_nl_nl_ovenkaasje_cw01_2024",
    "beschikbaar": false,
    "promoEnd": null,
    "link": "https://www.aldi.nl/ovenkaasje-1229255.html"
  },
  {
    "id": "1229252",
    "title": "GOURMET Wilde zalmfilet in bladerdeeg Inhoud: 2 stuks, 300 g",
    "category": "Speciaal assortiment",
    "price": null,
    "promoPrice": null,
    "price_per_unit": null,
    "unit": null,
    "image": "https://s7g10.scene7.com/is/image/aldinord/product_1229252_main_cms_1_nl_nl_wilde_zalmfilet_in_bladerdeeg_cw01_2024",
    "beschikbaar": false,
    "promoEnd": null,
    "link": "https://www.aldi.nl/wilde-zalmfilet-in-bladerdeeg-1229252.html"
  },
  {
    "id": "1229190",
    "title": "Paashazen 2x60 g",
    "category": "Speciaal assortiment",
    "price": null,
    "promoPrice": null,
    "price_per_unit": null,
    "unit": null,
    "image": "https://s7g10.scene7.com/is/image/aldinord/product_1229190_main_cms_3_nl_nl_paashazen_cw01_2024",
    "beschikbaar": false,
    "promoEnd": null,
    "link": "https://www.aldi.nl/paashazen-1229190.html"
  },
  {
    "id": "1229162",
    "title": "Lentemergpijpjes met advocaatsmaak 210 g",
    "category": "Speciaal assortiment",
    "price": null,
    "promoPrice": null,
    "price_per_unit": null,
    "unit": null,
    "image": "https://s7g10.scene7.com/is/image/aldinord/product_1229162_main_cms_1_nl_nl_lentemergpijpjes_met_advocaatsmaak_cw01_2024",
    "beschikbaar": false,
    "promoEnd": null,
    "link": "https://www.aldi.nl/lentemergpijpjes-met-advocaatsmaak-1229162.html"
  },
  {
    "id": "1229161",
    "title": "Paaseitjesmix 700 g",
    "category": "Speciaal assortiment",
    "price": null,
    "promoPrice": null,
    "price_per_unit": null,
    "unit": null,
    "image": "https://s7g10.scene7.com/is/image/aldinord/product_1229161_main_cms_1_nl_nl_paaseitjesmix_cw01_2024",
    "beschikbaar": false,
    "promoEnd": null,
    "link": "https://www.aldi.nl/paaseitjesmix-1229161.html"
  },
  {
    "id": "1228973",
    "title": "MUCCI Sensation ijs 4 stuks",
    "category": "Speciaal assortiment",
    "price": null,
    "promoPrice": null,
    "price_per_unit": null,
    "unit": null,
    "image": "https://s7g10.scene7.com/is/image/aldinord/product_1228973_main_cms_3_nl_nl_sensation_ijs_cw01_2024",
    "beschikbaar": false,
    "promoEnd": null,
    "link": "https://www.aldi.nl/sensation-ijs-1228973.html"
  },
  {
    "id": "1228916",
    "title": "Paaseitjes melk 200 g",
    "category": "Zuivel, eieren",
    "price": null,
    "promoPrice": null,
    "price_per_unit": null,
    "unit": null,
    "image": "https://s7g10.scene7.com/is/image/aldinord/product_1228916_main_cms_1_nl_nl_paaseitjes_melk_cw01_2024",
    "beschikbaar": false,
    "promoEnd": null,
    "link": "https://www.aldi.nl/paaseitjes-melk-1228916.html"
  },
  {
    "id": "1228348",
    "title": "GOURMET Aardappelnootjes 1 kg",
    "category": "Huis, tuin en seizoen",
    "price": null,
    "promoPrice": null,
    "price_per_unit": null,
    "unit": null,
    "image": "https://s7g10.scene7.com/is/image/aldinord/product_1228348_main_cms_1_nl_nl_aardappelnootjes_cw01_2024",
    "beschikbaar": false,
    "promoEnd": null,
    "link": "https://www.aldi.nl/aardappelnootjes-1228348.html"
  },
  {
    "id": "1228227",
    "title": "Paaseitjes puur 200 g",
    "category": "Speciaal assortiment",
    "price": null,
    "promoPrice": null,
    "price_per_unit": null,
    "unit": null,
    "image": "https://s7g10.scene7.com/is/image/aldinord/product_1228227_main_cms_2_nl_nl_paaseitjes_puur_cw01_2024",
    "beschikbaar": false,
    "promoEnd": null,
    "link": "https://www.aldi.nl/paaseitjes-puur-1228227.html"
  },
  {
    "id": "1228226",
    "title": "Paaseitjes wit 200 g",
    "category": "Speciaal assortiment",
    "price": null,
    "promoPrice": null,
    "price_per_unit": null,
    "unit": null,
    "image": "https://s7g10.scene7.com/is/image/aldinord/product_1228226_main_cms_1_nl_nl_paaseitjes_wit_cw01_2024",
    "beschikbaar": false,
    "promoEnd": null,
    "link": "https://www.aldi.nl/paaseitjes-wit-1228226.html"
  },
  {
    "id": "1228210",
    "title": "Holle chocolade eieren melk 400 g",
    "category": "Zuivel, eieren",
    "price": null,
    "promoPrice": null,
    "price_per_unit": null,
    "unit": null,
    "image": "https://s7g10.scene7.com/is/image/aldinord/product_1228210_main_cms_1_nl_nl_holle_chocolade_eieren_melk_cw01_2024",
    "beschikbaar": false,
    "promoEnd": null,
    "link": "https://www.aldi.nl/holle-chocolade-eieren-melk-1228210.html"
  },
  {
    "id": "1228209",
    "title": "Paaskoeken 240 g",
    "category": "Snoep, koek, chips",
    "price": null,
    "promoPrice": null,
    "price_per_unit": null,
    "unit": null,
    "image": "https://s7g10.scene7.com/is/image/aldinord/product_1228209_main_cms_1_nl_nl_paaskoeken_cw01_2024",
    "beschikbaar": false,
    "promoEnd": null,
    "link": "https://www.aldi.nl/paaskoeken-1228209.html"
  },
  {
    "id": "1228203",
    "title": "Paaseitjes melk hazelnoot 200 g",
    "category": "Zuivel, eieren",
    "price": null,
    "promoPrice": null,
    "price_per_unit": null,
    "unit": null,
    "image": "https://s7g10.scene7.com/is/image/aldinord/product_1228203_main_cms_1_nl_nl_paaseitjes_melk_hazelnoot_cw01_2024",
    "beschikbaar": false,
    "promoEnd": null,
    "link": "https://www.aldi.nl/paaseitjes-melk-hazelnoot-1228203.html"
  },
  {
    "id": "1228200",
    "title": "Gevulde paaseitjes 500 g",
    "category": "Speciaal assortiment",
    "price": null,
    "promoPrice": null,
    "price_per_unit": null,
    "unit": null,
    "image": "https://s7g10.scene7.com/is/image/aldinord/product_1228200_main_cms_2_nl_nl_gevulde_paaseitjes_cw01_2024",
    "beschikbaar": false,
    "promoEnd": null,
    "link": "https://www.aldi.nl/gevulde-paaseitjes-1228200.html"
  },
  {
    "id": "1228199",
    "title": "Paaseitjes melk karamel-zeezout 200 g",
    "category": "Zuivel, eieren",
    "price": null,
    "promoPrice": null,
    "price_per_unit": null,
    "unit": null,
    "image": "https://s7g10.scene7.com/is/image/aldinord/product_1228199_main_cms_1_nl_nl_paaseitjes_melk_karamel_zeezout_cw01_2024",
    "beschikbaar": false,
    "promoEnd": null,
    "link": "https://www.aldi.nl/paaseitjes-melk-karamel-zeezout-1228199.html"
  },
  {
    "id": "1228194",
    "title": "Paaseitjesmix 450 g",
    "category": "Speciaal assortiment",
    "price": null,
    "promoPrice": null,
    "price_per_unit": null,
    "unit": null,
    "image": "https://s7g10.scene7.com/is/image/aldinord/product_1228194_main_cms_2_nl_nl_paaseitjesmix_cw01_2024",
    "beschikbaar": false,
    "promoEnd": null,
    "link": "https://www.aldi.nl/paaseitjesmix-1228194.html"
  },
  {
    "id": "1228118",
    "title": "Paaseitjes praliné 500 g",
    "category": "Speciaal assortiment",
    "price": null,
    "promoPrice": null,
    "price_per_unit": null,
    "unit": null,
    "image": "https://s7g10.scene7.com/is/image/aldinord/product_1228118_main_cms_1_nl_nl_paaseitjes_praline_cw01_2024",
    "beschikbaar": false,
    "promoEnd": null,
    "link": "https://www.aldi.nl/paaseitjes-pralin-1228118.html"
  },
  {
    "id": "1228074",
    "title": "GOURMET Stoofpotje rund 390 g",
    "category": "Huis, tuin en seizoen",
    "price": null,
    "promoPrice": null,
    "price_per_unit": null,
    "unit": null,
    "image": "https://s7g10.scene7.com/is/image/aldinord/variant_1228074_1_main_cms_1_nl_nl_stoofpotje_rund_cw01_2024",
    "beschikbaar": false,
    "promoEnd": null,
    "link": "https://www.aldi.nl/stoofpotje-rund-1228074.html"
  },
  {
    "id": "1228071",
    "title": "GOURMET Romige knolselderijsoep 570 ml",
    "category": "Speciaal assortiment",
    "price": null,
    "promoPrice": null,
    "price_per_unit": null,
    "unit": null,
    "image": "https://s7g10.scene7.com/is/image/aldinord/variant_1228071_1_main_cms_1_nl_nl_romige_knolselderijsoep_cw01_2024",
    "beschikbaar": false,
    "promoEnd": null,
    "link": "https://www.aldi.nl/romige-knolselderijsoep-1228071.html"
  },
  {
    "id": "1227756",
    "title": "GOURMET Mini-worstenbroodjes Inhoud: 20 stuks, 350 g",
    "category": "Vlees, vis, vega",
    "price": null,
    "promoPrice": null,
    "price_per_unit": null,
    "unit": null,
    "image": "https://s7g10.scene7.com/is/image/aldinord/product_1227756_main_cms_1_nl_nl_mini_worstenbroodjes_cw01_2024",
    "beschikbaar": false,
    "promoEnd": null,
    "link": "https://www.aldi.nl/mini-worstenbroodjes-1227756.html"
  },
  {
    "id": "1227671",
    "title": "La Capelude cabernet syrah 0.75 l",
    "category": "Huis, tuin en seizoen",
    "price": null,
    "promoPrice": null,
    "price_per_unit": null,
    "unit": null,
    "image": "https://s7g10.scene7.com/is/image/aldinord/product_1227671_main_cms_4_nl_nl_la_capelude_cabernet_syrah_cw01_2024",
    "beschikbaar": false,
    "promoEnd": null,
    "link": "https://www.aldi.nl/la-capelude-cabernet-syrah-1227671.html"
  },
  {
    "id": "1227411",
    "title": "Platte nectarines 500 g",
    "category": "Groente, aardappelen",
    "price": null,
    "promoPrice": null,
    "price_per_unit": null,
    "unit": null,
    "image": "https://s7g10.scene7.com/is/image/aldinord/product_1227411_main_cms_1_nl_nl_platte_nectarines_cw01_2024",
    "beschikbaar": false,
    "promoEnd": null,
    "link": "https://www.aldi.nl/platte-nectarines-1227411.html"
  },
  {
    "id": "1226701",
    "title": "CUCINA NOBILE Mozzarella light 125 g",
    "category": "Speciaal assortiment",
    "price": null,
    "promoPrice": null,
    "price_per_unit": null,
    "unit": null,
    "image": "https://s7g10.scene7.com/is/image/aldinord/product_1226701_main_cms_1_nl_nl_mozzarella_light_cw01_2024",
    "beschikbaar": false,
    "promoEnd": null,
    "link": "https://www.aldi.nl/mozzarella-light-1226701.html"
  },
  {
    "id": "1226659",
    "title": "BBQ Gemarineerde biefstuk Inhoud: 2 stuks, 230 g",
    "category": "Speciaal assortiment",
    "price": null,
    "promoPrice": null,
    "price_per_unit": null,
    "unit": null,
    "image": "https://s7g10.scene7.com/is/image/aldinord/product_1226659_main_cms_3_nl_nl_gemarineerde_biefstuk_cw01_2024",
    "beschikbaar": false,
    "promoEnd": null,
    "link": "https://www.aldi.nl/gemarineerde-biefstuk-1226659.html"
  },
  {
    "id": "1226658",
    "title": "BBQ Hamburgers 704 g",
    "category": "Speciaal assortiment",
    "price": null,
    "promoPrice": null,
    "price_per_unit": null,
    "unit": null,
    "image": "https://s7g10.scene7.com/is/image/aldinord/product_1226658_main_cms_1_nl_nl_hamburgers_cw01_2024",
    "beschikbaar": false,
    "promoEnd": null,
    "link": "https://www.aldi.nl/hamburgers-1226658.html"
  },
  {
    "id": "1226026",
    "title": "Xenia peren 4 stuks",
    "category": "Groente, aardappelen",
    "price": null,
    "promoPrice": null,
    "price_per_unit": null,
    "unit": null,
    "image": "https://s7g10.scene7.com/is/image/aldinord/product_1226026_main_cms_2_nl_nl_xenia_peren_cw01_2024",
    "beschikbaar": false,
    "promoEnd": null,
    "link": "https://www.aldi.nl/xenia-peren-1226026.html"
  },
  {
    "id": "1225908",
    "title": "TROPHY SMAAKMAKERS Pittige satésaus kant & klaar 500 g",
    "category": "Speciaal assortiment",
    "price": null,
    "promoPrice": null,
    "price_per_unit": null,
    "unit": null,
    "image": "https://s7g10.scene7.com/is/image/aldinord/product_1225908_main_cms_3_nl_nl_pittige_satesaus_kant_klaar_cw01_2024",
    "beschikbaar": false,
    "promoEnd": null,
    "link": "https://www.aldi.nl/pittige-satsaus-kant-klaar-1225908.html"
  },
  {
    "id": "1225363",
    "title": "RIVER Ice tea perzik-hibiscus 1.5 l",
    "category": "Speciaal assortiment",
    "price": null,
    "promoPrice": null,
    "price_per_unit": null,
    "unit": null,
    "image": "https://s7g10.scene7.com/is/image/aldinord/product_1225363_main_cms_5_nl_nl_ice_tea_perzik_hibiscus_cw01_2024",
    "beschikbaar": false,
    "promoEnd": null,
    "link": "https://www.aldi.nl/ice-tea-perzik-hibiscus-1225363.html"
  },
  {
    "id": "1225330",
    "title": "Ice tea siroop perzik 0.75 l",
    "category": "Speciaal assortiment",
    "price": null,
    "promoPrice": null,
    "price_per_unit": null,
    "unit": null,
    "image": "https://s7g10.scene7.com/is/image/aldinord/variant_1225330_1_main_cms_1_nl_nl_ice_tea_siroop_perzik_cw01_2024",
    "beschikbaar": false,
    "promoEnd": null,
    "link": "https://www.aldi.nl/ice-tea-siroop-perzik-1225330.html"
  },
  {
    "id": "1225295",
    "title": "MILSANI Mango-passievla 1 l",
    "category": "Speciaal assortiment",
    "price": null,
    "promoPrice": null,
    "price_per_unit": null,
    "unit": null,
    "image": "https://s7g10.scene7.com/is/image/aldinord/product_1225295_main_cms_2_nl_nl_mango_passievla_cw01_2024",
    "beschikbaar": false,
    "promoEnd": null,
    "link": "https://www.aldi.nl/mango-passievla-1225295.html"
  },
  {
    "id": "1224832",
    "title": "STEENBRUGGE 4-pack wit 4x33 cl",
    "category": "Speciaal assortiment",
    "price": null,
    "promoPrice": null,
    "price_per_unit": null,
    "unit": null,
    "image": "https://s7g10.scene7.com/is/image/aldinord/product_1224832_main_cms_12_nl_nl_4_pack_wit_cw01_2024",
    "beschikbaar": false,
    "promoEnd": null,
    "link": "https://www.aldi.nl/4-pack-wit-1224832.html"
  },
  {
    "id": "1224793",
    "title": "Delight alcoholvrije Blush 0.75 l",
    "category": "Speciaal assortiment",
    "price": null,
    "promoPrice": null,
    "price_per_unit": null,
    "unit": null,
    "image": "https://s7g10.scene7.com/is/image/aldinord/product_1224793_main_cms_9_nl_nl_delight_alcoholvrije_blush_cw01_2024",
    "beschikbaar": false,
    "promoEnd": null,
    "link": "https://www.aldi.nl/delight-alcoholvrije-blush-1224793.html"
  },
  {
    "id": "1224142",
    "title": "GOURMET Mini-varkensfiletlapjes 165 g",
    "category": "Speciaal assortiment",
    "price": null,
    "promoPrice": null,
    "price_per_unit": null,
    "unit": null,
    "image": "https://s7g10.scene7.com/is/image/aldinord/variant_1224142_1_main_cms_1_nl_nl_mini_varkensfiletlapjes_cw01_2024",
    "beschikbaar": false,
    "promoEnd": null,
    "link": "https://www.aldi.nl/mini-varkensfiletlapjes-1224142.html"
  },
  {
    "id": "1223953",
    "title": "GOURMET Frambozen-hazelnoot schuimrol 400 g",
    "category": "Huis, tuin en seizoen",
    "price": null,
    "promoPrice": null,
    "price_per_unit": null,
    "unit": null,
    "image": "https://s7g10.scene7.com/is/image/aldinord/variant_1223953_2_main_cms_2_nl_nl_frambozen_hazelnoot_schuimrol_cw01_2024",
    "beschikbaar": false,
    "promoEnd": null,
    "link": "https://www.aldi.nl/frambozen-hazelnoot-schuimrol-1223953.html"
  },
  {
    "id": "1223906",
    "title": "GOURMET Dadelbrood 200 g",
    "category": "Huis, tuin en seizoen",
    "price": null,
    "promoPrice": null,
    "price_per_unit": null,
    "unit": null,
    "image": "https://s7g10.scene7.com/is/image/aldinord/product_1223906_main_cms_3_nl_nl_dadelbrood_cw01_2024",
    "beschikbaar": false,
    "promoEnd": null,
    "link": "https://www.aldi.nl/dadelbrood-1223906.html"
  },
  {
    "id": "1223858",
    "title": "GOURMET Kiphaasjes Italiaans gekruid 200 g",
    "category": "Vlees, vis, vega",
    "price": null,
    "promoPrice": null,
    "price_per_unit": null,
    "unit": null,
    "image": "https://s7g10.scene7.com/is/image/aldinord/product_1223858_main_cms_1_nl_nl_kiphaasjes_italiaans_gekruid_cw01_2024",
    "beschikbaar": false,
    "promoEnd": null,
    "link": "https://www.aldi.nl/kiphaasjes-italiaans-gekruid-1223858.html"
  },
  {
    "id": "1223856",
    "title": "Varkenshaas mediterraans 150 g",
    "category": "Huis, tuin en seizoen",
    "price": null,
    "promoPrice": null,
    "price_per_unit": null,
    "unit": null,
    "image": "https://s7g10.scene7.com/is/image/aldinord/product_1223856_main_cms_1_nl_nl_varkenshaas_mediterraans_cw01_2024",
    "beschikbaar": false,
    "promoEnd": null,
    "link": "https://www.aldi.nl/varkenshaas-mediterraans-1223856.html"
  },
  {
    "id": "1223855",
    "title": "Varkenshaas 150 g",
    "category": "Huis, tuin en seizoen",
    "price": null,
    "promoPrice": null,
    "price_per_unit": null,
    "unit": null,
    "image": "https://s7g10.scene7.com/is/image/aldinord/product_1223855_main_cms_1_nl_nl_varkenshaas_cw01_2024",
    "beschikbaar": false,
    "promoEnd": null,
    "link": "https://www.aldi.nl/varkenshaas-1223855.html"
  },
  {
    "id": "1223848",
    "title": "GOURMET Mini-schnitzels of shoarma 200 g",
    "category": "Huis, tuin en seizoen",
    "price": null,
    "promoPrice": null,
    "price_per_unit": null,
    "unit": null,
    "image": "https://s7g10.scene7.com/is/image/aldinord/product_1223848_main_cms_5_nl_nl_mini_schnitzels_of_shoarma_cw01_2024",
    "beschikbaar": false,
    "promoEnd": null,
    "link": "https://www.aldi.nl/mini-schnitzels-of-shoarma-1223848.html"
  },
  {
    "id": "1223847",
    "title": "GOURMET Mini-cordon bleu 200 g",
    "category": "Speciaal assortiment",
    "price": null,
    "promoPrice": null,
    "price_per_unit": null,
    "unit": null,
    "image": "https://s7g10.scene7.com/is/image/aldinord/product_1223847_main_cms_1_nl_nl_mini_cordon_bleu_cw01_2024",
    "beschikbaar": false,
    "promoEnd": null,
    "link": "https://www.aldi.nl/mini-cordon-bleu-1223847.html"
  },
  {
    "id": "1223846",
    "title": "Gourmet mini's",
    "category": "Speciaal assortiment",
    "price": 1.39,
    "promoPrice": null,
    "price_per_unit": null,
    "unit": null,
    "image": "https://s7g10.scene7.com/is/image/aldinord/product_1223846_main_cms_1_nl_nl_gourmet_mini_s_cw01_2024",
    "beschikbaar": false,
    "promoEnd": null,
    "link": "https://www.aldi.nl/gourmet-minis-1223846.html"
  },
  {
    "id": "1223845",
    "title": "GOURMET Mini-slavinken 8 stuks, 200 g",
    "category": "Huis, tuin en seizoen",
    "price": null,
    "promoPrice": null,
    "price_per_unit": null,
    "unit": null,
    "image": "https://s7g10.scene7.com/is/image/aldinord/variant_1223845_1_main_cms_1_nl_nl_mini_slavinken_cw01_2024",
    "beschikbaar": false,
    "promoEnd": null,
    "link": "https://www.aldi.nl/mini-slavinken-1223845.html"
  },
  {
    "id": "1223844",
    "title": "GOURMET Mini-hamburgers 200 g",
    "category": "Speciaal assortiment",
    "price": null,
    "promoPrice": null,
    "price_per_unit": null,
    "unit": null,
    "image": "https://s7g10.scene7.com/is/image/aldinord/product_1223844_main_cms_2_nl_nl_mini_hamburgers_cw01_2024",
    "beschikbaar": false,
    "promoEnd": null,
    "link": "https://www.aldi.nl/mini-hamburgers-1223844.html"
  },
  {
    "id": "1223521",
    "title": "Paasschuimpjes 300 g",
    "category": "Speciaal assortiment",
    "price": null,
    "promoPrice": null,
    "price_per_unit": null,
    "unit": null,
    "image": "https://s7g10.scene7.com/is/image/aldinord/product_1223521_main_cms_2_nl_nl_paasschuimpjes_cw01_2024",
    "beschikbaar": false,
    "promoEnd": null,
    "link": "https://www.aldi.nl/paasschuimpjes-1223521.html"
  },
  {
    "id": "1221846",
    "title": "Abrikozen 500 g",
    "category": "Groente, aardappelen",
    "price": null,
    "promoPrice": null,
    "price_per_unit": null,
    "unit": null,
    "image": "https://s7g10.scene7.com/is/image/aldinord/product_1221846_main_cms_2_nl_nl_abrikozen_cw01_2024",
    "beschikbaar": false,
    "promoEnd": null,
    "link": "https://www.aldi.nl/abrikozen-1221846.html"
  },
  {
    "id": "1221832",
    "title": "Watermeloen Per stuk",
    "category": "Groente, aardappelen",
    "price": null,
    "promoPrice": null,
    "price_per_unit": null,
    "unit": null,
    "image": "https://s7g10.scene7.com/is/image/aldinord/product_1221832_main_cms_3_nl_nl_watermeloen_cw01_2024",
    "beschikbaar": false,
    "promoEnd": null,
    "link": "https://www.aldi.nl/watermeloen-1221832.html"
  },
  {
    "id": "1221735",
    "title": "Kistje mandarijnen 2.3 kg",
    "category": "Groente, aardappelen",
    "price": null,
    "promoPrice": null,
    "price_per_unit": null,
    "unit": null,
    "image": "https://s7g10.scene7.com/is/image/aldinord/product_1221735_main_cms_5_nl_nl_kistje_mandarijnen_cw01_2024",
    "beschikbaar": false,
    "promoEnd": null,
    "link": "https://www.aldi.nl/kistje-mandarijnen-1221735.html"
  },
  {
    "id": "1221728",
    "title": "Gebroken sperziebonen 400 g",
    "category": "Groente, aardappelen",
    "price": null,
    "promoPrice": null,
    "price_per_unit": null,
    "unit": null,
    "image": "https://s7g10.scene7.com/is/image/aldinord/product_1221728_main_cms_1_nl_nl_gebroken_sperziebonen_cw01_2024",
    "beschikbaar": false,
    "promoEnd": null,
    "link": "https://www.aldi.nl/gebroken-sperziebonen-1221728.html"
  },
  {
    "id": "1221601",
    "title": "Nederlandse kersen 400 g",
    "category": "Groente, aardappelen",
    "price": null,
    "promoPrice": null,
    "price_per_unit": null,
    "unit": null,
    "image": "https://s7g10.scene7.com/is/image/aldinord/product_1221601_main_cms_1_nl_nl_nederlandse_kersen_cw01_2024",
    "beschikbaar": false,
    "promoEnd": null,
    "link": "https://www.aldi.nl/nederlandse-kersen-1221601.html"
  },
  {
    "id": "1221421",
    "title": "Winterkoeken 270-330 g",
    "category": "Huis, tuin en seizoen",
    "price": null,
    "promoPrice": null,
    "price_per_unit": null,
    "unit": null,
    "image": "https://s7g10.scene7.com/is/image/aldinord/variant_1221421_3_main_cms_1_nl_nl_winterkoeken_cw01_2024",
    "beschikbaar": false,
    "promoEnd": null,
    "link": "https://www.aldi.nl/winterkoeken-1221421.html"
  },
  {
    "id": "1221405",
    "title": "Schuimkransjes aardbei 200 g",
    "category": "Zuivel, eieren",
    "price": 1.59,
    "promoPrice": null,
    "price_per_unit": 7.95,
    "unit": "KG",
    "image": "https://s7g10.scene7.com/is/image/aldinord/product_1221405_main_cms_2_nl_nl_schuimkransjes_aardbei_cw01_2024",
    "beschikbaar": false,
    "promoEnd": null,
    "link": "https://www.aldi.nl/schuimkransjes-aardbei-1221405.html"
  },
  {
    "id": "1221358",
    "title": "Trostomaten 1 kg",
    "category": "Groente, aardappelen",
    "price": null,
    "promoPrice": null,
    "price_per_unit": null,
    "unit": null,
    "image": "https://s7g10.scene7.com/is/image/aldinord/product_1221358_main_cms_7_nl_nl_trostomaten_cw01_2024",
    "beschikbaar": false,
    "promoEnd": null,
    "link": "https://www.aldi.nl/trostomaten-1221358.html"
  },
  {
    "id": "1221275",
    "title": "GOURMET Bagels Inhoud: 4 stuks, 85 g",
    "category": "Speciaal assortiment",
    "price": null,
    "promoPrice": null,
    "price_per_unit": null,
    "unit": null,
    "image": "https://s7g10.scene7.com/is/image/aldinord/product_1221275_main_cms_3_nl_nl_bagels_cw01_2024",
    "beschikbaar": false,
    "promoEnd": null,
    "link": "https://www.aldi.nl/bagels-1221275.html"
  },
  {
    "id": "1220987",
    "title": "BBQ Scharrelkipfiletspiesjes saté 300 g",
    "category": "Speciaal assortiment",
    "price": null,
    "promoPrice": null,
    "price_per_unit": null,
    "unit": null,
    "image": "https://s7g10.scene7.com/is/image/aldinord/product_1220987_main_cms_6_nl_nl_scharrelkipfiletspiesjes_sate_cw01_2024",
    "beschikbaar": false,
    "promoEnd": null,
    "link": "https://www.aldi.nl/scharrelkipfiletspiesjes-sat-1220987.html"
  },
  {
    "id": "1220758",
    "title": "Paaskoekjes crème 175 g",
    "category": "Snoep, koek, chips",
    "price": null,
    "promoPrice": null,
    "price_per_unit": null,
    "unit": null,
    "image": "https://s7g10.scene7.com/is/image/aldinord/variant_1220758_2_main_cms_2_nl_nl_paaskoekjes_creme_cw01_2024",
    "beschikbaar": false,
    "promoEnd": null,
    "link": "https://www.aldi.nl/paaskoekjes-crme-1220758.html"
  },
  {
    "id": "1220732",
    "title": "MUCCI Wafelijsjes 4 stuks",
    "category": "Speciaal assortiment",
    "price": null,
    "promoPrice": null,
    "price_per_unit": null,
    "unit": null,
    "image": "https://s7g10.scene7.com/is/image/aldinord/variant_1220732_1_main_cms_1_nl_nl_wafelijsjes_cw01_2024",
    "beschikbaar": false,
    "promoEnd": null,
    "link": "https://www.aldi.nl/wafelijsjes-1220732.html"
  },
  {
    "id": "1220596",
    "title": "GOURMET Hertenbiefstuk Inhoud: 3-5 stuks, 400 g",
    "category": "Huis, tuin en seizoen",
    "price": null,
    "promoPrice": null,
    "price_per_unit": null,
    "unit": null,
    "image": "https://s7g10.scene7.com/is/image/aldinord/variant_1220596_1_main_cms_3_nl_nl_hertenbiefstuk_cw01_2024",
    "beschikbaar": false,
    "promoEnd": null,
    "link": "https://www.aldi.nl/hertenbiefstuk-1220596.html"
  },
  {
    "id": "1220544",
    "title": "Biologische rode ui 300 g",
    "category": "Groente, aardappelen",
    "price": null,
    "promoPrice": null,
    "price_per_unit": null,
    "unit": null,
    "image": "https://s7g10.scene7.com/is/image/aldinord/product_1220544_main_cms_1_nl_nl_biologische_rode_ui_cw01_2024",
    "beschikbaar": false,
    "promoEnd": null,
    "link": "https://www.aldi.nl/biologische-rode-ui-1220544.html"
  },
  {
    "id": "1220322",
    "title": "Kerstschuimpjes 300 g",
    "category": "Huis, tuin en seizoen",
    "price": null,
    "promoPrice": null,
    "price_per_unit": null,
    "unit": null,
    "image": "https://s7g10.scene7.com/is/image/aldinord/product_1220322_main_cms_2_nl_nl_kerstschuimpjes_cw01_2024",
    "beschikbaar": false,
    "promoEnd": null,
    "link": "https://www.aldi.nl/kerstschuimpjes-1220322.html"
  },
  {
    "id": "1220178",
    "title": "Biologische Hokkaido pompoen Per stuk",
    "category": "Groente, aardappelen",
    "price": null,
    "promoPrice": null,
    "price_per_unit": null,
    "unit": null,
    "image": "https://s7g10.scene7.com/is/image/aldinord/product_1220178_main_cms_4_nl_nl_biologische_hokkaido_pompoen_cw01_2024",
    "beschikbaar": false,
    "promoEnd": null,
    "link": "https://www.aldi.nl/biologische-hokkaido-pompoen-1220178.html"
  },
  {
    "id": "1220059",
    "title": "GOURMET Roasted pork 100 g",
    "category": "Huis, tuin en seizoen",
    "price": null,
    "promoPrice": null,
    "price_per_unit": null,
    "unit": null,
    "image": "https://s7g10.scene7.com/is/image/aldinord/product_1220059_main_cms_2_nl_nl_roasted_pork_cw01_2024",
    "beschikbaar": false,
    "promoEnd": null,
    "link": "https://www.aldi.nl/roasted-pork-1220059.html"
  },
  {
    "id": "1220001",
    "title": "GOURMET Tiramisu 500 g",
    "category": "Huis, tuin en seizoen",
    "price": null,
    "promoPrice": null,
    "price_per_unit": null,
    "unit": null,
    "image": "https://s7g10.scene7.com/is/image/aldinord/variant_1220001_3_main_cms_3_nl_nl_tiramisu_cw01_2024",
    "beschikbaar": false,
    "promoEnd": null,
    "link": "https://www.aldi.nl/tiramisu-1220001.html"
  },
  {
    "id": "1219895",
    "title": "GOURMET Dessertglaasje 60 g",
    "category": "Speciaal assortiment",
    "price": null,
    "promoPrice": null,
    "price_per_unit": null,
    "unit": null,
    "image": "https://s7g10.scene7.com/is/image/aldinord/variant_1219895_4_main_cms_1_nl_nl_dessertglaasje_cw01_2024",
    "beschikbaar": false,
    "promoEnd": null,
    "link": "https://www.aldi.nl/dessertglaasje-1219895.html"
  },
  {
    "id": "1219806",
    "title": "Kaki fruit 1 kg",
    "category": "Groente, aardappelen",
    "price": null,
    "promoPrice": null,
    "price_per_unit": null,
    "unit": null,
    "image": "https://s7g10.scene7.com/is/image/aldinord/product_1219806_main_cms_4_nl_nl_kaki_fruit_cw01_2024",
    "beschikbaar": false,
    "promoEnd": null,
    "link": "https://www.aldi.nl/kaki-fruit-1219806.html"
  },
  {
    "id": "1219786",
    "title": "Maïskolven 400 g",
    "category": "Groente, aardappelen",
    "price": null,
    "promoPrice": null,
    "price_per_unit": null,
    "unit": null,
    "image": "https://s7g10.scene7.com/is/image/aldinord/product_1219786_main_cms_6_nl_nl_maiskolven_cw01_2024",
    "beschikbaar": false,
    "promoEnd": null,
    "link": "https://www.aldi.nl/maskolven-1219786.html"
  },
  {
    "id": "1219759",
    "title": "Geitenkaasbolletjes 100 g",
    "category": "Speciaal assortiment",
    "price": null,
    "promoPrice": null,
    "price_per_unit": null,
    "unit": null,
    "image": "https://s7g10.scene7.com/is/image/aldinord/variant_1219759_2_main_cms_1_nl_nl_geitenkaasbolletjes_cw01_2024",
    "beschikbaar": false,
    "promoEnd": null,
    "link": "https://www.aldi.nl/geitenkaasbolletjes-1219759.html"
  },
  {
    "id": "1219688",
    "title": "Witte druiven met pit 1 kg",
    "category": "Groente, aardappelen",
    "price": null,
    "promoPrice": null,
    "price_per_unit": null,
    "unit": null,
    "image": "https://s7g10.scene7.com/is/image/aldinord/product_1219688_main_cms_6_nl_nl_witte_druiven_met_pit_cw01_2024",
    "beschikbaar": false,
    "promoEnd": null,
    "link": "https://www.aldi.nl/witte-druiven-met-pit-1219688.html"
  },
  {
    "id": "1219675",
    "title": "GOURMET Walnootkaas 150 g",
    "category": "Huis, tuin en seizoen",
    "price": null,
    "promoPrice": null,
    "price_per_unit": null,
    "unit": null,
    "image": "https://s7g10.scene7.com/is/image/aldinord/product_1219675_main_cms_9_nl_nl_walnootkaas_cw01_2024",
    "beschikbaar": false,
    "promoEnd": null,
    "link": "https://www.aldi.nl/walnootkaas-1219675.html"
  },
  {
    "id": "1219636",
    "title": "MALTA Vastkokende aardappelen 2 kg",
    "category": "Groente, aardappelen",
    "price": null,
    "promoPrice": null,
    "price_per_unit": null,
    "unit": null,
    "image": "https://s7g10.scene7.com/is/image/aldinord/product_1219636_main_cms_1_nl_nl_vastkokende_aardappelen_cw01_2024",
    "beschikbaar": false,
    "promoEnd": null,
    "link": "https://www.aldi.nl/vastkokende-aardappelen-1219636.html"
  },
  {
    "id": "1219484",
    "title": "Wilde perziken 500 g",
    "category": "Groente, aardappelen",
    "price": null,
    "promoPrice": null,
    "price_per_unit": null,
    "unit": null,
    "image": "https://s7g10.scene7.com/is/image/aldinord/product_1219484_main_cms_4_nl_nl_wilde_perziken_cw01_2024",
    "beschikbaar": false,
    "promoEnd": null,
    "link": "https://www.aldi.nl/wilde-perziken-1219484.html"
  },
  {
    "id": "1219419",
    "title": "Bloedsinaasappels 1 kg",
    "category": "Groente, aardappelen",
    "price": null,
    "promoPrice": null,
    "price_per_unit": null,
    "unit": null,
    "image": "https://s7g10.scene7.com/is/image/aldinord/product_1219419_main_cms_8_nl_nl_bloedsinaasappels_cw01_2024",
    "beschikbaar": false,
    "promoEnd": null,
    "link": "https://www.aldi.nl/bloedsinaasappels-1219419.html"
  },
  {
    "id": "1219376",
    "title": "Galiameloen Per stuk",
    "category": "Groente, aardappelen",
    "price": null,
    "promoPrice": null,
    "price_per_unit": null,
    "unit": null,
    "image": "https://s7g10.scene7.com/is/image/aldinord/product_1219376_main_cms_2_nl_nl_galiameloen_cw01_2024",
    "beschikbaar": false,
    "promoEnd": null,
    "link": "https://www.aldi.nl/galiameloen-1219376.html"
  },
  {
    "id": "1219320",
    "title": "DE HETE KETEL Bruine bonensoep 800 ml",
    "category": "Speciaal assortiment",
    "price": null,
    "promoPrice": null,
    "price_per_unit": null,
    "unit": null,
    "image": "https://s7g10.scene7.com/is/image/aldinord/product_1219320_main_cms_10_nl_nl_bruine_bonensoep_cw01_2024",
    "beschikbaar": false,
    "promoEnd": null,
    "link": "https://www.aldi.nl/bruine-bonensoep-1219320.html"
  },
  {
    "id": "1219306",
    "title": "Chocolade kerstfiguren 120 g",
    "category": "Huis, tuin en seizoen",
    "price": null,
    "promoPrice": null,
    "price_per_unit": null,
    "unit": null,
    "image": "https://s7g10.scene7.com/is/image/aldinord/variant_1219306_1_main_cms_3_nl_nl_chocolade_kerstfiguren_cw01_2024",
    "beschikbaar": false,
    "promoEnd": null,
    "link": "https://www.aldi.nl/chocolade-kerstfiguren-1219306.html"
  },
  {
    "id": "1219269",
    "title": "Fijngesneden andijvie 250 g",
    "category": "Groente, aardappelen",
    "price": null,
    "promoPrice": null,
    "price_per_unit": null,
    "unit": null,
    "image": "https://s7g10.scene7.com/is/image/aldinord/product_1219269_main_cms_1_nl_nl_fijngesneden_andijvie_cw01_2024",
    "beschikbaar": false,
    "promoEnd": null,
    "link": "https://www.aldi.nl/fijngesneden-andijvie-1219269.html"
  },
  {
    "id": "1219250",
    "title": "GOURMET Pommes duchesse 1 kg",
    "category": "Huis, tuin en seizoen",
    "price": 1,
    "promoPrice": null,
    "price_per_unit": 1.0,
    "unit": "KG",
    "image": "https://s7g10.scene7.com/is/image/aldinord/product_1219250_main_cms_1_nl_nl_pommes_duchesse_cw01_2024",
    "beschikbaar": false,
    "promoEnd": null,
    "link": "https://www.aldi.nl/pommes-duchesse-1219250.html"
  },
  {
    "id": "1219185",
    "title": "GOURMET Partybrood 200 g",
    "category": "Speciaal assortiment",
    "price": null,
    "promoPrice": null,
    "price_per_unit": null,
    "unit": null,
    "image": "https://s7g10.scene7.com/is/image/aldinord/variant_1219185_3_main_cms_3_nl_nl_partybrood_cw01_2024",
    "beschikbaar": false,
    "promoEnd": null,
    "link": "https://www.aldi.nl/partybrood-1219185.html"
  },
  {
    "id": "1219136",
    "title": "Cantaloupe meloen Per stuk",
    "category": "Groente, aardappelen",
    "price": null,
    "promoPrice": null,
    "price_per_unit": null,
    "unit": null,
    "image": "https://s7g10.scene7.com/is/image/aldinord/product_1219136_main_cms_10_nl_nl_cantaloupe_meloen_cw01_2024",
    "beschikbaar": false,
    "promoEnd": null,
    "link": "https://www.aldi.nl/cantaloupe-meloen-1219136.html"
  },
  {
    "id": "1219008",
    "title": "Kampioentje Per stuk",
    "category": "Speciaal assortiment",
    "price": null,
    "promoPrice": null,
    "price_per_unit": null,
    "unit": null,
    "image": "https://s7g10.scene7.com/is/image/aldinord/product_1219008_main_cms_1_nl_nl_kampioentje_cw01_2024",
    "beschikbaar": false,
    "promoEnd": null,
    "link": "https://www.aldi.nl/kampioentje-1219008.html"
  },
  {
    "id": "1218997",
    "title": "Bramen 125 g",
    "category": "Groente, aardappelen",
    "price": null,
    "promoPrice": null,
    "price_per_unit": null,
    "unit": null,
    "image": "https://s7g10.scene7.com/is/image/aldinord/product_1218997_main_cms_1_nl_nl_bramen_cw01_2024",
    "beschikbaar": false,
    "promoEnd": null,
    "link": "https://www.aldi.nl/bramen-1218997.html"
  },
  {
    "id": "1218930",
    "title": "MUCCI Watermeloenijsjes 6 stuks",
    "category": "Speciaal assortiment",
    "price": null,
    "promoPrice": null,
    "price_per_unit": null,
    "unit": null,
    "image": "https://s7g10.scene7.com/is/image/aldinord/variant_1218930_1_main_cms_1_nl_nl_watermeloenijsjes_cw01_2024",
    "beschikbaar": false,
    "promoEnd": null,
    "link": "https://www.aldi.nl/watermeloenijsjes-1218930.html"
  },
  {
    "id": "1218617",
    "title": "Paasfiguren 100 g",
    "category": "Speciaal assortiment",
    "price": null,
    "promoPrice": null,
    "price_per_unit": null,
    "unit": null,
    "image": "https://s7g10.scene7.com/is/image/aldinord/product_1218617_main_cms_1_nl_nl_paasfiguren_cw01_2024",
    "beschikbaar": false,
    "promoEnd": null,
    "link": "https://www.aldi.nl/paasfiguren-1218617.html"
  },
  {
    "id": "1218599",
    "title": "Gevulde chocolade eitjes Per zak",
    "category": "Snoep, koek, chips",
    "price": null,
    "promoPrice": null,
    "price_per_unit": null,
    "unit": null,
    "image": "https://s7g10.scene7.com/is/image/aldinord/product_1218599_main_cms_3_nl_nl_gevulde_chocolade_eitjes_cw01_2024",
    "beschikbaar": false,
    "promoEnd": null,
    "link": "https://www.aldi.nl/gevulde-chocolade-eitjes-1218599.html"
  },
  {
    "id": "1218041",
    "title": "BBQ Houtskool briketten 3 kg",
    "category": "Speciaal assortiment",
    "price": null,
    "promoPrice": null,
    "price_per_unit": null,
    "unit": null,
    "image": "https://s7g10.scene7.com/is/image/aldinord/product_1218041_main_cms_1_nl_nl_houtskool_briketten_cw01_2024",
    "beschikbaar": false,
    "promoEnd": null,
    "link": "https://www.aldi.nl/houtskool-briketten-1218041.html"
  },
  {
    "id": "1217547",
    "title": "MOLENLAND Goudse kaas van de boerderij 50+ mosterd 300 g",
    "category": "Speciaal assortiment",
    "price": null,
    "promoPrice": null,
    "price_per_unit": null,
    "unit": null,
    "image": "https://s7g10.scene7.com/is/image/aldinord/variant_1217547_3_main_cms_1_nl_nl_goudse_kaas_van_de_boerderij_50_mosterd_cw01_2024",
    "beschikbaar": false,
    "promoEnd": null,
    "link": "https://www.aldi.nl/goudse-kaas-van-de-boerderij-50-mosterd-1217547.html"
  },
  {
    "id": "1217427",
    "title": "BBQ Gemarineerde kipworsten 390 g",
    "category": "Speciaal assortiment",
    "price": null,
    "promoPrice": null,
    "price_per_unit": null,
    "unit": null,
    "image": "https://s7g10.scene7.com/is/image/aldinord/product_1217427_main_cms_1_nl_nl_gemarineerde_kipworsten_cw01_2024",
    "beschikbaar": false,
    "promoEnd": null,
    "link": "https://www.aldi.nl/gemarineerde-kipworsten-1217427.html"
  },
  {
    "id": "1217410",
    "title": "GOURMET Mosterdsoep 570 ml",
    "category": "Huis, tuin en seizoen",
    "price": null,
    "promoPrice": null,
    "price_per_unit": null,
    "unit": null,
    "image": "https://s7g10.scene7.com/is/image/aldinord/product_1217410_main_cms_1_nl_nl_mosterdsoep_cw01_2024",
    "beschikbaar": false,
    "promoEnd": null,
    "link": "https://www.aldi.nl/mosterdsoep-1217410.html"
  },
  {
    "id": "1217334",
    "title": "GOURMET Gestoofde peertjes 560 g",
    "category": "Speciaal assortiment",
    "price": null,
    "promoPrice": null,
    "price_per_unit": null,
    "unit": null,
    "image": "https://s7g10.scene7.com/is/image/aldinord/product_1217334_main_cms_2_nl_nl_gestoofde_peertjes_cw01_2024",
    "beschikbaar": false,
    "promoEnd": null,
    "link": "https://www.aldi.nl/gestoofde-peertjes-1217334.html"
  },
  {
    "id": "1217312",
    "title": "GOURMET Gestoofde appeltjes 520 g",
    "category": "Groente, aardappelen",
    "price": null,
    "promoPrice": null,
    "price_per_unit": null,
    "unit": null,
    "image": "https://s7g10.scene7.com/is/image/aldinord/variant_1217312_1_main_cms_3_nl_nl_gestoofde_appeltjes_cw01_2024",
    "beschikbaar": false,
    "promoEnd": null,
    "link": "https://www.aldi.nl/gestoofde-appeltjes-1217312.html"
  },
  {
    "id": "1216102",
    "title": "RIVER 6-pack ice tea green 6x200 ml",
    "category": "Speciaal assortiment",
    "price": null,
    "promoPrice": null,
    "price_per_unit": null,
    "unit": null,
    "image": "https://s7g10.scene7.com/is/image/aldinord/product_1216102_main_cms_4_nl_nl_6_pack_ice_tea_green_cw01_2024",
    "beschikbaar": false,
    "promoEnd": null,
    "link": "https://www.aldi.nl/6-pack-ice-tea-green-1216102.html"
  },
  {
    "id": "1215998",
    "title": "CALINDA Aardbeien 400 g",
    "category": "Groente, aardappelen",
    "price": null,
    "promoPrice": null,
    "price_per_unit": null,
    "unit": null,
    "image": "https://s7g10.scene7.com/is/image/aldinord/product_1215998_main_cms_1_nl_nl_aardbeien_cw01_2024",
    "beschikbaar": false,
    "promoEnd": null,
    "link": "https://www.aldi.nl/aardbeien-1215998.html"
  },
  {
    "id": "1215754",
    "title": "MUCCI Sensation mini Inhoud: 12 stuks, 480 g",
    "category": "Speciaal assortiment",
    "price": null,
    "promoPrice": null,
    "price_per_unit": null,
    "unit": null,
    "image": "https://s7g10.scene7.com/is/image/aldinord/product_1215754_main_cms_1_nl_nl_sensation_mini_cw01_2024",
    "beschikbaar": false,
    "promoEnd": null,
    "link": "https://www.aldi.nl/sensation-mini-1215754.html"
  },
  {
    "id": "1215670",
    "title": "MUCCI Stoplichtijsjes 8 stuks",
    "category": "Speciaal assortiment",
    "price": null,
    "promoPrice": null,
    "price_per_unit": null,
    "unit": null,
    "image": "https://s7g10.scene7.com/is/image/aldinord/product_1215670_main_cms_2_nl_nl_stoplichtijsjes_cw01_2024",
    "beschikbaar": false,
    "promoEnd": null,
    "link": "https://www.aldi.nl/stoplichtijsjes-1215670.html"
  },
  {
    "id": "1215538",
    "title": "GOURMET Scrocchi 150 g",
    "category": "Speciaal assortiment",
    "price": null,
    "promoPrice": null,
    "price_per_unit": null,
    "unit": null,
    "image": "https://s7g10.scene7.com/is/image/aldinord/variant_1215538_1_main_cms_1_nl_nl_scrocchi_cw01_2024",
    "beschikbaar": false,
    "promoEnd": null,
    "link": "https://www.aldi.nl/scrocchi-1215538.html"
  },
  {
    "id": "1215038",
    "title": "GOURMET Haricot verts met spek 240 g",
    "category": "Huis, tuin en seizoen",
    "price": null,
    "promoPrice": null,
    "price_per_unit": null,
    "unit": null,
    "image": "https://s7g10.scene7.com/is/image/aldinord/product_1215038_main_cms_3_nl_nl_haricot_verts_met_spek_cw01_2024",
    "beschikbaar": false,
    "promoEnd": null,
    "link": "https://www.aldi.nl/haricot-verts-met-spek-1215038.html"
  },
  {
    "id": "1214660",
    "title": "GOURMET Walnotenbrood 400 g",
    "category": "Speciaal assortiment",
    "price": null,
    "promoPrice": null,
    "price_per_unit": null,
    "unit": null,
    "image": "https://s7g10.scene7.com/is/image/aldinord/product_1214660_main_cms_3_nl_nl_walnotenbrood_cw01_2024",
    "beschikbaar": false,
    "promoEnd": null,
    "link": "https://www.aldi.nl/walnotenbrood-1214660.html"
  },
  {
    "id": "1214627",
    "title": "Chocolade eitjes Per zak",
    "category": "Snoep, koek, chips",
    "price": null,
    "promoPrice": null,
    "price_per_unit": null,
    "unit": null,
    "image": "https://s7g10.scene7.com/is/image/aldinord/product_1214627_main_cms_1_nl_nl_chocolade_eitjes_cw01_2024",
    "beschikbaar": false,
    "promoEnd": null,
    "link": "https://www.aldi.nl/chocolade-eitjes-1214627.html"
  },
  {
    "id": "1214322",
    "title": "GOURMET Pico's 150 g",
    "category": "Speciaal assortiment",
    "price": null,
    "promoPrice": null,
    "price_per_unit": null,
    "unit": null,
    "image": "https://s7g10.scene7.com/is/image/aldinord/variant_1214322_1_main_cms_1_nl_nl_pico_s_cw01_2024",
    "beschikbaar": false,
    "promoEnd": null,
    "link": "https://www.aldi.nl/picos-1214322.html"
  },
  {
    "id": "1214282",
    "title": "Eetrijpe baby-avocado's 3-pack",
    "category": "Groente, aardappelen",
    "price": null,
    "promoPrice": null,
    "price_per_unit": null,
    "unit": null,
    "image": "https://s7g10.scene7.com/is/image/aldinord/product_1214282_main_cms_11_nl_nl_eetrijpe_baby_avocado_s_cw01_2024",
    "beschikbaar": false,
    "promoEnd": null,
    "link": "https://www.aldi.nl/eetrijpe-baby-avocados-1214282.html"
  },
  {
    "id": "1213762",
    "title": "Herfst paddenstoelenmix 200 g",
    "category": "Groente, aardappelen",
    "price": null,
    "promoPrice": null,
    "price_per_unit": null,
    "unit": null,
    "image": "https://s7g10.scene7.com/is/image/aldinord/product_1213762_main_cms_1_nl_nl_herfst_paddenstoelenmix_cw01_2024",
    "beschikbaar": false,
    "promoEnd": null,
    "link": "https://www.aldi.nl/herfst-paddenstoelenmix-1213762.html"
  },
  {
    "id": "1213520",
    "title": "BBQ Gemarineerde speklapjes 320 g",
    "category": "Speciaal assortiment",
    "price": null,
    "promoPrice": null,
    "price_per_unit": null,
    "unit": null,
    "image": "https://s7g10.scene7.com/is/image/aldinord/product_1213520_main_cms_2_nl_nl_gemarineerde_speklapjes_cw01_2024",
    "beschikbaar": false,
    "promoEnd": null,
    "link": "https://www.aldi.nl/gemarineerde-speklapjes-1213520.html"
  },
  {
    "id": "1213513",
    "title": "BBQ Gemarineerde filetlapjes 360 g",
    "category": "Speciaal assortiment",
    "price": null,
    "promoPrice": null,
    "price_per_unit": null,
    "unit": null,
    "image": "https://s7g10.scene7.com/is/image/aldinord/variant_1213513_1_main_cms_1_nl_nl_gemarineerde_filetlapjes_cw01_2024",
    "beschikbaar": false,
    "promoEnd": null,
    "link": "https://www.aldi.nl/gemarineerde-filetlapjes-1213513.html"
  },
  {
    "id": "1212929",
    "title": "Culinaire kriel 1 kg",
    "category": "Groente, aardappelen",
    "price": null,
    "promoPrice": null,
    "price_per_unit": null,
    "unit": null,
    "image": "https://s7g10.scene7.com/is/image/aldinord/product_1212929_main_cms_1_nl_nl_culinaire_kriel_cw01_2024",
    "beschikbaar": false,
    "promoEnd": null,
    "link": "https://www.aldi.nl/culinaire-kriel-1212929.html"
  },
  {
    "id": "1212746",
    "title": "Biologische potgrond 20 l",
    "category": "Speciaal assortiment",
    "price": null,
    "promoPrice": null,
    "price_per_unit": null,
    "unit": null,
    "image": "https://s7g10.scene7.com/is/image/aldinord/product_1212746_main_cms_1_nl_nl_biologische_potgrond_cw01_2024",
    "beschikbaar": false,
    "promoEnd": null,
    "link": "https://www.aldi.nl/biologische-potgrond-1212746.html"
  },
  {
    "id": "1212741",
    "title": "MUCCI Funmix 8 stuks",
    "category": "Speciaal assortiment",
    "price": null,
    "promoPrice": null,
    "price_per_unit": null,
    "unit": null,
    "image": "https://s7g10.scene7.com/is/image/aldinord/variant_1212741_1_main_cms_1_nl_nl_funmix_cw01_2024",
    "beschikbaar": false,
    "promoEnd": null,
    "link": "https://www.aldi.nl/funmix-1212741.html"
  },
  {
    "id": "1212645",
    "title": "MUCCI Sorbetijs 4 stuks",
    "category": "Speciaal assortiment",
    "price": null,
    "promoPrice": null,
    "price_per_unit": null,
    "unit": null,
    "image": "https://s7g10.scene7.com/is/image/aldinord/product_1212645_main_cms_4_nl_nl_sorbetijs_cw01_2024",
    "beschikbaar": false,
    "promoEnd": null,
    "link": "https://www.aldi.nl/sorbetijs-1212645.html"
  },
  {
    "id": "1211413",
    "title": "GOURMET Jamon Serrano Gran Reserva 80 g",
    "category": "Huis, tuin en seizoen",
    "price": null,
    "promoPrice": null,
    "price_per_unit": null,
    "unit": null,
    "image": "https://s7g10.scene7.com/is/image/aldinord/product_1211413_main_cms_3_nl_nl_jamon_serrano_gran_reserva_cw01_2024",
    "beschikbaar": false,
    "promoEnd": null,
    "link": "https://www.aldi.nl/jamon-serrano-gran-reserva-1211413.html"
  },
  {
    "id": "1211231",
    "title": "GOURMET Aspergesoep 570 ml",
    "category": "Speciaal assortiment",
    "price": null,
    "promoPrice": null,
    "price_per_unit": null,
    "unit": null,
    "image": "https://s7g10.scene7.com/is/image/aldinord/product_1211231_main_cms_1_nl_nl_aspergesoep_cw01_2024",
    "beschikbaar": false,
    "promoEnd": null,
    "link": "https://www.aldi.nl/aspergesoep-1211231.html"
  },
  {
    "id": "1211145",
    "title": "Gekookte & gekleurde scharreleieren 6 stuks",
    "category": "Huis, tuin en seizoen",
    "price": null,
    "promoPrice": null,
    "price_per_unit": null,
    "unit": null,
    "image": "https://s7g10.scene7.com/is/image/aldinord/product_1211145_main_cms_5_nl_nl_gekookte_gekleurde_scharreleieren_cw01_2024",
    "beschikbaar": false,
    "promoEnd": null,
    "link": "https://www.aldi.nl/gekookte-gekleurde-scharreleieren-1211145.html"
  },
  {
    "id": "1211048",
    "title": "CUCINA NOBILE Balsamicocrème 250 ml",
    "category": "Speciaal assortiment",
    "price": null,
    "promoPrice": null,
    "price_per_unit": null,
    "unit": null,
    "image": "https://s7g10.scene7.com/is/image/aldinord/product_1211048_main_cms_6_nl_nl_balsamicocreme_cw01_2024",
    "beschikbaar": false,
    "promoEnd": null,
    "link": "https://www.aldi.nl/balsamicocrme-1211048.html"
  },
  {
    "id": "1210684",
    "title": "Holle paashaas met strik 150 g",
    "category": "Speciaal assortiment",
    "price": null,
    "promoPrice": null,
    "price_per_unit": null,
    "unit": null,
    "image": "https://s7g10.scene7.com/is/image/aldinord/product_1210684_main_cms_1_nl_nl_holle_paashaas_met_strik_cw01_2024",
    "beschikbaar": false,
    "promoEnd": null,
    "link": "https://www.aldi.nl/holle-paashaas-met-strik-1210684.html"
  },
  {
    "id": "1210025",
    "title": "Cranberry’s 250 g",
    "category": "Groente, aardappelen",
    "price": null,
    "promoPrice": null,
    "price_per_unit": null,
    "unit": null,
    "image": "https://s7g10.scene7.com/is/image/aldinord/product_1210025_main_cms_1_nl_nl_cranberry’s_cw01_2024",
    "beschikbaar": false,
    "promoEnd": null,
    "link": "https://www.aldi.nl/cranberrys-1210025.html"
  },
  {
    "id": "1209826",
    "title": "Slagersrookworst 275 g",
    "category": "Vlees, vis, vega",
    "price": 2.49,
    "promoPrice": null,
    "price_per_unit": 9.05,
    "unit": "KG",
    "image": "https://s7g10.scene7.com/is/image/aldinord/product_1209826_main_cms_8_nl_nl_slagersrookworst_cw01_2024",
    "beschikbaar": false,
    "promoEnd": null,
    "link": "https://www.aldi.nl/slagersrookworst-1209826.html"
  },
  {
    "id": "1209560",
    "title": "Grande Alberone 0.75 l",
    "category": "Bier, wijn, sterke drank",
    "price": null,
    "promoPrice": null,
    "price_per_unit": null,
    "unit": null,
    "image": "https://s7g10.scene7.com/is/image/aldinord/product_1209560_main_cms_3_nl_nl_grande_alberone_cw01_2024",
    "beschikbaar": false,
    "promoEnd": null,
    "link": "https://www.aldi.nl/grande-alberone-1209560.html"
  },
  {
    "id": "1208756",
    "title": "GOURMET Mini-biefstuk 150 g",
    "category": "Speciaal assortiment",
    "price": null,
    "promoPrice": null,
    "price_per_unit": null,
    "unit": null,
    "image": "https://s7g10.scene7.com/is/image/aldinord/product_1208756_main_cms_2_nl_nl_mini_biefstuk_cw01_2024",
    "beschikbaar": false,
    "promoEnd": null,
    "link": "https://www.aldi.nl/mini-biefstuk-1208756.html"
  },
  {
    "id": "1208082",
    "title": "Junami appels 1.5 kg",
    "category": "Groente, aardappelen",
    "price": null,
    "promoPrice": null,
    "price_per_unit": null,
    "unit": null,
    "image": "https://s7g10.scene7.com/is/image/aldinord/product_1208082_main_cms_5_nl_nl_junami_appels_cw01_2024",
    "beschikbaar": false,
    "promoEnd": null,
    "link": "https://www.aldi.nl/junami-appels-1208082.html"
  },
  {
    "id": "1207971",
    "title": "Les Pinèdes rosé 0.75 l",
    "category": "Bier, wijn, sterke drank",
    "price": null,
    "promoPrice": null,
    "price_per_unit": null,
    "unit": null,
    "image": "https://s7g10.scene7.com/is/image/aldinord/product_1207971_main_cms_7_nl_nl_les_pinedes_rose_cw01_2024",
    "beschikbaar": false,
    "promoEnd": null,
    "link": "https://www.aldi.nl/les-pindes-ros-1207971.html"
  },
  {
    "id": "1207349",
    "title": "Roomboter amandelstaaf 250 g",
    "category": "Zuivel, eieren",
    "price": null,
    "promoPrice": null,
    "price_per_unit": null,
    "unit": null,
    "image": "https://s7g10.scene7.com/is/image/aldinord/product_1207349_main_cms_2_nl_nl_roomboter_amandelstaaf_cw01_2024",
    "beschikbaar": false,
    "promoEnd": null,
    "link": "https://www.aldi.nl/roomboter-amandelstaaf-1207349.html"
  },
  {
    "id": "1206925",
    "title": "MUCCI IJsblokjes 2 kg",
    "category": "Speciaal assortiment",
    "price": null,
    "promoPrice": null,
    "price_per_unit": null,
    "unit": null,
    "image": "https://s7g10.scene7.com/is/image/aldinord/variant_1206925_1_main_cms_1_nl_nl_ijsblokjes_cw01_2024",
    "beschikbaar": false,
    "promoEnd": null,
    "link": "https://www.aldi.nl/ijsblokjes-1206925.html"
  },
  {
    "id": "1206810",
    "title": "DAYLICIOUS Mini-krieltjes groene kruiden 600 g",
    "category": "Speciaal assortiment",
    "price": null,
    "promoPrice": null,
    "price_per_unit": null,
    "unit": null,
    "image": "https://s7g10.scene7.com/is/image/aldinord/product_1206810_main_cms_4_nl_nl_mini_krieltjes_groene_kruiden_cw01_2024",
    "beschikbaar": false,
    "promoEnd": null,
    "link": "https://www.aldi.nl/mini-krieltjes-groene-kruiden-1206810.html"
  },
  {
    "id": "1206746",
    "title": "Tempranillo Rosado 0.75 l",
    "category": "Speciaal assortiment",
    "price": null,
    "promoPrice": null,
    "price_per_unit": null,
    "unit": null,
    "image": "https://s7g10.scene7.com/is/image/aldinord/product_1206746_main_cms_4_nl_nl_tempranillo_rosado_cw01_2024",
    "beschikbaar": false,
    "promoEnd": null,
    "link": "https://www.aldi.nl/tempranillo-rosado-1206746.html"
  },
  {
    "id": "1205745",
    "title": "GARDENLINE Koemestkorrels 8 kg",
    "category": "Speciaal assortiment",
    "price": null,
    "promoPrice": null,
    "price_per_unit": null,
    "unit": null,
    "image": "https://s7g10.scene7.com/is/image/aldinord/product_1205745_main_cms_1_nl_nl_koemestkorrels_cw01_2024",
    "beschikbaar": false,
    "promoEnd": null,
    "link": "https://www.aldi.nl/koemestkorrels-1205745.html"
  },
  {
    "id": "1205552",
    "title": "DAYLICIOUS Stamppotaardappelen 1 kg",
    "category": "Groente, aardappelen",
    "price": null,
    "promoPrice": null,
    "price_per_unit": null,
    "unit": null,
    "image": "https://s7g10.scene7.com/is/image/aldinord/product_1205552_main_cms_2_nl_nl_stamppotaardappelen_cw01_2024",
    "beschikbaar": false,
    "promoEnd": null,
    "link": "https://www.aldi.nl/stamppotaardappelen-1205552.html"
  },
  {
    "id": "1205546",
    "title": "GOURMET Crème brûlée Inhoud: 2 stuks, 100 g",
    "category": "Huis, tuin en seizoen",
    "price": null,
    "promoPrice": null,
    "price_per_unit": null,
    "unit": null,
    "image": "https://s7g10.scene7.com/is/image/aldinord/variant_1205546_1_main_cms_1_nl_nl_creme_brulee_cw01_2024",
    "beschikbaar": false,
    "promoEnd": null,
    "link": "https://www.aldi.nl/crme-brle-1205546.html"
  },
  {
    "id": "1205487",
    "title": "Jámon Serrano 100 g",
    "category": "Speciaal assortiment",
    "price": null,
    "promoPrice": null,
    "price_per_unit": null,
    "unit": null,
    "image": "https://s7g10.scene7.com/is/image/aldinord/product_1205487_main_cms_3_nl_nl_jamon_serrano_cw01_2024",
    "beschikbaar": false,
    "promoEnd": null,
    "link": "https://www.aldi.nl/jmon-serrano-1205487.html"
  },
  {
    "id": "1205416",
    "title": "PARTY GEBAK Mini-tompoucen Inhoud: 16 stuks, 220 g",
    "category": "Brood, ontbijtgranen",
    "price": null,
    "promoPrice": null,
    "price_per_unit": null,
    "unit": null,
    "image": "https://s7g10.scene7.com/is/image/aldinord/variant_1205416_1_main_cms_2_nl_nl_mini_tompoucen_cw01_2024",
    "beschikbaar": false,
    "promoEnd": null,
    "link": "https://www.aldi.nl/mini-tompoucen-1205416.html"
  },
  {
    "id": "1204680",
    "title": "Kerst crèmekoekjes 175 g",
    "category": "Huis, tuin en seizoen",
    "price": null,
    "promoPrice": null,
    "price_per_unit": null,
    "unit": null,
    "image": "https://s7g10.scene7.com/is/image/aldinord/product_1204680_main_cms_2_nl_nl_kerst_cremekoekjes_cw01_2024",
    "beschikbaar": false,
    "promoEnd": null,
    "link": "https://www.aldi.nl/kerst-crmekoekjes-1204680.html"
  },
  {
    "id": "1204592",
    "title": "BBQ Scharrelkipshaslick 225 g",
    "category": "Speciaal assortiment",
    "price": null,
    "promoPrice": null,
    "price_per_unit": null,
    "unit": null,
    "image": "https://s7g10.scene7.com/is/image/aldinord/variant_1204592_1_main_cms_1_nl_nl_scharrelkipshaslick_cw01_2024",
    "beschikbaar": false,
    "promoEnd": null,
    "link": "https://www.aldi.nl/scharrelkipshaslick-1204592.html"
  },
  {
    "id": "1204540",
    "title": "Paasbokkenpootjes 225 g",
    "category": "Speciaal assortiment",
    "price": null,
    "promoPrice": null,
    "price_per_unit": null,
    "unit": null,
    "image": "https://s7g10.scene7.com/is/image/aldinord/product_1204540_main_cms_2_nl_nl_paasbokkenpootjes_cw01_2024",
    "beschikbaar": false,
    "promoEnd": null,
    "link": "https://www.aldi.nl/paasbokkenpootjes-1204540.html"
  },
  {
    "id": "1204377",
    "title": "GOURMET Italiaanse vleeswarenschotel 150 g",
    "category": "Huis, tuin en seizoen",
    "price": null,
    "promoPrice": null,
    "price_per_unit": null,
    "unit": null,
    "image": "https://s7g10.scene7.com/is/image/aldinord/product_1204377_main_cms_3_nl_nl_italiaanse_vleeswarenschotel_cw01_2024",
    "beschikbaar": false,
    "promoEnd": null,
    "link": "https://www.aldi.nl/italiaanse-vleeswarenschotel-1204377.html"
  },
  {
    "id": "1204196",
    "title": "UNA Schoonmaakazijn 5 l",
    "category": "Speciaal assortiment",
    "price": null,
    "promoPrice": null,
    "price_per_unit": null,
    "unit": null,
    "image": "https://s7g10.scene7.com/is/image/aldinord/variant_1204196_1_main_cms_1_nl_nl_schoonmaakazijn_cw01_2024",
    "beschikbaar": false,
    "promoEnd": null,
    "link": "https://www.aldi.nl/schoonmaakazijn-1204196.html"
  },
  {
    "id": "1203852",
    "title": "Uien 750 g",
    "category": "Groente, aardappelen",
    "price": null,
    "promoPrice": null,
    "price_per_unit": null,
    "unit": null,
    "image": "https://s7g10.scene7.com/is/image/aldinord/product_1203852_main_cms_4_nl_nl_uien_cw01_2024",
    "beschikbaar": false,
    "promoEnd": null,
    "link": "https://www.aldi.nl/uien-1203852.html"
  },
  {
    "id": "1203669",
    "title": "BBQ Gemarineerde procureur Inhoud: 4 stuks, 400 g",
    "category": "Speciaal assortiment",
    "price": null,
    "promoPrice": null,
    "price_per_unit": null,
    "unit": null,
    "image": "https://s7g10.scene7.com/is/image/aldinord/product_1203669_main_cms_7_nl_nl_gemarineerde_procureur_cw01_2024",
    "beschikbaar": false,
    "promoEnd": null,
    "link": "https://www.aldi.nl/gemarineerde-procureur-1203669.html"
  },
  {
    "id": "1203545",
    "title": "MILSANI Zeezout- of knoflookboter 100 g",
    "category": "Speciaal assortiment",
    "price": null,
    "promoPrice": null,
    "price_per_unit": null,
    "unit": null,
    "image": "https://s7g10.scene7.com/is/image/aldinord/product_1203545_main_cms_2_nl_nl_zeezout_of_knoflookboter_cw01_2024",
    "beschikbaar": false,
    "promoEnd": null,
    "link": "https://www.aldi.nl/zeezout-of-knoflookboter-1203545.html"
  },
  {
    "id": "1203532",
    "title": "Chocoladekransjes met musket 200 g",
    "category": "Huis, tuin en seizoen",
    "price": null,
    "promoPrice": null,
    "price_per_unit": null,
    "unit": null,
    "image": "https://s7g10.scene7.com/is/image/aldinord/product_1203532_main_cms_1_nl_nl_chocoladekransjes_met_musket_cw01_2024",
    "beschikbaar": false,
    "promoEnd": null,
    "link": "https://www.aldi.nl/chocoladekransjes-met-musket-1203532.html"
  },
  {
    "id": "1203422",
    "title": "GOURMET Schouderrollade 600 g",
    "category": "Huis, tuin en seizoen",
    "price": null,
    "promoPrice": null,
    "price_per_unit": null,
    "unit": null,
    "image": "https://s7g10.scene7.com/is/image/aldinord/variant_1203422_1_main_cms_4_nl_nl_schouderrollade_cw01_2024",
    "beschikbaar": false,
    "promoEnd": null,
    "link": "https://www.aldi.nl/schouderrollade-1203422.html"
  },
  {
    "id": "1203410",
    "title": "GOURMET Truffelmayonaise 220 ml",
    "category": "Huis, tuin en seizoen",
    "price": null,
    "promoPrice": null,
    "price_per_unit": null,
    "unit": null,
    "image": "https://s7g10.scene7.com/is/image/aldinord/variant_1203410_1_main_cms_1_nl_nl_truffelmayonaise_cw01_2024",
    "beschikbaar": false,
    "promoEnd": null,
    "link": "https://www.aldi.nl/truffelmayonaise-1203410.html"
  },
  {
    "id": "1203298",
    "title": "Aardbeien 250 g",
    "category": "Groente, aardappelen",
    "price": null,
    "promoPrice": null,
    "price_per_unit": null,
    "unit": null,
    "image": "https://s7g10.scene7.com/is/image/aldinord/product_1203298_main_cms_1_nl_nl_aardbeien_cw01_2024",
    "beschikbaar": false,
    "promoEnd": null,
    "link": "https://www.aldi.nl/aardbeien-1203298.html"
  },
  {
    "id": "1203233",
    "title": "Kersen 500 g",
    "category": "Groente, aardappelen",
    "price": null,
    "promoPrice": null,
    "price_per_unit": null,
    "unit": null,
    "image": "https://s7g10.scene7.com/is/image/aldinord/product_1203233_main_cms_6_nl_nl_kersen_cw01_2024",
    "beschikbaar": false,
    "promoEnd": null,
    "link": "https://www.aldi.nl/kersen-1203233.html"
  },
  {
    "id": "1202902",
    "title": "GOURMET Kiprollade 500 g",
    "category": "Huis, tuin en seizoen",
    "price": null,
    "promoPrice": null,
    "price_per_unit": null,
    "unit": null,
    "image": "https://s7g10.scene7.com/is/image/aldinord/variant_1202902_1_main_cms_2_nl_nl_kiprollade_cw01_2024",
    "beschikbaar": false,
    "promoEnd": null,
    "link": "https://www.aldi.nl/kiprollade-1202902.html"
  },
  {
    "id": "1202670",
    "title": "BBQ Chipolataworstjes Inhoud: 5 stuks, 300 g",
    "category": "Speciaal assortiment",
    "price": null,
    "promoPrice": null,
    "price_per_unit": null,
    "unit": null,
    "image": "https://s7g10.scene7.com/is/image/aldinord/product_1202670_main_cms_13_nl_nl_chipolataworstjes_cw01_2024",
    "beschikbaar": false,
    "promoEnd": null,
    "link": "https://www.aldi.nl/chipolataworstjes-1202670.html"
  },
  {
    "id": "1202347",
    "title": "GOURMET Borreltoast 120 g",
    "category": "Huis, tuin en seizoen",
    "price": 1.49,
    "promoPrice": null,
    "price_per_unit": 12.42,
    "unit": "KG",
    "image": "https://s7g10.scene7.com/is/image/aldinord/product_1202347_main_cms_3_nl_nl_borreltoast_cw01_2024",
    "beschikbaar": false,
    "promoEnd": null,
    "link": "https://www.aldi.nl/borreltoast-1202347.html"
  },
  {
    "id": "1202232",
    "title": "Roomboter amandelkrans 500 g",
    "category": "Huis, tuin en seizoen",
    "price": null,
    "promoPrice": null,
    "price_per_unit": null,
    "unit": null,
    "image": "https://s7g10.scene7.com/is/image/aldinord/product_1202232_main_cms_1_nl_nl_roomboter_amandelkrans_cw01_2024",
    "beschikbaar": false,
    "promoEnd": null,
    "link": "https://www.aldi.nl/roomboter-amandelkrans-1202232.html"
  },
  {
    "id": "1202201",
    "title": "BBQ Scharrelkipfiletsteaks Arizona 375 g",
    "category": "Speciaal assortiment",
    "price": null,
    "promoPrice": null,
    "price_per_unit": null,
    "unit": null,
    "image": "https://s7g10.scene7.com/is/image/aldinord/product_1202201_main_cms_1_nl_nl_scharrelkipfiletsteaks_arizona_cw01_2024",
    "beschikbaar": false,
    "promoEnd": null,
    "link": "https://www.aldi.nl/scharrelkipfiletsteaks-arizona-1202201.html"
  },
  {
    "id": "1202069",
    "title": "DAYLICIOUS Komkommersalade 400 g",
    "category": "Speciaal assortiment",
    "price": null,
    "promoPrice": null,
    "price_per_unit": null,
    "unit": null,
    "image": "https://s7g10.scene7.com/is/image/aldinord/product_1202069_main_cms_10_nl_nl_komkommersalade_cw01_2024",
    "beschikbaar": false,
    "promoEnd": null,
    "link": "https://www.aldi.nl/komkommersalade-1202069.html"
  },
  {
    "id": "1202049",
    "title": "GOURMET Aspergeham 100 g",
    "category": "Speciaal assortiment",
    "price": null,
    "promoPrice": null,
    "price_per_unit": null,
    "unit": null,
    "image": "https://s7g10.scene7.com/is/image/aldinord/product_1202049_main_cms_1_nl_nl_aspergeham_cw01_2024",
    "beschikbaar": false,
    "promoEnd": null,
    "link": "https://www.aldi.nl/aspergeham-1202049.html"
  },
  {
    "id": "1201661",
    "title": "Frambozen 125 g",
    "category": "Groente, aardappelen",
    "price": null,
    "promoPrice": null,
    "price_per_unit": null,
    "unit": null,
    "image": "https://s7g10.scene7.com/is/image/aldinord/product_1201661_main_cms_3_nl_nl_frambozen_cw01_2024",
    "beschikbaar": false,
    "promoEnd": null,
    "link": "https://www.aldi.nl/frambozen-1201661.html"
  },
  {
    "id": "1201564",
    "title": "Blauwe bessen 250 g",
    "category": "Groente, aardappelen",
    "price": null,
    "promoPrice": null,
    "price_per_unit": null,
    "unit": null,
    "image": "https://s7g10.scene7.com/is/image/aldinord/product_1201564_main_cms_2_nl_nl_blauwe_bessen_cw01_2024",
    "beschikbaar": false,
    "promoEnd": null,
    "link": "https://www.aldi.nl/blauwe-bessen-1201564.html"
  },
  {
    "id": "1201518",
    "title": "Con-tré sparkling Pinot Grigio rosé 0.75 l",
    "category": "Speciaal assortiment",
    "price": null,
    "promoPrice": null,
    "price_per_unit": null,
    "unit": null,
    "image": "https://s7g10.scene7.com/is/image/aldinord/product_1201518_main_cms_5_nl_nl_con_tre_sparkling_pinot_grigio_rose_cw01_2024",
    "beschikbaar": false,
    "promoEnd": null,
    "link": "https://www.aldi.nl/con-tr-sparkling-pinot-grigio-ros-1201518.html"
  },
  {
    "id": "1201128",
    "title": "Chocolade eitjes 500 g",
    "category": "Snoep, koek, chips",
    "price": null,
    "promoPrice": null,
    "price_per_unit": null,
    "unit": null,
    "image": "https://s7g10.scene7.com/is/image/aldinord/product_1201128_main_cms_1_nl_nl_chocolade_eitjes_cw01_2024",
    "beschikbaar": false,
    "promoEnd": null,
    "link": "https://www.aldi.nl/chocolade-eitjes-1201128.html"
  },
  {
    "id": "1201060",
    "title": "3-pack luxe amandelspeculaasbrokken 3x150 g",
    "category": "Speciaal assortiment",
    "price": null,
    "promoPrice": null,
    "price_per_unit": null,
    "unit": null,
    "image": "https://s7g10.scene7.com/is/image/aldinord/product_1201060_main_cms_1_nl_nl_3_pack_luxe_amandelspeculaasbrokken_cw01_2024",
    "beschikbaar": false,
    "promoEnd": null,
    "link": "https://www.aldi.nl/3-pack-luxe-amandelspeculaasbrokken-1201060.html"
  },
  {
    "id": "1201002",
    "title": "Roomboter kerstkransjes 200 g",
    "category": "Huis, tuin en seizoen",
    "price": null,
    "promoPrice": null,
    "price_per_unit": null,
    "unit": null,
    "image": "https://s7g10.scene7.com/is/image/aldinord/product_1201002_main_cms_3_nl_nl_roomboter_kerstkransjes_cw01_2024",
    "beschikbaar": false,
    "promoEnd": null,
    "link": "https://www.aldi.nl/roomboter-kerstkransjes-1201002.html"
  },
  {
    "id": "1200907",
    "title": "Chocolade paashazen 2x60 g",
    "category": "Frisdrank, sappen",
    "price": null,
    "promoPrice": null,
    "price_per_unit": null,
    "unit": null,
    "image": "https://s7g10.scene7.com/is/image/aldinord/product_1200907_main_cms_3_nl_nl_chocolade_paashazen_cw01_2024",
    "beschikbaar": false,
    "promoEnd": null,
    "link": "https://www.aldi.nl/chocolade-paashazen-1200907.html"
  },
  {
    "id": "1200810",
    "title": "Luxe paasei wit 210 g",
    "category": "Speciaal assortiment",
    "price": null,
    "promoPrice": null,
    "price_per_unit": null,
    "unit": null,
    "image": "https://s7g10.scene7.com/is/image/aldinord/variant_1200810_1_main_cms_1_nl_nl_luxe_paasei_wit_cw01_2024",
    "beschikbaar": false,
    "promoEnd": null,
    "link": "https://www.aldi.nl/luxe-paasei-wit-1200810.html"
  },
  {
    "id": "1200722",
    "title": "Granaatappel Per stuk",
    "category": "Groente, aardappelen",
    "price": null,
    "promoPrice": null,
    "price_per_unit": null,
    "unit": null,
    "image": "https://s7g10.scene7.com/is/image/aldinord/product_1200722_main_cms_2_nl_nl_granaatappel_cw01_2024",
    "beschikbaar": false,
    "promoEnd": null,
    "link": "https://www.aldi.nl/granaatappel-1200722.html"
  },
  {
    "id": "1200635",
    "title": "DAYLICIOUS Grove rundvleessalade 750 g",
    "category": "Speciaal assortiment",
    "price": null,
    "promoPrice": null,
    "price_per_unit": null,
    "unit": null,
    "image": "https://s7g10.scene7.com/is/image/aldinord/product_1200635_main_cms_3_nl_nl_grove_rundvleessalade_cw01_2024",
    "beschikbaar": false,
    "promoEnd": null,
    "link": "https://www.aldi.nl/grove-rundvleessalade-1200635.html"
  },
  {
    "id": "1200565",
    "title": "Pruimen 500 g",
    "category": "Groente, aardappelen",
    "price": null,
    "promoPrice": null,
    "price_per_unit": null,
    "unit": null,
    "image": "https://s7g10.scene7.com/is/image/aldinord/product_1200565_main_cms_8_nl_nl_pruimen_cw01_2024",
    "beschikbaar": false,
    "promoEnd": null,
    "link": "https://www.aldi.nl/pruimen-1200565.html"
  },
  {
    "id": "1200179",
    "title": "ALL SEASONS Gebroken sperziebonen 400 g",
    "category": "Groente, aardappelen",
    "price": null,
    "promoPrice": null,
    "price_per_unit": null,
    "unit": null,
    "image": "https://s7g10.scene7.com/is/image/aldinord/product_1200179_main_cms_1_nl_nl_gebroken_sperziebonen_cw01_2024",
    "beschikbaar": false,
    "promoEnd": null,
    "link": "https://www.aldi.nl/gebroken-sperziebonen-1200179.html"
  },
  {
    "id": "1200082",
    "title": "MUCCI Swirl ijs 100 g",
    "category": "Speciaal assortiment",
    "price": null,
    "promoPrice": null,
    "price_per_unit": null,
    "unit": null,
    "image": "https://s7g10.scene7.com/is/image/aldinord/product_1200082_main_cms_1_nl_nl_swirl_ijs_cw01_2024",
    "beschikbaar": false,
    "promoEnd": null,
    "link": "https://www.aldi.nl/swirl-ijs-1200082.html"
  }
]