[
  {
    "id": "175452ZK",
    "title": "Hak Kidneybonen 225 g",
    "category": "Conserven, soepen, sauzen, oliën",
    "price": 1.99,
    "promoPrice": null,
    "pricePerUnit": "9.95 kg",
    "image": "https://www.jumbo.com/dam-images/fit-in/360x360/Products/21062025_1750467836297_1750467883139_175452_ZK_08720600613210_H1N1.png",
    "available": true,
    "promoUntil": null
  },
  {
    "id": "440281DS",
    "title": "Jumbo Mini Soepstengels 8 x 15 g",
    "category": "Conserven, soepen, sauzen, oliën",
    "price": 2.29,
    "promoPrice": null,
    "pricePerUnit": "19.08 kg",
    "image": "https://www.jumbo.com/dam-images/fit-in/360x360/Products/10082023_1691675595586_1691675608119_8718452548477_1.png",
    "available": true,
    "promoUntil": null
  },
  {
    "id": "689040ZK",
    "title": "Jumbo Gevulde Ossenstaart Soep 570ML",
    "category": "Conserven, soepen, sauzen, oliën",
    "price": 2.79,
    "promoPrice": null,
    "pricePerUnit": "4.89 l",
    "image": "https://www.jumbo.com/dam-images/fit-in/360x360/Products/08052025_1746714772233_1746714791933_8718452888078_596.png",
    "available": true,
    "promoUntil": null
  },
  {
    "id": "652299CUP",
    "title": "Ísey Skyr Air Mousse Stracciatella 125 g",
    "category": "Zuivel, eieren, boter",
    "price": 1.69,
    "promoPrice": null,
    "pricePerUnit": "13.52 kg",
    "image": "https://www.jumbo.com/dam-images/fit-in/360x360/Products/30072025_1753889673112_1753889680331_5690845002809_596.png",
    "available": true,
    "promoUntil": null
  },
  {
    "id": "582050KGR",
    "title": "Jumbo Duitse Biefstuk 2 Stuks",
    "category": "Vlees, vis en vega",
    "price": 4.97,
    "promoPrice": null,
    "pricePerUnit": "19.9 kg",
    "image": "https://www.jumbo.com/dam-images/fit-in/360x360/Products/24092025_1758717260151_1758717266437_2348881000000_1.png",
    "available": true,
    "promoUntil": null
  },
  {
    "id": "391470ZK",
    "title": "Lekker&Anders Streetfood Kip Kebab 600 g",
    "category": "Diepvries",
    "price": 4.99,
    "promoPrice": null,
    "pricePerUnit": "8.32 kg",
    "image": "https://www.jumbo.com/dam-images/fit-in/360x360/Products/18112024_1731925975784_1731925983596_4026279963156_1.png",
    "available": true,
    "promoUntil": null
  },
  {
    "id": "571495PAK",
    "title": "Ware Wieger Kruidkoek 425 g",
    "category": "Ontbijt, broodbeleg en bakproducten",
    "price": 2.34,
    "promoPrice": null,
    "pricePerUnit": "5.51 kg",
    "image": "https://www.jumbo.com/dam-images/fit-in/360x360/Products/14022024_1707873496269_1707873499577_8710432004003_1.png",
    "available": true,
    "promoUntil": null
  },
  {
    "id": "306034ZK",
    "title": "Jumbo Elstar Appels Voordeelverpakking 1,5 kg",
    "category": "Aardappelen, groente en fruit",
    "price": 2.99,
    "promoPrice": null,
    "pricePerUnit": "1.99 kg",
    "image": "https://www.jumbo.com/dam-images/fit-in/360x360/Products/10082023_1691677392872_1691677395732_8711715881755_1.png",
    "available": true,
    "promoUntil": null
  },
  {
    "id": "420773DS",
    "title": "Pickwick Rooibos Variation Box Citrus Vanilla Original Caramel & Ginger 5 x 4 x 1,5 g",
    "category": "Koffie en thee",
    "price": 2.29,
    "promoPrice": null,
    "pricePerUnit": "0.11 pieces",
    "image": "https://www.jumbo.com/dam-images/fit-in/360x360/Products/02042025_1743554032637_1743554043875_8711000483541_1.png",
    "available": true,
    "promoUntil": null
  },
  {
    "id": "509114DS",
    "title": "La Place Groene Thee Jasmijn 15 Stuks",
    "category": "Koffie en thee",
    "price": 2.19,
    "promoPrice": null,
    "pricePerUnit": "0.15 pieces",
    "image": "https://www.jumbo.com/dam-images/fit-in/360x360/Products/09082023_1691590436635_1691590548342_8718452643950_1.png",
    "available": true,
    "promoUntil": null
  },
  {
    "id": "18628FLS",
    "title": "Jumbo Volle Koffiemelk 188ML",
    "category": "Zuivel, eieren, boter",
    "price": 0.89,
    "promoPrice": null,
    "pricePerUnit": "4.73 l",
    "image": "https://www.jumbo.com/dam-images/fit-in/360x360/Products/25022025_1740457786844_1740457793503_18628_FLS_08718452871384_C1N1.png",
    "available": true,
    "promoUntil": null
  },
  {
    "id": "395980BKR",
    "title": "Jumbo Biologisch Magere Kwark 500 g",
    "category": "Zuivel, eieren, boter",
    "price": 1.65,
    "promoPrice": null,
    "pricePerUnit": "3.3 kg",
    "image": "https://www.jumbo.com/dam-images/fit-in/360x360/Products/18082025_1755541982370_1755541994700_8718452675746_596.png",
    "available": true,
    "promoUntil": null
  },
  {
    "id": "673396FLS",
    "title": "Jumbo Dressing Naturel 450ML",
    "category": "Conserven, soepen, sauzen, oliën",
    "price": 1.34,
    "promoPrice": null,
    "pricePerUnit": "2.98 l",
    "image": "https://www.jumbo.com/dam-images/fit-in/360x360/Products/17042025_1744878791228_1744878796680_8718452895557_1.png",
    "available": true,
    "promoUntil": null
  },
  {
    "id": "522578SC",
    "title": "Jumbo Snackgroente Tomaatjes 500 g",
    "category": "Aardappelen, groente en fruit",
    "price": 3.29,
    "promoPrice": null,
    "pricePerUnit": "6.58 kg",
    "image": "https://www.jumbo.com/dam-images/fit-in/360x360/Products/09082023_1691591028486_1691591086020_8718452687046_1.png",
    "available": true,
    "promoUntil": null
  },
  {
    "id": "417290DS",
    "title": "De Ruijter Hagelslag Royaal 390 g",
    "category": "Ontbijt, broodbeleg en bakproducten",
    "price": 5.63,
    "promoPrice": null,
    "pricePerUnit": "14.44 kg",
    "image": "https://www.jumbo.com/dam-images/fit-in/360x360/Products/22082024_1724289207318_1724289214046_417290_DS_08715700119441_H1N1.png",
    "available": true,
    "promoUntil": null
  },
  {
    "id": "203120STK",
    "title": "Yakult Plus 8-pack",
    "category": "Zuivel, eieren, boter",
    "price": 4.49,
    "promoPrice": null,
    "pricePerUnit": "8.63 l",
    "image": "https://www.jumbo.com/dam-images/fit-in/360x360/Products/03032025_1740997964733_1740997982021_8713108020819_596.png",
    "available": true,
    "promoUntil": null
  },
  {
    "id": "635910KGR",
    "title": "Jumbo Biologisch Kipfilet 2 Stuks",
    "category": "Vlees, vis en vega",
    "price": 10.88,
    "promoPrice": null,
    "pricePerUnit": "27.9 kg",
    "image": "https://www.jumbo.com/dam-images/fit-in/360x360/Products/13122024_1734107580125_1734107586786_2348774000000_1.png",
    "available": true,
    "promoUntil": null
  },
  {
    "id": "493550ZK",
    "title": "Jumbo Mini Rijst & Maïs Wafels Kaassmaak 30 g",
    "category": "Ontbijt, broodbeleg en bakproducten",
    "price": 0.79,
    "promoPrice": null,
    "pricePerUnit": "26.33 kg",
    "image": "https://www.jumbo.com/dam-images/fit-in/360x360/Products/09082023_1691591723619_1691591742825_8718452644483_1.png",
    "available": true,
    "promoUntil": null
  },
  {
    "id": "578747TRL",
    "title": "Jumbo Vlaatje met Vanille- & Chocoladesmaak 6 x 200 g",
    "category": "Zuivel, eieren, boter",
    "price": 8.94,
    "promoPrice": null,
    "pricePerUnit": "7.45 kg",
    "image": "https://www.jumbo.com/dam-images/fit-in/360x360/Products/138626TRL-1692362646692.png",
    "available": true,
    "promoUntil": null
  },
  {
    "id": "708320PAK",
    "title": "Jumbo Kefir Naturel 1 L",
    "category": "Zuivel, eieren, boter",
    "price": 1.29,
    "promoPrice": null,
    "pricePerUnit": "1.29 l",
    "image": "https://www.jumbo.com/dam-images/fit-in/360x360/Products/24072025_1753360360822_1753360369518_8718452925476_596.png",
    "available": true,
    "promoUntil": null
  },
  {
    "id": "361471POT",
    "title": "Hak Rode Kool met Stukjes Peer 700 g",
    "category": "Conserven, soepen, sauzen, oliën",
    "price": 3.39,
    "promoPrice": null,
    "pricePerUnit": "4.84 kg",
    "image": "https://www.jumbo.com/dam-images/fit-in/360x360/Products/06022025_1738810356733_1738810367378_361471_POT_08720600619823_H1N1.png",
    "available": true,
    "promoUntil": null
  },
  {
    "id": "577148ZK",
    "title": "HAK Mexicaans gekruid kidneybonen chili schotel 550g",
    "category": "Conserven, soepen, sauzen, oliën",
    "price": 2.99,
    "promoPrice": null,
    "pricePerUnit": "5.44 kg",
    "image": "https://www.jumbo.com/dam-images/fit-in/360x360/Products/21062025_1750470486666_1750470522730_577148_ZK_08720600616303_H1N1.png",
    "available": true,
    "promoUntil": null
  },
  {
    "id": "173944STK",
    "title": "Bolletje Goed Bezig! Rood Fruit 9 Stuks 210 g",
    "category": "Koek, snoep, chocolade en chips",
    "price": 2.15,
    "promoPrice": null,
    "pricePerUnit": "10.24 kg",
    "image": "https://www.jumbo.com/dam-images/fit-in/360x360/Products/03092025_1756861756949_1756861772045_173944_STK_08710482532075_C1N1.png",
    "available": true,
    "promoUntil": null
  },
  {
    "id": "455613FLS",
    "title": "Friesche Vlag Goudband Volle Koffiemelk 300 ml",
    "category": "Koffie en thee",
    "price": 1.76,
    "promoPrice": null,
    "pricePerUnit": "5.87 l",
    "image": "https://www.jumbo.com/dam-images/fit-in/360x360/Products/13092024_1726212797771_1726212801529_8712800100904_1.png",
    "available": true,
    "promoUntil": null
  },
  {
    "id": "269035STK",
    "title": "MAGGI Basis voor Soep Tomaat Helder 485 ml",
    "category": "Conserven, soepen, sauzen, oliën",
    "price": 2.89,
    "promoPrice": null,
    "pricePerUnit": "5.96 l",
    "image": "https://www.jumbo.com/dam-images/fit-in/360x360/Products/14022024_1707872835607_1707872843107_7613036951319_1.png",
    "available": true,
    "promoUntil": null
  },
  {
    "id": "679080TRA",
    "title": "Jumbo Gerookt Spekblokje 250 g",
    "category": "Vlees, vis en vega",
    "price": 4.55,
    "promoPrice": null,
    "pricePerUnit": "18.2 kg",
    "image": "https://www.jumbo.com/dam-images/fit-in/360x360/Products/12122024_1734021200597_1734021207983_8718452206155_1.png",
    "available": true,
    "promoUntil": null
  },
  {
    "id": "74807DSL",
    "title": "Nescafé Dolce Gusto Café Au Lait capsules - 3 x 16 koffiecups",
    "category": "Koffie en thee",
    "price": 17.97,
    "promoPrice": 15.27,
    "pricePerUnit": "0.32 pieces",
    "image": "https://www.jumbo.com/dam-images/fit-in/360x360/Products/7613033174711d4fc84b4-f3e1-41bb-bd36-5c100df20c32-1751543767005.png",
    "available": true,
    "promoUntil": "di 7 okt"
  },
  {
    "id": "548994FLS",
    "title": "Jumbo Wok Olie 500ML",
    "category": "Conserven, soepen, sauzen, oliën",
    "price": 3.45,
    "promoPrice": null,
    "pricePerUnit": "6.9 l",
    "image": "https://www.jumbo.com/dam-images/fit-in/360x360/Products/10082023_1691678616795_1691678618727_8718452704934_1.png",
    "available": true,
    "promoUntil": null
  },
  {
    "id": "577802CUP",
    "title": "Dodoni Authentieke Griekse Yoghurt 10% Vet 170 g",
    "category": "Zuivel, eieren, boter",
    "price": 1.39,
    "promoPrice": null,
    "pricePerUnit": "8.18 kg",
    "image": "https://www.jumbo.com/dam-images/fit-in/360x360/Products/14022025_1739539693785_1739539698247_5201168415803_1.png",
    "available": true,
    "promoUntil": null
  },
  {
    "id": "73109DSL",
    "title": "Unox Good Pasta Carbonara 8 x 71 g",
    "category": "Conserven, soepen, sauzen, oliën",
    "price": 17.52,
    "promoPrice": null,
    "pricePerUnit": "30.85 kg",
    "image": "https://www.jumbo.com/dam-images/fit-in/360x360/Products/8720182847461d9040885-1a83-4eea-b0de-2b031b2e6236-1743771605504.png",
    "available": true,
    "promoUntil": null
  },
  {
    "id": "681336KGR",
    "title": "Jumbo Kabeljauwhaas Naturel ca. 250 g",
    "category": "Vlees, vis en vega",
    "price": 7.67,
    "promoPrice": null,
    "pricePerUnit": "30.7 kg",
    "image": "https://www.jumbo.com/dam-images/fit-in/360x360/Products/14042025_1744644770640_1744644777396_2369279000000_1.png",
    "available": true,
    "promoUntil": null
  },
  {
    "id": "582816STK",
    "title": "Jumbo Goudse Kaas 48+ Stuk Jong Belegen Voordeelverpakking 1 kg",
    "category": "Vleeswaren, kaas en tapas",
    "price": 8.62,
    "promoPrice": null,
    "pricePerUnit": "8.62 kg",
    "image": "https://www.jumbo.com/dam-images/fit-in/360x360/Products/14112023_1699975989714_1699976002168_8718452695102_1.png",
    "available": true,
    "promoUntil": null
  },
  {
    "id": "672517DS",
    "title": "Servero Very Berry Smoothie Fruit to Go Appel, Kersen, Bosvruchten Voordeelpak 4 x 100 g",
    "category": "Conserven, soepen, sauzen, oliën",
    "price": 3.59,
    "promoPrice": null,
    "pricePerUnit": "8.98 kg",
    "image": "https://www.jumbo.com/dam-images/fit-in/360x360/Products/04022025_1738668747957_1738668755285_4008596504120_1.png",
    "available": true,
    "promoUntil": null
  },
  {
    "id": "655361STK",
    "title": "Jumbo Scharrel Kipfilet 135 g",
    "category": "Vleeswaren, kaas en tapas",
    "price": 2.99,
    "promoPrice": null,
    "pricePerUnit": "22.15 kg",
    "image": "https://www.jumbo.com/dam-images/fit-in/360x360/Products/15112024_1731663279047_1731663284993_8718452875474_1.png",
    "available": true,
    "promoUntil": null
  },
  {
    "id": "138054POT",
    "title": "Rolo Crème Dessert met Melkchocolade & Karamel 2 x 70 g",
    "category": "Zuivel, eieren, boter",
    "price": 1.99,
    "promoPrice": null,
    "pricePerUnit": "14.21 kg",
    "image": "https://www.jumbo.com/dam-images/fit-in/360x360/Products/22122023_1703212560053_1703212564402_138054_POT_.png",
    "available": true,
    "promoUntil": null
  },
  {
    "id": "656961POT",
    "title": "Jumbo Doperwten 350 g",
    "category": "Conserven, soepen, sauzen, oliën",
    "price": 0.71,
    "promoPrice": null,
    "pricePerUnit": "3.09 kg",
    "image": "https://www.jumbo.com/dam-images/fit-in/360x360/Products/28022025_1740749587007_1740749596491_8718452813131_1.png",
    "available": true,
    "promoUntil": null
  },
  {
    "id": "383171ZK",
    "title": "Jumbo Aardappelen Kruimig Extra Groot 3 kg",
    "category": "Aardappelen, groente en fruit",
    "price": 3.85,
    "promoPrice": null,
    "pricePerUnit": "1.28 kg",
    "image": "https://www.jumbo.com/dam-images/fit-in/360x360/Products/29092023_1695995271586_1695995278037_8718452499229_1.png",
    "available": true,
    "promoUntil": null
  },
  {
    "id": "619683CUP",
    "title": "Zuivelhoeve Banan'n Split Bananensmaak en Chocolade Vla 450 g",
    "category": "Zuivel, eieren, boter",
    "price": 1.99,
    "promoPrice": null,
    "pricePerUnit": "4.42 kg",
    "image": "https://www.jumbo.com/dam-images/fit-in/360x360/Products/23042024_1713857710952_1713857716369_8711399023717_1.png",
    "available": true,
    "promoUntil": null
  },
  {
    "id": "68648BLK",
    "title": "Unox Vleesmaaltijd Vlaamse Hachee 420 g",
    "category": "Conserven, soepen, sauzen, oliën",
    "price": 4.54,
    "promoPrice": null,
    "pricePerUnit": "10.81 kg",
    "image": "https://www.jumbo.com/dam-images/fit-in/360x360/Products/07092023_1694098450451_1694098464437_8713200822045_1.png",
    "available": true,
    "promoUntil": null
  },
  {
    "id": "456732DS",
    "title": "Jumbo Basis voor Groente Soep 2 x 62 g",
    "category": "Conserven, soepen, sauzen, oliën",
    "price": 1.25,
    "promoPrice": null,
    "pricePerUnit": "10.08 kg",
    "image": "https://www.jumbo.com/dam-images/fit-in/360x360/Products/09082023_1691589581311_1691589615381_8718452606603_1.png",
    "available": true,
    "promoUntil": null
  },
  {
    "id": "302293POT",
    "title": "Jumbo Snijbonen 680g",
    "category": "Conserven, soepen, sauzen, oliën",
    "price": 2.19,
    "promoPrice": null,
    "pricePerUnit": "6.64 kg",
    "image": "https://www.jumbo.com/dam-images/fit-in/360x360/Products/08052024_1715182452968_1715182459314_8718452764617_1.png",
    "available": true,
    "promoUntil": null
  },
  {
    "id": "608114CUP",
    "title": "Activia 0% Yoghurt Kers 4 x 125g",
    "category": "Zuivel, eieren, boter",
    "price": 2.99,
    "promoPrice": null,
    "pricePerUnit": "5.98 kg",
    "image": "https://www.jumbo.com/dam-images/fit-in/360x360/Products/25032024_1711381633099_1711381656291_8713788124142_1.png",
    "available": true,
    "promoUntil": null
  },
  {
    "id": "667446CUP",
    "title": "Jumbo Knoflooksaus 150 g",
    "category": "Conserven, soepen, sauzen, oliën",
    "price": 1.0,
    "promoPrice": null,
    "pricePerUnit": "6.67 kg",
    "image": "https://www.jumbo.com/dam-images/fit-in/360x360/Products/06022025_1738827144917_1738827149393_8718452885893_1.png",
    "available": true,
    "promoUntil": null
  },
  {
    "id": "476935FLS",
    "title": "Oliehoorn Tomaten Ketchup Fris & Licht Gekruid 465 ml",
    "category": "Conserven, soepen, sauzen, oliën",
    "price": 2.59,
    "promoPrice": null,
    "pricePerUnit": "5.57 l",
    "image": "https://www.jumbo.com/dam-images/fit-in/360x360/Products/10082023_1691678325831_1691678330613_8713277666252_1.png",
    "available": true,
    "promoUntil": null
  },
  {
    "id": "583968PAK",
    "title": "Jumbo Kruidenthee Gember 15 x 2,5 g",
    "category": "Koffie en thee",
    "price": 1.09,
    "promoPrice": null,
    "pricePerUnit": "0.07 pieces",
    "image": "https://www.jumbo.com/dam-images/fit-in/360x360/Products/14022024_1707873373716_1707873393698_8718452694211_596.png",
    "available": true,
    "promoUntil": null
  },
  {
    "id": "79396CUP",
    "title": "Melkunie Gortepap 500 g",
    "category": "Zuivel, eieren, boter",
    "price": 1.49,
    "promoPrice": null,
    "pricePerUnit": "2.98 kg",
    "image": "https://www.jumbo.com/dam-images/fit-in/360x360/Products/13102023_1697165663839_1697165670995_79396_CUP_08718166031456_C1N1.png",
    "available": true,
    "promoUntil": null
  },
  {
    "id": "138148STK",
    "title": "Wasa Zuurdesem Rogge 235 g",
    "category": "Ontbijt, broodbeleg en bakproducten",
    "price": 1.87,
    "promoPrice": null,
    "pricePerUnit": "7.96 kg",
    "image": "https://www.jumbo.com/dam-images/fit-in/360x360/Products/02092025_1756777344294_1756777348270_138148_STK_07300400129657_C1N1.png",
    "available": true,
    "promoUntil": null
  },
  {
    "id": "582811STK",
    "title": "Jumbo Goudse Kaas Jong Belegen 48+ Plakken Voordeelverpakking 400 g",
    "category": "Vleeswaren, kaas en tapas",
    "price": 3.79,
    "promoPrice": null,
    "pricePerUnit": "9.48 kg",
    "image": "https://www.jumbo.com/dam-images/fit-in/360x360/Products/20122023_1703089983916_1703089993688_8718452695089_1.png",
    "available": true,
    "promoUntil": null
  },
  {
    "id": "680420TRA",
    "title": "Jumbo Smokey Angus Burger Premium Rundvlees 2 Stuks",
    "category": "Vlees, vis en vega",
    "price": 4.49,
    "promoPrice": null,
    "pricePerUnit": "22.45 kg",
    "image": "https://www.jumbo.com/dam-images/fit-in/360x360/Products/06052025_1746556347204_1746556352887_8718452911073_1.png",
    "available": true,
    "promoUntil": null
  },
  {
    "id": "296255STK",
    "title": "The Flower Farm Bakken Zonder Palmolie 450 ml",
    "category": "Zuivel, eieren, boter",
    "price": 2.99,
    "promoPrice": null,
    "pricePerUnit": "6.64 l",
    "image": "https://www.jumbo.com/dam-images/fit-in/360x360/Products/15072025_1752593604833_1752593608755_8710472000126_1.png",
    "available": true,
    "promoUntil": null
  },
  {
    "id": "142108FLS",
    "title": "Dr. Oetker Aroma Vanillesmaak 38 ml",
    "category": "Ontbijt, broodbeleg en bakproducten",
    "price": 1.31,
    "promoPrice": null,
    "pricePerUnit": "34.47 l",
    "image": "https://www.jumbo.com/dam-images/fit-in/360x360/Products/10072025_1752113848914_1752113856122_142108_FLS_08710466268426_C1N1_s01.png",
    "available": true,
    "promoUntil": null
  },
  {
    "id": "624599TRA",
    "title": "Jumbo Nederlands Rund Tartaar 2 Stuks",
    "category": "Vlees, vis en vega",
    "price": 3.99,
    "promoPrice": null,
    "pricePerUnit": "19.95 kg",
    "image": "https://www.jumbo.com/dam-images/fit-in/360x360/Products/24092025_1758717260194_1758717265062_8718452849628_1.png",
    "available": true,
    "promoUntil": null
  },
  {
    "id": "80892ZK",
    "title": "Dr. Oetker Topping Roze Cupcake Taart versiering 140 g",
    "category": "Ontbijt, broodbeleg en bakproducten",
    "price": 3.95,
    "promoPrice": null,
    "pricePerUnit": "28.21 kg",
    "image": "https://www.jumbo.com/dam-images/fit-in/360x360/Products/03052025_1746235174353_1746235181818_80892_ZK_08710466262820_C1N1_s04.png",
    "available": true,
    "promoUntil": null
  },
  {
    "id": "300834ZK",
    "title": "Unox Soep Champignon 570ML",
    "category": "Conserven, soepen, sauzen, oliën",
    "price": 3.15,
    "promoPrice": null,
    "pricePerUnit": "5.53 l",
    "image": "https://www.jumbo.com/dam-images/fit-in/360x360/Products/28082025_1756345734881_1756345772380_300834_ZK_08717163896303_H1N1.png",
    "available": true,
    "promoUntil": null
  },
  {
    "id": "577173PAK",
    "title": "Starbucks Chilled Coffee Caramel Macchiato ijskoffie 220ml",
    "category": "Zuivel, eieren, boter",
    "price": 1.99,
    "promoPrice": null,
    "pricePerUnit": "9.05 l",
    "image": "https://www.jumbo.com/dam-images/fit-in/360x360/Products/13012025_1736757186913_1736757193242_5760466920490_1.png",
    "available": true,
    "promoUntil": null
  },
  {
    "id": "305323BLK",
    "title": "John West Wilde Roze Zalm 213g",
    "category": "Conserven, soepen, sauzen, oliën",
    "price": 4.25,
    "promoPrice": null,
    "pricePerUnit": "19.95 kg",
    "image": "https://www.jumbo.com/dam-images/fit-in/360x360/Products/17052025_1747446153052_1747446177539_305323_BLK_05000171059468_C1N1.png",
    "available": true,
    "promoUntil": null
  },
  {
    "id": "158565DS",
    "title": "Zonnatura Biologische Notenrepen Appel Kaneel",
    "category": "Koek, snoep, chocolade en chips",
    "price": 1.97,
    "promoPrice": null,
    "pricePerUnit": "26.27 kg",
    "image": "https://www.jumbo.com/dam-images/fit-in/360x360/Products/15092025_1757943177257_1757943195905_8711812407711_596.png",
    "available": true,
    "promoUntil": null
  },
  {
    "id": "432799FLS",
    "title": "AA Drink High Energy 500 ml",
    "category": "Frisdrank en sappen",
    "price": 1.29,
    "promoPrice": null,
    "pricePerUnit": "2.58 l",
    "image": "https://www.jumbo.com/dam-images/fit-in/360x360/Products/AA05LHighEnergye215ba67-85e2-4d48-ab40-54a91cfaa4f4-1737625730276.png",
    "available": true,
    "promoUntil": null
  },
  {
    "id": "420828FLS",
    "title": "Calvé Knijpfles Yofresh Mayonaise 430 ml",
    "category": "Conserven, soepen, sauzen, oliën",
    "price": 3.35,
    "promoPrice": 2.51,
    "pricePerUnit": "5.84 l",
    "image": "https://www.jumbo.com/dam-images/fit-in/360x360/Products/30072025_1753889671730_1753889675860_8710522652114_1.png",
    "available": true,
    "promoUntil": "di 30 sep"
  },
  {
    "id": "187471BAK",
    "title": "Jumbo Varken Chipolataworst 5 Stuks",
    "category": "Vlees, vis en vega",
    "price": 2.99,
    "promoPrice": null,
    "pricePerUnit": "0.6 pieces",
    "image": "https://www.jumbo.com/dam-images/fit-in/360x360/Products/05112024_1730820971425_1730820981117_8718452397020_1.png",
    "available": true,
    "promoUntil": null
  },
  {
    "id": "306033ZK",
    "title": "Jumbo Jonagold Appels Voordeelverpakking 1,5 kg",
    "category": "Aardappelen, groente en fruit",
    "price": 2.79,
    "promoPrice": null,
    "pricePerUnit": "1.86 kg",
    "image": "https://www.jumbo.com/dam-images/fit-in/360x360/Products/29092023_1695995626316_1695995631076_8711715881748_1.png",
    "available": true,
    "promoUntil": null
  },
  {
    "id": "577924STK",
    "title": "Almhof Hoekje Yoghurt Pistache Smaak met Krokante Amandelen 150 g",
    "category": "Zuivel, eieren, boter",
    "price": 1.49,
    "promoPrice": null,
    "pricePerUnit": "9.93 kg",
    "image": "https://www.jumbo.com/dam-images/fit-in/360x360/Products/14032025_1741928193215_1741928204424_577924_STK_.png",
    "available": true,
    "promoUntil": null
  },
  {
    "id": "623924DS",
    "title": "Bolletje Krokante Hazelnoot & Amandel Muesli 375 g",
    "category": "Ontbijt, broodbeleg en bakproducten",
    "price": 2.96,
    "promoPrice": null,
    "pricePerUnit": "7.89 kg",
    "image": "https://www.jumbo.com/dam-images/fit-in/360x360/Products/03062024_1717420815333_1717420827796_8710482534826_1.png",
    "available": true,
    "promoUntil": null
  },
  {
    "id": "183946POT",
    "title": "Céréal Minder Suikers Confituur Aardbei 270 g",
    "category": "Ontbijt, broodbeleg en bakproducten",
    "price": 2.19,
    "promoPrice": null,
    "pricePerUnit": "8.11 kg",
    "image": "https://www.jumbo.com/dam-images/fit-in/360x360/Products/15092024_1726363019798_1726363025856_183946_POT_08723700213779_C1N1.png",
    "available": true,
    "promoUntil": null
  },
  {
    "id": "578698STK",
    "title": "Ísey Skyr Crème Brûlée 170g",
    "category": "Zuivel, eieren, boter",
    "price": 1.89,
    "promoPrice": null,
    "pricePerUnit": "11.12 kg",
    "image": "https://www.jumbo.com/dam-images/fit-in/360x360/Products/07082025_1754559257404_1754559265163_5690516995508_596.png",
    "available": true,
    "promoUntil": null
  },
  {
    "id": "645663CUP",
    "title": "Unox Good Noodles Cup Teriyaki 65 g",
    "category": "Conserven, soepen, sauzen, oliën",
    "price": 2.09,
    "promoPrice": null,
    "pricePerUnit": "32.15 kg",
    "image": "https://www.jumbo.com/dam-images/fit-in/360x360/Products/03042025_1743650807837_1743650864124_645663_CUP_08720182864642_H1N1.png",
    "available": true,
    "promoUntil": null
  },
  {
    "id": "383942DSL",
    "title": "Nescafé Wiener Melange Mocha 6 x 8 Zakjes",
    "category": "Koffie en thee",
    "price": 21.54,
    "promoPrice": null,
    "pricePerUnit": "0.45 pieces",
    "image": "https://www.jumbo.com/dam-images/fit-in/360x360/Products/383942DSL194d90539-5976-42c3-a05b-f05df73c09f4-1724403621777.png",
    "available": true,
    "promoUntil": null
  },
  {
    "id": "526972PAK",
    "title": "Campina Vla Vanillesmaak 500 ml",
    "category": "Zuivel, eieren, boter",
    "price": 1.59,
    "promoPrice": null,
    "pricePerUnit": "3.18 l",
    "image": "https://www.jumbo.com/dam-images/fit-in/360x360/Products/09102024_1728444763915_1728444772680_526972_PAK_08712800000815_H1N1.png",
    "available": true,
    "promoUntil": null
  },
  {
    "id": "202201TRA",
    "title": "Jumbo Slavink Gemarineerd Varken 4 Stuks",
    "category": "Vlees, vis en vega",
    "price": 5.29,
    "promoPrice": null,
    "pricePerUnit": "12.02 kg",
    "image": "https://www.jumbo.com/dam-images/fit-in/360x360/Products/13112024_1731493976012_1731493982436_8718452678532_1.png",
    "available": true,
    "promoUntil": null
  },
  {
    "id": "580784KGR",
    "title": "Jumbo Schouderkarbonade Gekruid 2 Stuks",
    "category": "Vlees, vis en vega",
    "price": 3.8,
    "promoPrice": null,
    "pricePerUnit": "9.5 kg",
    "image": "https://www.jumbo.com/dam-images/fit-in/360x360/Products/26112024_1732638819403_1732638828054_2369199000000_1.png",
    "available": true,
    "promoUntil": null
  },
  {
    "id": "148882DS",
    "title": "Honig Figuurvermicelli Cijfers en Letters 275 g",
    "category": "Conserven, soepen, sauzen, oliën",
    "price": 2.65,
    "promoPrice": null,
    "pricePerUnit": "9.64 kg",
    "image": "https://www.jumbo.com/dam-images/fit-in/360x360/Products/22082024_1724293461911_1724293469461_148882_DS_08714700995963_H1N1.png",
    "available": true,
    "promoUntil": null
  },
  {
    "id": "526985PAK",
    "title": "Campina Vla Chocolade 500 ml",
    "category": "Zuivel, eieren, boter",
    "price": 1.49,
    "promoPrice": null,
    "pricePerUnit": "2.98 l",
    "image": "https://www.jumbo.com/dam-images/fit-in/360x360/Products/24092024_1727188367800_1727188372054_8712800000709_1.png",
    "available": true,
    "promoUntil": null
  },
  {
    "id": "576729DS",
    "title": "Kellogg's Honey Loops ontbijtgranen 330 g",
    "category": "Ontbijt, broodbeleg en bakproducten",
    "price": 3.37,
    "promoPrice": null,
    "pricePerUnit": "10.21 kg",
    "image": "https://www.jumbo.com/dam-images/fit-in/360x360/Products/14082025_1755141028004_1755141039005_576729_DS_05059319023823_A1N1.png",
    "available": true,
    "promoUntil": null
  },
  {
    "id": "568594BLK",
    "title": "Unox Knakworst Party Knaks 400 g",
    "category": "Conserven, soepen, sauzen, oliën",
    "price": 4.27,
    "promoPrice": null,
    "pricePerUnit": "20.05 kg",
    "image": "https://www.jumbo.com/dam-images/fit-in/360x360/Products/20012025_1737340076403_1737340110546_568594_BLK_08720182687609_C1N1.png",
    "available": true,
    "promoUntil": null
  },
  {
    "id": "340345TRA",
    "title": "Jumbo Snackworst Mini 5 x 10 g",
    "category": "Conserven, soepen, sauzen, oliën",
    "price": 1.99,
    "promoPrice": null,
    "pricePerUnit": "39.8 kg",
    "image": "https://www.jumbo.com/dam-images/fit-in/360x360/Products/17072024_1721205199384_1721205213671_8718452810482_596.png",
    "available": true,
    "promoUntil": null
  },
  {
    "id": "455616FLS",
    "title": "Friesche Vlag Halvamel Koffiemelk 500 ml",
    "category": "Koffie en thee",
    "price": 2.09,
    "promoPrice": null,
    "pricePerUnit": "4.18 l",
    "image": "https://www.jumbo.com/dam-images/fit-in/360x360/Products/01072025_1751358767833_1751358770933_8712800100942_1.png",
    "available": true,
    "promoUntil": null
  },
  {
    "id": "679074PAK",
    "title": "Jumbo Volle Melk Opschuim Melk 500ML",
    "category": "Zuivel, eieren, boter",
    "price": 1.09,
    "promoPrice": null,
    "pricePerUnit": "2.18 l",
    "image": "https://www.jumbo.com/dam-images/fit-in/360x360/Products/12032025_1741797188636_1741797201644_8718452816897_596.png",
    "available": true,
    "promoUntil": null
  },
  {
    "id": "300204STK",
    "title": "Waldkorn - Volkoren Meergranenbrood",
    "category": "Brood en gebak",
    "price": 2.45,
    "promoPrice": null,
    "pricePerUnit": "2.45 pieces",
    "image": "https://www.jumbo.com/dam-images/fit-in/360x360/Products/19042024_1713526452010_1713526457542_8718452356591_1.png",
    "available": true,
    "promoUntil": null
  },
  {
    "id": "591459PAK",
    "title": "Koopmans Zandkoekjes Bakmix 400 g",
    "category": "Ontbijt, broodbeleg en bakproducten",
    "price": 1.45,
    "promoPrice": null,
    "pricePerUnit": "3.63 kg",
    "image": "https://www.jumbo.com/dam-images/fit-in/360x360/Products/17042025_1744855725952_1744855731721_591459_PAK_08710466217226_C1N1_s03.png",
    "available": true,
    "promoUntil": null
  },
  {
    "id": "225546STK",
    "title": "illy Intenso Bold Roast Coffee Beans 250 g",
    "category": "Koffie en thee",
    "price": 7.99,
    "promoPrice": null,
    "pricePerUnit": "31.96 kg",
    "image": "https://www.jumbo.com/dam-images/fit-in/360x360/Products/24102024_1729739388991_1729739391838_225546_STK_08003753918198_C1N1.png",
    "available": true,
    "promoUntil": null
  },
  {
    "id": "187774DS",
    "title": "Quaker Havermout 600 gr",
    "category": "Ontbijt, broodbeleg en bakproducten",
    "price": 2.36,
    "promoPrice": null,
    "pricePerUnit": "3.93 kg",
    "image": "https://www.jumbo.com/dam-images/fit-in/360x360/Products/30052025_1748608426827_1748608433585_8710398507631_1.png",
    "available": true,
    "promoUntil": null
  },
  {
    "id": "203773STK",
    "title": "Jumbo Jong Belegen Kaas 48+ Plakken Voordeelverpakking 400 g",
    "category": "Vleeswaren, kaas en tapas",
    "price": 5.89,
    "promoPrice": null,
    "pricePerUnit": "14.73 kg",
    "image": "https://www.jumbo.com/dam-images/fit-in/360x360/Products/24042025_1745498007019_1745498011579_8718452695119_1.png",
    "available": true,
    "promoUntil": null
  },
  {
    "id": "637299DS",
    "title": "Jumbo's Cappuccino Koffiecups 2 x 8 Combicups",
    "category": "Koffie en thee",
    "price": 4.99,
    "promoPrice": null,
    "pricePerUnit": "0.31 pieces",
    "image": "https://www.jumbo.com/dam-images/fit-in/360x360/Products/23102024_1729694106033_1729694109572_8718452839988_1.png",
    "available": true,
    "promoUntil": null
  },
  {
    "id": "376677STK",
    "title": "Jumbo Conference Peren 1KG",
    "category": "Aardappelen, groente en fruit",
    "price": 2.29,
    "promoPrice": null,
    "pricePerUnit": "2.29 kg",
    "image": "https://www.jumbo.com/dam-images/fit-in/360x360/Products/09082023_1691586974866_1691586985642_8718452490479_1.png",
    "available": true,
    "promoUntil": null
  },
  {
    "id": "485512FLS",
    "title": "Calvé Mosterd Mosterd Saus 430 ml",
    "category": "Conserven, soepen, sauzen, oliën",
    "price": 3.35,
    "promoPrice": null,
    "pricePerUnit": "7.79 l",
    "image": "https://www.jumbo.com/dam-images/fit-in/360x360/Products/12082025_1754987602375_1754987607461_8720182259479_1.png",
    "available": true,
    "promoUntil": null
  },
  {
    "id": "389430BLK",
    "title": "Unox Soep Champignon 300 ml",
    "category": "Conserven, soepen, sauzen, oliën",
    "price": 1.99,
    "promoPrice": null,
    "pricePerUnit": "6.63 l",
    "image": "https://www.jumbo.com/dam-images/fit-in/360x360/Products/16072025_1752629459389_1752629499678_389430_BLK_08710522678893_C1N1.png",
    "available": true,
    "promoUntil": null
  },
  {
    "id": "495133TRL",
    "title": "YFood Gebalanceerde Drinkmaaltijd Fresh Berry 6 x 500 ml",
    "category": "Zuivel, eieren, boter",
    "price": 26.34,
    "promoPrice": null,
    "pricePerUnit": "8.78 l",
    "image": "https://www.jumbo.com/dam-images/fit-in/360x360/Products/495133TRL-1692282705376.png",
    "available": true,
    "promoUntil": null
  },
  {
    "id": "293403STK",
    "title": "Campina Langlekker Magere Melk 0% Vet 1 L",
    "category": "Zuivel, eieren, boter",
    "price": 1.99,
    "promoPrice": null,
    "pricePerUnit": "1.99 l",
    "image": "https://www.jumbo.com/dam-images/fit-in/360x360/Products/30082025_1756516526647_1756516531996_293403_STK_08712800148319_C1N1.png",
    "available": true,
    "promoUntil": null
  },
  {
    "id": "201906PAK",
    "title": "Koopmans Bananenbrood met Vleugje Kaneel 320 g",
    "category": "Ontbijt, broodbeleg en bakproducten",
    "price": 2.17,
    "promoPrice": null,
    "pricePerUnit": "6.78 kg",
    "image": "https://www.jumbo.com/dam-images/fit-in/360x360/Products/17042025_1744856432134_1744856437648_201906_PAK_08710466283726_C1N1_s03.png",
    "available": true,
    "promoUntil": null
  },
  {
    "id": "568787FLS",
    "title": "Gouda's Glorie Spicy Andalouse Sauce 550 ml",
    "category": "Conserven, soepen, sauzen, oliën",
    "price": 2.99,
    "promoPrice": null,
    "pricePerUnit": "5.44 l",
    "image": "https://www.jumbo.com/dam-images/fit-in/360x360/Products/14022024_1707873138493_1707873142371_8710448639541_1.png",
    "available": true,
    "promoUntil": null
  },
  {
    "id": "234664STK",
    "title": "Starbucks® by Nespresso® Caffè Verona 10 Koffiecups",
    "category": "Koffie en thee",
    "price": 4.69,
    "promoPrice": null,
    "pricePerUnit": "0.47 pieces",
    "image": "https://www.jumbo.com/dam-images/fit-in/360x360/Products/23092025_1758597045860_1758597052190_234664_STK_07613036958967_H1N1_s01.png",
    "available": true,
    "promoUntil": null
  },
  {
    "id": "535337FLS",
    "title": "Jumbo Fritessaus Halfvol 1 L",
    "category": "Conserven, soepen, sauzen, oliën",
    "price": 2.19,
    "promoPrice": null,
    "pricePerUnit": "2.19 l",
    "image": "https://www.jumbo.com/dam-images/fit-in/360x360/Products/27022025_1740670387875_1740670399135_8718452659357_596.png",
    "available": true,
    "promoUntil": null
  },
  {
    "id": "673447PAK",
    "title": "Jumbo Kipschnitzel XXL 250 g",
    "category": "Vlees, vis en vega",
    "price": 3.0,
    "promoPrice": null,
    "pricePerUnit": "12.0 kg",
    "image": "https://www.jumbo.com/dam-images/fit-in/360x360/Products/10082023_1691677710650_1691677767670_8718452684793_1.png",
    "available": true,
    "promoUntil": null
  },
  {
    "id": "81190POT",
    "title": "Hak Witte Bonen in Tomatensaus 185 g",
    "category": "Conserven, soepen, sauzen, oliën",
    "price": 2.19,
    "promoPrice": null,
    "pricePerUnit": "11.84 kg",
    "image": "https://www.jumbo.com/dam-images/fit-in/360x360/Products/09082023_1691591213992_1691591254288_8720600608995_1.png",
    "available": true,
    "promoUntil": null
  },
  {
    "id": "220461POT",
    "title": "Jumbo Rode Bieten Plakken 340 g",
    "category": "Conserven, soepen, sauzen, oliën",
    "price": 1.75,
    "promoPrice": null,
    "pricePerUnit": "5.15 kg",
    "image": "https://www.jumbo.com/dam-images/fit-in/360x360/Products/09082023_1691585250105_1691585258765_8718452360185_1.png",
    "available": true,
    "promoUntil": null
  },
  {
    "id": "306002DS",
    "title": "Jumbo Spices Chai 20 Stuks",
    "category": "Koffie en thee",
    "price": 1.05,
    "promoPrice": null,
    "pricePerUnit": "0.05 pieces",
    "image": "https://www.jumbo.com/dam-images/fit-in/360x360/Products/09082023_1691586622693_1691586631152_8718452402823_1.png",
    "available": true,
    "promoUntil": null
  },
  {
    "id": "17527DS",
    "title": "Fairtrade Original Rietsuikerklontjes 126 Stuks 500 g",
    "category": "Koffie en thee",
    "price": 2.96,
    "promoPrice": null,
    "pricePerUnit": "5.92 kg",
    "image": "https://www.jumbo.com/dam-images/fit-in/360x360/Products/18012024_1705554551909_1705554557417_17527_DS_08711741323526_C1N1.png",
    "available": true,
    "promoUntil": null
  },
  {
    "id": "672534DS",
    "title": "De Ruijter Feestvlokken 200g",
    "category": "Ontbijt, broodbeleg en bakproducten",
    "price": 2.47,
    "promoPrice": null,
    "pricePerUnit": "12.35 kg",
    "image": "https://www.jumbo.com/dam-images/fit-in/360x360/Products/09012025_1736426906244_1736426913657_672534_DS_08715700127934_H1N1.png",
    "available": true,
    "promoUntil": null
  },
  {
    "id": "594215EM",
    "title": "Zuivelhoeve Boer'n yoghurt® Vanille 750 g",
    "category": "Zuivel, eieren, boter",
    "price": 2.99,
    "promoPrice": null,
    "pricePerUnit": "3.99 kg",
    "image": "https://www.jumbo.com/dam-images/fit-in/360x360/Products/23052024_1716426832959_1716426837226_594215_EM_08711399023533_C1N1.png",
    "available": true,
    "promoUntil": null
  },
  {
    "id": "702737DS",
    "title": "Pickwick Bosvruchten Fruit Thee Voordeelpak 40 Stuks",
    "category": "Koffie en thee",
    "price": 3.19,
    "promoPrice": null,
    "pricePerUnit": "0.08 pieces",
    "image": "https://www.jumbo.com/dam-images/fit-in/360x360/Products/03062025_1748975589126_1748975595381_8711000585771_1.png",
    "available": true,
    "promoUntil": null
  },
  {
    "id": "61079DS",
    "title": "Zonnatura Biologische Groente Bouillonblokjes",
    "category": "Conserven, soepen, sauzen, oliën",
    "price": 1.38,
    "promoPrice": null,
    "pricePerUnit": "20.91 kg",
    "image": "https://www.jumbo.com/dam-images/fit-in/360x360/Products/23082025_1755912966906_1755912970498_61079_DS_08710863801905_C1N1.png",
    "available": true,
    "promoUntil": null
  },
  {
    "id": "557682DS",
    "title": "Holie's Crunchy Muesli 4 Nuts 400g",
    "category": "Ontbijt, broodbeleg en bakproducten",
    "price": 3.95,
    "promoPrice": null,
    "pricePerUnit": "9.88 kg",
    "image": "https://www.jumbo.com/dam-images/fit-in/360x360/Products/13022025_1739414518588_1739414535002_557682_DS_08720256082347_C1N1.png",
    "available": true,
    "promoUntil": null
  },
  {
    "id": "68649BLK",
    "title": "Unox Goulash Hongaarse 420 g",
    "category": "Conserven, soepen, sauzen, oliën",
    "price": 4.94,
    "promoPrice": null,
    "pricePerUnit": "11.76 kg",
    "image": "https://www.jumbo.com/dam-images/fit-in/360x360/Products/24092025_1758676005192_1758676052478_68649_BLK_08713200822038_H1N1.png",
    "available": true,
    "promoUntil": null
  },
  {
    "id": "175456ZK",
    "title": "Hak Linzen 205 g",
    "category": "Conserven, soepen, sauzen, oliën",
    "price": 1.99,
    "promoPrice": null,
    "pricePerUnit": "9.95 kg",
    "image": "https://www.jumbo.com/dam-images/fit-in/360x360/Products/21062025_1750467803261_1750467868338_175456_ZK_08720600613234_H1N1.png",
    "available": true,
    "promoUntil": null
  },
  {
    "id": "603123TRA",
    "title": "Jumbo Kip Filethaasjes Gepaneerd 300 g",
    "category": "Vlees, vis en vega",
    "price": 4.99,
    "promoPrice": null,
    "pricePerUnit": "16.63 kg",
    "image": "https://www.jumbo.com/dam-images/fit-in/360x360/Products/04072025_1751618005334_1751618009540_8718452779437_1.png",
    "available": true,
    "promoUntil": null
  },
  {
    "id": "79522POT",
    "title": "Hak Tuinboontjes 355 g",
    "category": "Conserven, soepen, sauzen, oliën",
    "price": 2.99,
    "promoPrice": null,
    "pricePerUnit": "13.59 kg",
    "image": "https://www.jumbo.com/dam-images/fit-in/360x360/Products/17062025_1750122543274_1750122547035_79522_POT_08720600608988_A1N1.png",
    "available": true,
    "promoUntil": null
  },
  {
    "id": "554270BLK",
    "title": "Jumbo Champignon Ragout 400 g",
    "category": "Conserven, soepen, sauzen, oliën",
    "price": 1.45,
    "promoPrice": null,
    "pricePerUnit": "3.63 kg",
    "image": "https://www.jumbo.com/dam-images/fit-in/360x360/Products/26112024_1732638819234_1732638844413_8718452811663_596.png",
    "available": true,
    "promoUntil": null
  },
  {
    "id": "384055CUP",
    "title": "Jumbo Ongeroosterde Pijnboompitten 80 g",
    "category": "Ontbijt, broodbeleg en bakproducten",
    "price": 4.99,
    "promoPrice": null,
    "pricePerUnit": "62.38 kg",
    "image": "https://www.jumbo.com/dam-images/fit-in/360x360/Products/05112024_1730772811404_1730772832534_384055_CUP_08718452829729_C1N1.png",
    "available": true,
    "promoUntil": null
  },
  {
    "id": "605017PAK",
    "title": "Indomie Instant Noodles Soup Special Chicken Flavour 5 x 75 g",
    "category": "Conserven, soepen, sauzen, oliën",
    "price": 2.99,
    "promoPrice": null,
    "pricePerUnit": "7.97 kg",
    "image": "https://www.jumbo.com/dam-images/fit-in/360x360/Products/12122024_1734014485836_1734014494544_89686170054_1.png",
    "available": true,
    "promoUntil": null
  },
  {
    "id": "671263CUP",
    "title": "Jumbo Soja Plantaardig Alternatief voor Yoghurt Vanille Smaak 500 g",
    "category": "Zuivel, eieren, boter",
    "price": 1.89,
    "promoPrice": null,
    "pricePerUnit": "3.78 kg",
    "image": "https://www.jumbo.com/dam-images/fit-in/360x360/Products/14022025_1739539159621_1739539171685_8718452878413_596.png",
    "available": true,
    "promoUntil": null
  },
  {
    "id": "38991DSL",
    "title": "NESCAFÉ Dolce Gusto, Koffie Grande , 3 x 16 capsules",
    "category": "Koffie en thee",
    "price": 17.97,
    "promoPrice": 15.27,
    "pricePerUnit": "0.32 pieces",
    "image": "https://www.jumbo.com/dam-images/fit-in/360x360/Products/84452904423529addc64f-1e90-4eb6-a419-6005c6102a54-1751543767882.png",
    "available": true,
    "promoUntil": "di 7 okt"
  },
  {
    "id": "576728DS",
    "title": "Kellogg's smacks ontbijtgranen 330 g",
    "category": "Ontbijt, broodbeleg en bakproducten",
    "price": 3.41,
    "promoPrice": null,
    "pricePerUnit": "10.33 kg",
    "image": "https://www.jumbo.com/dam-images/fit-in/360x360/Products/11082025_1754912035490_1754912041738_5059319023106_1.png",
    "available": true,
    "promoUntil": null
  },
  {
    "id": "356955DS",
    "title": "Quaker Cruesli Chocolade Ontbijtgranen 450 gr",
    "category": "Ontbijt, broodbeleg en bakproducten",
    "price": 3.5,
    "promoPrice": null,
    "pricePerUnit": "7.78 kg",
    "image": "https://www.jumbo.com/dam-images/fit-in/360x360/Products/30052025_1748611966560_1748611972450_8710398517005_1.png",
    "available": true,
    "promoUntil": null
  },
  {
    "id": "79385PAK",
    "title": "Melkunie Vla met Citroensmaak 500ml",
    "category": "Zuivel, eieren, boter",
    "price": 1.39,
    "promoPrice": null,
    "pricePerUnit": "2.78 l",
    "image": "https://www.jumbo.com/dam-images/fit-in/360x360/Products/15092025_1757954050191_1757954055206_8718166031159_1.png",
    "available": true,
    "promoUntil": null
  },
  {
    "id": "548073CUP",
    "title": "Jumbo Chocolade Druppels Puur 125 g",
    "category": "Ontbijt, broodbeleg en bakproducten",
    "price": 2.96,
    "promoPrice": null,
    "pricePerUnit": "23.68 kg",
    "image": "https://www.jumbo.com/dam-images/fit-in/360x360/Products/02042025_1743563291043_1743563298105_548073_CUP_08718452691654_C1N1.png",
    "available": true,
    "promoUntil": null
  },
  {
    "id": "630032TRA",
    "title": "Jumbo Ribkarbonade 2 Stuks",
    "category": "Vlees, vis en vega",
    "price": 2.5,
    "promoPrice": null,
    "pricePerUnit": "8.93 kg",
    "image": "https://www.jumbo.com/dam-images/fit-in/360x360/Products/10062025_1749565988785_1749565995260_8718452865116_1.png",
    "available": true,
    "promoUntil": null
  },
  {
    "id": "583089POT",
    "title": "Jumbo Zoetzuur Blokjes Augurk 330 g",
    "category": "Conserven, soepen, sauzen, oliën",
    "price": 0.99,
    "promoPrice": null,
    "pricePerUnit": "5.21 kg",
    "image": "https://www.jumbo.com/dam-images/fit-in/360x360/Products/14022024_1707873743163_1707873753893_8718452686285_1.png",
    "available": true,
    "promoUntil": null
  },
  {
    "id": "445317STK",
    "title": "Jumbo - Witte Bollen - 12 Stuks",
    "category": "Brood en gebak",
    "price": 2.25,
    "promoPrice": null,
    "pricePerUnit": "0.19 pieces",
    "image": "https://www.jumbo.com/dam-images/fit-in/360x360/Products/23062025_1750689186113_1750689190453_8718452815364_1.png",
    "available": true,
    "promoUntil": null
  },
  {
    "id": "306020BAK",
    "title": "Jumbo Druiven Rood/Blauw Pitloos 500 g",
    "category": "Aardappelen, groente en fruit",
    "price": 2.75,
    "promoPrice": null,
    "pricePerUnit": "5.5 kg",
    "image": "https://www.jumbo.com/dam-images/fit-in/360x360/Products/18092023_1695031433956_1695031441611_8711715881922_1.png",
    "available": true,
    "promoUntil": null
  },
  {
    "id": "18727BLK",
    "title": "Del Monte Fruitcocktail op Lichte Siroop 420 g",
    "category": "Conserven, soepen, sauzen, oliën",
    "price": 2.79,
    "promoPrice": null,
    "pricePerUnit": "11.16 kg",
    "image": "https://www.jumbo.com/dam-images/fit-in/360x360/Products/12122024_1734014420719_1734014428836_24000024675_1.png",
    "available": true,
    "promoUntil": null
  },
  {
    "id": "541183BLK",
    "title": "Douwe Egberts Ice Mocha Latte Break 250 ml ",
    "category": "Zuivel, eieren, boter",
    "price": 1.39,
    "promoPrice": 1.0,
    "pricePerUnit": "4.0 l",
    "image": "https://www.jumbo.com/dam-images/fit-in/360x360/Products/02042025_1743554014030_1743554020336_8711000675267_1.png",
    "available": true,
    "promoUntil": "di 30 sep"
  },
  {
    "id": "817201KRT",
    "title": "Jupiler - Belgisch Pils - Krat - 24 x 250ML",
    "category": "Bier en wijn",
    "price": 19.99,
    "promoPrice": null,
    "pricePerUnit": "3.33 l",
    "image": "https://www.jumbo.com/dam-images/fit-in/360x360/Products/18092023_1695049119974_1695049128227_5410228226048_1.png",
    "available": true,
    "promoUntil": null
  },
  {
    "id": "515018BAK",
    "title": "Jumbo Kip Dijfilet Shoarma 300 g",
    "category": "Vlees, vis en vega",
    "price": 4.29,
    "promoPrice": null,
    "pricePerUnit": "14.3 kg",
    "image": "https://www.jumbo.com/dam-images/fit-in/360x360/Products/15102024_1729002788207_1729002798326_8718452746736_1.png",
    "available": true,
    "promoUntil": null
  },
  {
    "id": "441214DS",
    "title": "Lipton Zwarte Thee lemon",
    "category": "Koffie en thee",
    "price": 2.99,
    "promoPrice": null,
    "pricePerUnit": "0.15 pieces",
    "image": "https://www.jumbo.com/dam-images/fit-in/360x360/Products/11072025_1752198130548_1752198135940_441214_DS_05063270109601_C1N1.png",
    "available": true,
    "promoUntil": null
  },
  {
    "id": "195835POT",
    "title": "Servero Appelmoes 100% Appel Original",
    "category": "Conserven, soepen, sauzen, oliën",
    "price": 1.89,
    "promoPrice": null,
    "pricePerUnit": "5.4 kg",
    "image": "https://www.jumbo.com/dam-images/fit-in/360x360/Products/06092025_1757121876794_1757121888063_195835_POT_00000087343250_C1N1.png",
    "available": true,
    "promoUntil": null
  },
  {
    "id": "673146FLS",
    "title": "Jumbo Dressing Tuinkruiden 450ML",
    "category": "Conserven, soepen, sauzen, oliën",
    "price": 1.85,
    "promoPrice": null,
    "pricePerUnit": "4.11 l",
    "image": "https://www.jumbo.com/dam-images/fit-in/360x360/Products/17042025_1744878791087_1744878796312_8718452895540_1.png",
    "available": true,
    "promoUntil": null
  },
  {
    "id": "680581ZK",
    "title": "Melkunie Breaker Specials Cheesecake Raspberry Yoghurt 200 g",
    "category": "Zuivel, eieren, boter",
    "price": 1.69,
    "promoPrice": null,
    "pricePerUnit": "8.45 kg",
    "image": "https://www.jumbo.com/dam-images/fit-in/360x360/Products/05082025_1754379193874_1754379199580_8718166008489_1.png",
    "available": true,
    "promoUntil": null
  },
  {
    "id": "485493FLS",
    "title": "Calvé Dressing Hamburger Saus 430 ml",
    "category": "Conserven, soepen, sauzen, oliën",
    "price": 3.59,
    "promoPrice": null,
    "pricePerUnit": "8.35 l",
    "image": "https://www.jumbo.com/dam-images/fit-in/360x360/Products/12082025_1754987602080_1754987608090_8720182255556_1.png",
    "available": true,
    "promoUntil": null
  },
  {
    "id": "180610DS",
    "title": "Dr. Oetker Kloppudding Karamel 74 g",
    "category": "Ontbijt, broodbeleg en bakproducten",
    "price": 1.14,
    "promoPrice": null,
    "pricePerUnit": "15.41 kg",
    "image": "https://www.jumbo.com/dam-images/fit-in/360x360/Products/17042025_1744861739405_1744861746167_180610_DS_08710466277022_C1N1_s01.png",
    "available": true,
    "promoUntil": null
  },
  {
    "id": "388041BLK",
    "title": "Bonduelle Crispy Maïs 150 g",
    "category": "Conserven, soepen, sauzen, oliën",
    "price": 1.49,
    "promoPrice": null,
    "pricePerUnit": "10.64 kg",
    "image": "https://www.jumbo.com/dam-images/fit-in/360x360/Products/21112024_1732158503248_1732158513770_388041_BLK_03083680597210_H1N1.png",
    "available": true,
    "promoUntil": null
  },
  {
    "id": "283182FLS",
    "title": "Carapelli Oro verde extra vierge olijfolie ",
    "category": "Conserven, soepen, sauzen, oliën",
    "price": 8.44,
    "promoPrice": null,
    "pricePerUnit": "16.88 l",
    "image": "https://www.jumbo.com/dam-images/fit-in/360x360/Products/22092025_1758540896226_1758540904569_8002470029880_596.png",
    "available": true,
    "promoUntil": null
  },
  {
    "id": "677596ZK",
    "title": "Jumbo Romige Champignonsoep 570ML",
    "category": "Conserven, soepen, sauzen, oliën",
    "price": 2.19,
    "promoPrice": null,
    "pricePerUnit": "3.84 l",
    "image": "https://www.jumbo.com/dam-images/fit-in/360x360/Products/25042025_1745584348328_1745584366341_8718452883646_596.png",
    "available": true,
    "promoUntil": null
  },
  {
    "id": "461853STK",
    "title": "Jumbo Lekker Vrij van Gluten Ongesneden Ontbijtkoek 300 g",
    "category": "Ontbijt, broodbeleg en bakproducten",
    "price": 2.79,
    "promoPrice": null,
    "pricePerUnit": "9.3 kg",
    "image": "https://www.jumbo.com/dam-images/fit-in/360x360/Products/09082023_1691589070227_1691589086726_8718452592807_1.png",
    "available": true,
    "promoUntil": null
  },
  {
    "id": "681270TRA",
    "title": "Jumbo Plantaardig Burgers 2 Stuks",
    "category": "Vlees, vis en vega",
    "price": 1.49,
    "promoPrice": null,
    "pricePerUnit": "7.45 kg",
    "image": "https://www.jumbo.com/dam-images/fit-in/360x360/Products/06032025_1741249973284_1741249983017_8718452705498_1.png",
    "available": true,
    "promoUntil": null
  },
  {
    "id": "432402CUP",
    "title": "Jumbo Kokos Plantaardige Variatie op Yoghurt Vanillesmaak 400g",
    "category": "Zuivel, eieren, boter",
    "price": 1.99,
    "promoPrice": null,
    "pricePerUnit": "4.98 kg",
    "image": "https://www.jumbo.com/dam-images/fit-in/360x360/Products/07032025_1741354387686_1741354402652_8718452878437_596.png",
    "available": true,
    "promoUntil": null
  },
  {
    "id": "645660CUP",
    "title": "Unox Good Potatoes Broccoli en Kaas 50 g",
    "category": "Conserven, soepen, sauzen, oliën",
    "price": 2.29,
    "promoPrice": null,
    "pricePerUnit": "45.8 kg",
    "image": "https://www.jumbo.com/dam-images/fit-in/360x360/Products/29042025_1745896397973_1745896455697_645660_CUP_08720182816405_H1N1.png",
    "available": true,
    "promoUntil": null
  },
  {
    "id": "216637STK",
    "title": "Calvé Pindakaas Creamy 350 g",
    "category": "Ontbijt, broodbeleg en bakproducten",
    "price": 6.13,
    "promoPrice": null,
    "pricePerUnit": "17.51 kg",
    "image": "https://www.jumbo.com/dam-images/fit-in/360x360/Products/11092025_1757556552651_1757556590444_216637_STK_08711200430970_C1N1.png",
    "available": true,
    "promoUntil": null
  },
  {
    "id": "683341BAK",
    "title": "Jumbo Mosselen Super 2KG",
    "category": "Vlees, vis en vega",
    "price": 8.99,
    "promoPrice": null,
    "pricePerUnit": "4.5 kg",
    "image": "https://www.jumbo.com/dam-images/fit-in/360x360/Products/22072025_1753169647832_1753169652833_8718452529872_1.png",
    "available": true,
    "promoUntil": null
  },
  {
    "id": "625093DS",
    "title": "Quaker Cruesli Zero Sugar Added Chocolade 400 g",
    "category": "Ontbijt, broodbeleg en bakproducten",
    "price": 3.95,
    "promoPrice": null,
    "pricePerUnit": "9.88 kg",
    "image": "https://www.jumbo.com/dam-images/fit-in/360x360/Products/30052025_1748615586773_1748615594147_8710398529633_1.png",
    "available": true,
    "promoUntil": null
  },
  {
    "id": "665790DS",
    "title": "Nesquik Ontbijtgranen 450 g",
    "category": "Ontbijt, broodbeleg en bakproducten",
    "price": 4.99,
    "promoPrice": null,
    "pricePerUnit": "11.09 kg",
    "image": "https://www.jumbo.com/dam-images/fit-in/360x360/Products/06012025_1736174007548_1736174014445_5900020016201_1.png",
    "available": true,
    "promoUntil": null
  },
  {
    "id": "73416POT",
    "title": "Nutella Hazelnootpasta met Cacao 6 x 15 g",
    "category": "Ontbijt, broodbeleg en bakproducten",
    "price": 2.81,
    "promoPrice": null,
    "pricePerUnit": "31.22 kg",
    "image": "https://www.jumbo.com/dam-images/fit-in/360x360/Products/14022024_1707873076852_1707873082847_5413548015613_1.png",
    "available": true,
    "promoUntil": null
  },
  {
    "id": "461922KGR",
    "title": "Jumbo Speklap a la Minute Gemarineerd ca. 350 g",
    "category": "Vlees, vis en vega",
    "price": 5.47,
    "promoPrice": null,
    "pricePerUnit": "15.63 kg",
    "image": "https://www.jumbo.com/dam-images/fit-in/360x360/Products/13112024_1731497559778_1731497577694_2369051000000_1.png",
    "available": true,
    "promoUntil": null
  },
  {
    "id": "645805DS",
    "title": "Nescafé Vanilla Cookie Dough Latte Special Edition 7 stuks",
    "category": "Koffie en thee",
    "price": 3.59,
    "promoPrice": null,
    "pricePerUnit": "26.2 kg",
    "image": "https://www.jumbo.com/dam-images/fit-in/360x360/Products/03092024_1725326641526_1725326656929_645805_DS_08445291292147_C1N1_s01.png",
    "available": true,
    "promoUntil": null
  },
  {
    "id": "218727STK",
    "title": "Jumbo Magere Kwark met Yoghurt Blauwe Bes 0% Vet 500 g",
    "category": "Zuivel, eieren, boter",
    "price": 1.99,
    "promoPrice": null,
    "pricePerUnit": "3.98 kg",
    "image": "https://www.jumbo.com/dam-images/fit-in/360x360/Products/14022024_1707873559162_1707873569434_8718452605224_596.png",
    "available": true,
    "promoUntil": null
  },
  {
    "id": "690005ZK",
    "title": "Jumbo's Pastasaus Groente Bolognese 250 g",
    "category": "Conserven, soepen, sauzen, oliën",
    "price": 2.69,
    "promoPrice": null,
    "pricePerUnit": "10.76 kg",
    "image": "https://www.jumbo.com/dam-images/fit-in/360x360/Products/03062025_1748968348536_1748968354332_8718452897254_1.png",
    "available": true,
    "promoUntil": null
  },
  {
    "id": "629413CUP",
    "title": "Maggi Magic Asia Saucy Noodles Teriyaki 75 g ",
    "category": "Conserven, soepen, sauzen, oliën",
    "price": 2.09,
    "promoPrice": null,
    "pricePerUnit": "27.87 kg",
    "image": "https://www.jumbo.com/dam-images/fit-in/360x360/Products/24092025_1758676240073_1758676285129_629413_CUP_07613037683660_C1N1_s01.png",
    "available": true,
    "promoUntil": null
  },
  {
    "id": "180611DS",
    "title": "Dr. Oetker Kloppudding Chocolade 80 g",
    "category": "Ontbijt, broodbeleg en bakproducten",
    "price": 1.15,
    "promoPrice": null,
    "pricePerUnit": "14.38 kg",
    "image": "https://www.jumbo.com/dam-images/fit-in/360x360/Products/17042025_1744861724820_1744861733220_180611_DS_08710466277121_C1N1_s01.png",
    "available": true,
    "promoUntil": null
  },
  {
    "id": "547216DS",
    "title": "Dr. Oetker Kwarktaart Mangosmaak Bakmix 440 g",
    "category": "Ontbijt, broodbeleg en bakproducten",
    "price": 3.95,
    "promoPrice": null,
    "pricePerUnit": "8.98 kg",
    "image": "https://www.jumbo.com/dam-images/fit-in/360x360/Products/18042025_1744938830443_1744938838409_547216_DS_08710466319128_C1N1_s03.png",
    "available": true,
    "promoUntil": null
  },
  {
    "id": "635972KGR",
    "title": "Jumbo Kip Zigeuner Schnitzel 2 Stuks",
    "category": "Vlees, vis en vega",
    "price": 7.02,
    "promoPrice": null,
    "pricePerUnit": "17.99 kg",
    "image": "https://www.jumbo.com/dam-images/fit-in/360x360/Products/05112024_1730820973782_1730820988776_2369197000000_1.png",
    "available": true,
    "promoUntil": null
  },
  {
    "id": "302241PAK",
    "title": "Jumbo Paprika Mix 3 Stuks",
    "category": "Aardappelen, groente en fruit",
    "price": 1.85,
    "promoPrice": null,
    "pricePerUnit": "0.62 pieces",
    "image": "https://www.jumbo.com/dam-images/fit-in/360x360/Products/15082024_1723739658515_1723739661711_8718452459698_1.png",
    "available": true,
    "promoUntil": null
  },
  {
    "id": "153453DS",
    "title": "Knorr Bouillon Blokjes Rundvlees 15 tabletten",
    "category": "Conserven, soepen, sauzen, oliën",
    "price": 1.79,
    "promoPrice": null,
    "pricePerUnit": "11.93 kg",
    "image": "https://www.jumbo.com/dam-images/fit-in/360x360/Products/29072025_1753755546135_1753755585723_153453_DS_08720182861375_H1N1.png",
    "available": true,
    "promoUntil": null
  },
  {
    "id": "624747ZK",
    "title": "Fairtrade Original Intense Roast Bonen 500g",
    "category": "Koffie en thee",
    "price": 10.59,
    "promoPrice": null,
    "pricePerUnit": "21.18 kg",
    "image": "https://www.jumbo.com/dam-images/fit-in/360x360/Products/13082024_1723517896712_1723517900229_624747_ZK_08711741360118_C1N1.png",
    "available": true,
    "promoUntil": null
  },
  {
    "id": "476693KGR",
    "title": "Jumbo Slagersgehakt Gemengd ca. 300 g",
    "category": "Vlees, vis en vega",
    "price": 4.14,
    "promoPrice": null,
    "pricePerUnit": "13.79 kg",
    "image": "https://www.jumbo.com/dam-images/fit-in/360x360/Products/18102024_1729236845314_1729236852245_2353162000000_1.png",
    "available": true,
    "promoUntil": null
  },
  {
    "id": "656909KRT",
    "title": "Amstel Pilsener Bier Fles 24 x 300ml Krat",
    "category": "Bier en wijn",
    "price": 17.99,
    "promoPrice": null,
    "pricePerUnit": "2.5 l",
    "image": "https://www.jumbo.com/dam-images/fit-in/360x360/Products/07012025_1736267694895_1736267699574_8712000014605_1.png",
    "available": true,
    "promoUntil": null
  },
  {
    "id": "526637PAK",
    "title": "Bessola Krentjebrij 1 kg",
    "category": "Zuivel, eieren, boter",
    "price": 1.69,
    "promoPrice": null,
    "pricePerUnit": "1.69 l",
    "image": "https://www.jumbo.com/dam-images/fit-in/360x360/Products/25032024_1711381575553_1711381597944_8714719008500_1.png",
    "available": true,
    "promoUntil": null
  },
  {
    "id": "517754POT",
    "title": "Hak Bonen Bruine 210g",
    "category": "Conserven, soepen, sauzen, oliën",
    "price": 1.79,
    "promoPrice": null,
    "pricePerUnit": "13.26 kg",
    "image": "https://www.jumbo.com/dam-images/fit-in/360x360/Products/21062025_1750470748281_1750470756043_517754_POT_08720600612725_A1N1.png",
    "available": true,
    "promoUntil": null
  },
  {
    "id": "688837TRA",
    "title": "Jumbo Filetlap a la Minute Varken 5 Stuks",
    "category": "Vlees, vis en vega",
    "price": 4.5,
    "promoPrice": null,
    "pricePerUnit": "12.0 kg",
    "image": "https://www.jumbo.com/dam-images/fit-in/360x360/Products/23062025_1750681987558_1750681995885_8718452915958_1.png",
    "available": true,
    "promoUntil": null
  },
  {
    "id": "601465CUP",
    "title": "Ísey Skyr Air Raspberry - Lemon 125 g",
    "category": "Zuivel, eieren, boter",
    "price": 1.69,
    "promoPrice": null,
    "pricePerUnit": "13.52 kg",
    "image": "https://www.jumbo.com/dam-images/fit-in/360x360/Products/08082024_1723102458162_1723102461950_5690847002364_1.png",
    "available": true,
    "promoUntil": null
  },
  {
    "id": "711030KGR",
    "title": "Jumbo Biologische Kip Dijfilet ca. 235 g",
    "category": "Vlees, vis en vega",
    "price": 5.59,
    "promoPrice": null,
    "pricePerUnit": "23.8 kg",
    "image": "https://www.jumbo.com/dam-images/fit-in/360x360/Products/13122024_1734089574375_1734089581098_2369019000000_1.png",
    "available": true,
    "promoUntil": null
  },
  {
    "id": "486056ZK",
    "title": "Jumbo Biologisch Tarwebloem 1kg",
    "category": "Ontbijt, broodbeleg en bakproducten",
    "price": 1.28,
    "promoPrice": null,
    "pricePerUnit": "1.28 kg",
    "image": "https://www.jumbo.com/dam-images/fit-in/360x360/Products/10082023_1691675104239_1691675160390_8718452550227_1.png",
    "available": true,
    "promoUntil": null
  },
  {
    "id": "600919DS",
    "title": "Jumbo Biologisch Sinaasappel Gember Thee 20 Stuks 30 g",
    "category": "Koffie en thee",
    "price": 1.79,
    "promoPrice": null,
    "pricePerUnit": "0.09 pieces",
    "image": "https://www.jumbo.com/dam-images/fit-in/360x360/Products/25032024_1711381755294_1711381765898_8718452775002_1.png",
    "available": true,
    "promoUntil": null
  },
  {
    "id": "599003BLK",
    "title": "Fairtrade Original Ananas schijfjes 565 g",
    "category": "Conserven, soepen, sauzen, oliën",
    "price": 2.96,
    "promoPrice": null,
    "pricePerUnit": "5.24 kg",
    "image": "https://www.jumbo.com/dam-images/fit-in/360x360/Products/20092025_1758335306875_1758335311603_599003_BLK_08711741355954_C1N1.png",
    "available": true,
    "promoUntil": null
  },
  {
    "id": "590898CUP",
    "title": "Unox Good Pasta Pesto Kaas 68 g",
    "category": "Conserven, soepen, sauzen, oliën",
    "price": 2.19,
    "promoPrice": null,
    "pricePerUnit": "32.21 kg",
    "image": "https://www.jumbo.com/dam-images/fit-in/360x360/Products/29032025_1743219337153_1743219351897_590898_CUP_08720182706249_C1N1.png",
    "available": true,
    "promoUntil": null
  },
  {
    "id": "551508ZK",
    "title": "Jumbo Extra Zacht & Sterk Toiletpapier 4-Laags Voordeelverpakking 16 Rollen",
    "category": "Huishouden en dieren",
    "price": 6.75,
    "promoPrice": null,
    "pricePerUnit": "0.42 pieces",
    "image": "https://www.jumbo.com/dam-images/fit-in/360x360/Products/09082023_1691595580774_1691595589865_8718452717286_1.png",
    "available": true,
    "promoUntil": null
  },
  {
    "id": "300146STK",
    "title": "Jumbo - Fijn Volkoren",
    "category": "Brood en gebak",
    "price": 1.66,
    "promoPrice": null,
    "pricePerUnit": "2.08 kg",
    "image": "https://www.jumbo.com/dam-images/fit-in/360x360/Products/22042024_1713800058379_1713800063242_8718452670505_1.png",
    "available": true,
    "promoUntil": null
  },
  {
    "id": "707838POT",
    "title": "Jumbo 100% Dadel Stroop 330 g",
    "category": "Ontbijt, broodbeleg en bakproducten",
    "price": 2.79,
    "promoPrice": null,
    "pricePerUnit": "8.45 kg",
    "image": "https://www.jumbo.com/dam-images/fit-in/360x360/Products/04092025_1756951017540_1756951030166_707838_POT_08718452896448_C1N1.png",
    "available": true,
    "promoUntil": null
  },
  {
    "id": "659562ZK",
    "title": "Unox Good Noodles Groente 5 x 70 g",
    "category": "Conserven, soepen, sauzen, oliën",
    "price": 5.29,
    "promoPrice": null,
    "pricePerUnit": "15.11 kg",
    "image": "https://www.jumbo.com/dam-images/fit-in/360x360/Products/13012025_1736757187142_1736757194526_8720182984487_1.png",
    "available": true,
    "promoUntil": null
  },
  {
    "id": "699255POT",
    "title": "Lindahls Protein Kvarg Framboossmaak 450 g ",
    "category": "Zuivel, eieren, boter",
    "price": 2.79,
    "promoPrice": null,
    "pricePerUnit": "6.2 kg",
    "image": "https://www.jumbo.com/dam-images/fit-in/360x360/Products/16072025_1752680048507_1752680051751_3023290094976_1.png",
    "available": true,
    "promoUntil": null
  },
  {
    "id": "446496BAK",
    "title": "Jumbo Gehaktballetjes 8 Stuks",
    "category": "Vlees, vis en vega",
    "price": 3.29,
    "promoPrice": null,
    "pricePerUnit": "10.28 kg",
    "image": "https://www.jumbo.com/dam-images/fit-in/360x360/Products/05112024_1730820973860_1730820993542_8718452577279_1.png",
    "available": true,
    "promoUntil": null
  },
  {
    "id": "158569DS",
    "title": "Zonnatura Pinda Crunch Repen",
    "category": "Koek, snoep, chocolade en chips",
    "price": 1.87,
    "promoPrice": null,
    "pricePerUnit": "13.85 kg",
    "image": "https://www.jumbo.com/dam-images/fit-in/360x360/Products/21052025_1747812847717_1747812853856_8711812407643_1.png",
    "available": true,
    "promoUntil": null
  },
  {
    "id": "688548ZK",
    "title": "Jumbo's Bolognese al Ragù Pastasaus 250 g",
    "category": "Conserven, soepen, sauzen, oliën",
    "price": 2.99,
    "promoPrice": null,
    "pricePerUnit": "11.96 kg",
    "image": "https://www.jumbo.com/dam-images/fit-in/360x360/Products/03062025_1748946834400_1748946841531_8718452897247_1.png",
    "available": true,
    "promoUntil": null
  },
  {
    "id": "637288DS",
    "title": "Jumbo's Latte Macchiato Koffiecups 2 x 8 Combicups ",
    "category": "Koffie en thee",
    "price": 4.99,
    "promoPrice": null,
    "pricePerUnit": "0.31 pieces",
    "image": "https://www.jumbo.com/dam-images/fit-in/360x360/Products/23102024_1729683245898_1729683263476_8718452840021_1.png",
    "available": true,
    "promoUntil": null
  },
  {
    "id": "306021BAK",
    "title": "Jumbo Aardbeien Hollands 400 g",
    "category": "Aardappelen, groente en fruit",
    "price": 3.99,
    "promoPrice": null,
    "pricePerUnit": "9.98 kg",
    "image": "https://www.jumbo.com/dam-images/fit-in/360x360/Products/26032025_1743006790731_1743006800099_8718452456963_1.png",
    "available": true,
    "promoUntil": null
  },
  {
    "id": "579770BLK",
    "title": "John West Sardines in Olie 2-pack 2x120g",
    "category": "Conserven, soepen, sauzen, oliën",
    "price": 3.85,
    "promoPrice": null,
    "pricePerUnit": "16.04 kg",
    "image": "https://www.jumbo.com/dam-images/fit-in/360x360/Products/20122023_1703055039730_1703055048417_579770_BLK_05000171061249_C1N1.png",
    "available": true,
    "promoUntil": null
  },
  {
    "id": "142399DS",
    "title": "Zonnatura Biologische Teff 300 g",
    "category": "Ontbijt, broodbeleg en bakproducten",
    "price": 3.75,
    "promoPrice": null,
    "pricePerUnit": "12.5 kg",
    "image": "https://www.jumbo.com/dam-images/fit-in/360x360/Products/21052025_1747812847622_1747812853058_8711812408015_1.png",
    "available": true,
    "promoUntil": null
  },
  {
    "id": "391120ZK",
    "title": "Hak Edamame Bonen 150 g",
    "category": "Conserven, soepen, sauzen, oliën",
    "price": 2.29,
    "promoPrice": null,
    "pricePerUnit": "15.27 kg",
    "image": "https://www.jumbo.com/dam-images/fit-in/360x360/Products/21062025_1750471590291_1750471617537_391120_ZK_08720600620331_H1N1.png",
    "available": true,
    "promoUntil": null
  },
  {
    "id": "514881DS",
    "title": "Quaker Cruesli Zero Sugar Added Aardbei & Perzik 400 gr",
    "category": "Ontbijt, broodbeleg en bakproducten",
    "price": 3.95,
    "promoPrice": null,
    "pricePerUnit": "9.88 kg",
    "image": "https://www.jumbo.com/dam-images/fit-in/360x360/Products/29052025_1748522087209_1748522094259_8710398525789_1.png",
    "available": true,
    "promoUntil": null
  },
  {
    "id": "705094PAK",
    "title": "Theunisse Kokosbrood Zero 240 g",
    "category": "Ontbijt, broodbeleg en bakproducten",
    "price": 2.34,
    "promoPrice": null,
    "pricePerUnit": "9.75 kg",
    "image": "https://www.jumbo.com/dam-images/fit-in/360x360/Products/16062025_1750072859994_1750072863769_705094_PAK_08710754202866_A1N1_R.png",
    "available": true,
    "promoUntil": null
  },
  {
    "id": "557685ZK",
    "title": "Jordans The Original Crunchy Absolute Nuts Granola 450 g",
    "category": "Ontbijt, broodbeleg en bakproducten",
    "price": 3.46,
    "promoPrice": null,
    "pricePerUnit": "7.69 kg",
    "image": "https://www.jumbo.com/dam-images/fit-in/360x360/Products/23052025_1747967185749_1747967189903_557685_ZK_05010477363374_A1N1.png",
    "available": true,
    "promoUntil": null
  },
  {
    "id": "84271POT",
    "title": "Hak Rode Bieten met Ui Bio 355 g",
    "category": "Conserven, soepen, sauzen, oliën",
    "price": 2.49,
    "promoPrice": null,
    "pricePerUnit": "7.01 kg",
    "image": "https://www.jumbo.com/dam-images/fit-in/360x360/Products/11032025_1741659971417_1741659979636_84271_POT_08720600609114_H1N1.png",
    "available": true,
    "promoUntil": null
  },
  {
    "id": "18629FLS",
    "title": "Jumbo Koffieroom 185 ml",
    "category": "Zuivel, eieren, boter",
    "price": 1.19,
    "promoPrice": null,
    "pricePerUnit": "6.43 l",
    "image": "https://www.jumbo.com/dam-images/fit-in/360x360/Products/13032024_1710301346534_1710301348760_18629_FLS_08718452137275_C1N1.png",
    "available": true,
    "promoUntil": null
  },
  {
    "id": "650010FLS",
    "title": "Oliehoorn Hamburgersaus Kruidig & Fris 270 ml",
    "category": "Conserven, soepen, sauzen, oliën",
    "price": 2.59,
    "promoPrice": null,
    "pricePerUnit": "9.59 l",
    "image": "https://www.jumbo.com/dam-images/fit-in/360x360/Products/30082025_1756516646549_1756516652230_650010_FLS_08713277133907_C1N1.png",
    "available": true,
    "promoUntil": null
  },
  {
    "id": "433887FLS",
    "title": "HiPRO Protein Drink Vanille Cookies 300 ml",
    "category": "Zuivel, eieren, boter",
    "price": 2.39,
    "promoPrice": 1.79,
    "pricePerUnit": "5.97 l",
    "image": "https://www.jumbo.com/dam-images/fit-in/360x360/Products/09092025_1757414071139_1757414074966_8713788123404_1.png",
    "available": true,
    "promoUntil": "di 7 okt"
  },
  {
    "id": "557689ZK",
    "title": "Jordans The Original Crunchy Fruit & Nut Granola Maxi Pack 750 g",
    "category": "Ontbijt, broodbeleg en bakproducten",
    "price": 4.36,
    "promoPrice": null,
    "pricePerUnit": "5.81 kg",
    "image": "https://www.jumbo.com/dam-images/fit-in/360x360/Products/16042025_1744817609526_1744817618690_5010477363473_1.png",
    "available": true,
    "promoUntil": null
  },
  {
    "id": "626364ZK",
    "title": "Nescafé Gold Navulverpakking 150 g",
    "category": "Koffie en thee",
    "price": 6.99,
    "promoPrice": null,
    "pricePerUnit": "46.6 kg",
    "image": "https://www.jumbo.com/dam-images/fit-in/360x360/Products/23092025_1758589383167_1758589388959_626364_ZK_08445290674128_C1N1_s01.png",
    "available": true,
    "promoUntil": null
  },
  {
    "id": "653714STK",
    "title": "Jumbo Gerookte Kipfilet 135g",
    "category": "Vleeswaren, kaas en tapas",
    "price": 2.99,
    "promoPrice": null,
    "pricePerUnit": "22.15 kg",
    "image": "https://www.jumbo.com/dam-images/fit-in/360x360/Products/13112024_1731515619327_1731515626739_8718452875443_1.png",
    "available": true,
    "promoUntil": null
  },
  {
    "id": "153269BAK",
    "title": "Jumbo Biologisch Mager Rundergehakt 250 g",
    "category": "Vlees, vis en vega",
    "price": 5.29,
    "promoPrice": null,
    "pricePerUnit": "21.16 kg",
    "image": "https://www.jumbo.com/dam-images/fit-in/360x360/Products/23102024_1729690507201_1729690516811_8718452601684_1.png",
    "available": true,
    "promoUntil": null
  },
  {
    "id": "447898PAK",
    "title": "Dr. Oetker Kwarktaart Naturel Bakmix 440 g",
    "category": "Ontbijt, broodbeleg en bakproducten",
    "price": 3.95,
    "promoPrice": null,
    "pricePerUnit": "8.98 kg",
    "image": "https://www.jumbo.com/dam-images/fit-in/360x360/Products/17042025_1744863213060_1744863222790_447898_PAK_08710466313621_C1N1_s04.png",
    "available": true,
    "promoUntil": null
  },
  {
    "id": "232885STK",
    "title": "illy Espresso Classico Koffiecups 10 Stuks",
    "category": "Koffie en thee",
    "price": 5.49,
    "promoPrice": null,
    "pricePerUnit": "0.55 pieces",
    "image": "https://www.jumbo.com/dam-images/fit-in/360x360/Products/13052024_1715588626240_1715588643173_232885_STK_08003753158556_H1N1.png",
    "available": true,
    "promoUntil": null
  },
  {
    "id": "206221FLS",
    "title": "Conimex Wokolie Oosterse 500 ml",
    "category": "Conserven, soepen, sauzen, oliën",
    "price": 4.45,
    "promoPrice": null,
    "pricePerUnit": "8.9 l",
    "image": "https://www.jumbo.com/dam-images/fit-in/360x360/Products/26032024_1711425736519_1711425759300_206221_FLS_08711200318698_H1N1.png",
    "available": true,
    "promoUntil": null
  },
  {
    "id": "191665ZK",
    "title": "Jumbo Gedroogde Spliterwten 400 g",
    "category": "Conserven, soepen, sauzen, oliën",
    "price": 1.59,
    "promoPrice": null,
    "pricePerUnit": "3.98 kg",
    "image": "https://www.jumbo.com/dam-images/fit-in/360x360/Products/09082023_1691584439433_1691584450750_8718452252510_1.png",
    "available": true,
    "promoUntil": null
  },
  {
    "id": "560673PAK",
    "title": "Boon Lupine Boon 380 g",
    "category": "Conserven, soepen, sauzen, oliën",
    "price": 1.19,
    "promoPrice": null,
    "pricePerUnit": "5.17 kg",
    "image": "https://www.jumbo.com/dam-images/fit-in/360x360/Products/11062024_1718073833827_1718073838955_560673_PAK_08710646900061_C1N1.png",
    "available": true,
    "promoUntil": null
  },
  {
    "id": "306225DS",
    "title": "Jumbo Spices Winter 20 Stuks",
    "category": "Koffie en thee",
    "price": 0.85,
    "promoPrice": null,
    "pricePerUnit": "0.04 pieces",
    "image": "https://www.jumbo.com/dam-images/fit-in/360x360/Products/09082023_1691586204760_1691586214700_8718452402809_1.png",
    "available": true,
    "promoUntil": null
  },
  {
    "id": "388040PAK",
    "title": "Koopmans Appeltaart 440 g",
    "category": "Ontbijt, broodbeleg en bakproducten",
    "price": 1.46,
    "promoPrice": null,
    "pricePerUnit": "3.32 kg",
    "image": "https://www.jumbo.com/dam-images/fit-in/360x360/Products/17042025_1744856678286_1744856687617_388040_PAK_08710466299321_C1N1_s03.png",
    "available": true,
    "promoUntil": null
  },
  {
    "id": "237672POT",
    "title": "Jumbo Kippenfond 350 ml",
    "category": "Conserven, soepen, sauzen, oliën",
    "price": 2.99,
    "promoPrice": null,
    "pricePerUnit": "8.54 l",
    "image": "https://www.jumbo.com/dam-images/fit-in/360x360/Products/09082023_1691585275897_1691585290488_8718452349920_1.png",
    "available": true,
    "promoUntil": null
  },
  {
    "id": "554728TRA",
    "title": "Jumbo Oude Kaas 48+ Plakken 190 g",
    "category": "Vleeswaren, kaas en tapas",
    "price": 3.89,
    "promoPrice": null,
    "pricePerUnit": "20.47 kg",
    "image": "https://www.jumbo.com/dam-images/fit-in/360x360/Products/24112023_1700836388454_1700836408197_8718452708970_1.png",
    "available": true,
    "promoUntil": null
  },
  {
    "id": "583111CUP",
    "title": "Unox Good Pasta Tomaat Mozzarella 72g",
    "category": "Conserven, soepen, sauzen, oliën",
    "price": 2.19,
    "promoPrice": null,
    "pricePerUnit": "30.42 kg",
    "image": "https://www.jumbo.com/dam-images/fit-in/360x360/Products/15082025_1755227296860_1755227355714_583111_CUP_08720182276612_H1N1.png",
    "available": true,
    "promoUntil": null
  },
  {
    "id": "645662CUP",
    "title": "Unox Good Noodles Cup Pittige Kip 64 g",
    "category": "Conserven, soepen, sauzen, oliën",
    "price": 2.09,
    "promoPrice": null,
    "pricePerUnit": "32.66 kg",
    "image": "https://www.jumbo.com/dam-images/fit-in/360x360/Products/03042025_1743650719367_1743650778317_645662_CUP_08720182864635_H1N1.png",
    "available": true,
    "promoUntil": null
  },
  {
    "id": "380600TRL",
    "title": "Jumbo Amandeldrink Naturel 8 x 1 L",
    "category": "Zuivel, eieren, boter",
    "price": 11.92,
    "promoPrice": null,
    "pricePerUnit": "1.49 l",
    "image": "https://www.jumbo.com/dam-images/fit-in/360x360/Products/380600TRL-1692283078429.png",
    "available": true,
    "promoUntil": null
  },
  {
    "id": "82002FLS",
    "title": "Mad Sauce Amerikaanse Fritessaus  500ml",
    "category": "Conserven, soepen, sauzen, oliën",
    "price": 2.39,
    "promoPrice": null,
    "pricePerUnit": "4.78 l",
    "image": "https://www.jumbo.com/dam-images/fit-in/360x360/Products/09082023_1691588146508_1691588151158_8718309480172_1.png",
    "available": true,
    "promoUntil": null
  },
  {
    "id": "429779STK",
    "title": "Toblerone Cheesecakes Toetje 2 x 85 g",
    "category": "Zuivel, eieren, boter",
    "price": 3.99,
    "promoPrice": null,
    "pricePerUnit": "23.47 kg",
    "image": "https://www.jumbo.com/dam-images/fit-in/360x360/Products/22022025_1740190749632_1740190754292_429779_STK_05412949097310_C1N1.png",
    "available": true,
    "promoUntil": null
  },
  {
    "id": "624606KGR",
    "title": "Lezziz Kipdijfilet Halal 3 Stuks",
    "category": "Vlees, vis en vega",
    "price": 4.55,
    "promoPrice": null,
    "pricePerUnit": "12.99 kg",
    "image": "https://www.jumbo.com/dam-images/fit-in/360x360/Products/11112024_1731342777372_1731342784193_2330680000000_1.png",
    "available": true,
    "promoUntil": null
  },
  {
    "id": "640432PAK",
    "title": "Alpro Barista Vanille Smaak 750ml",
    "category": "Zuivel, eieren, boter",
    "price": 2.59,
    "promoPrice": null,
    "pricePerUnit": "3.45 l",
    "image": "https://www.jumbo.com/dam-images/fit-in/360x360/Products/11092024_1726047255542_1726047259841_5411188140887_1.png",
    "available": true,
    "promoUntil": null
  },
  {
    "id": "155557BAK",
    "title": "Zespri Green Kiwifruit 1 kg",
    "category": "Aardappelen, groente en fruit",
    "price": 4.99,
    "promoPrice": null,
    "pricePerUnit": "4.99 kg",
    "image": "https://www.jumbo.com/dam-images/fit-in/360x360/Products/155557BAK9f5b27d16-15e5-4c77-87e7-cb9adf28c5f1-1712751907178.png",
    "available": true,
    "promoUntil": null
  },
  {
    "id": "394581DS",
    "title": "Unox Cup-a-Soup Chinese Kip 3 x 175ml",
    "category": "Conserven, soepen, sauzen, oliën",
    "price": 1.89,
    "promoPrice": null,
    "pricePerUnit": "52.5 kg",
    "image": "https://www.jumbo.com/dam-images/fit-in/360x360/Products/01022024_1706762426290_1706762463709_394581_DS_08711327460195_H1N1.png",
    "available": true,
    "promoUntil": null
  },
  {
    "id": "670948KGR",
    "title": "Jumbo Wiener Schnitzel 3 Stuks",
    "category": "Vlees, vis en vega",
    "price": 4.59,
    "promoPrice": null,
    "pricePerUnit": "11.5 kg",
    "image": "https://www.jumbo.com/dam-images/fit-in/360x360/Products/14022025_1739539723699_1739539737243_2369245000000_1.png",
    "available": true,
    "promoUntil": null
  },
  {
    "id": "425219FLS",
    "title": "Remia Fritessaus Halfvol 500 ml",
    "category": "Conserven, soepen, sauzen, oliën",
    "price": 2.19,
    "promoPrice": null,
    "pricePerUnit": "4.38 l",
    "image": "https://www.jumbo.com/dam-images/fit-in/360x360/Products/20012025_1737339061425_1737339065555_425219_FLS_08710448636915_C1N1.png",
    "available": true,
    "promoUntil": null
  },
  {
    "id": "24724POT",
    "title": "KleinsteSoepFabriek Runderbouillon Biologisch 400 ml",
    "category": "Conserven, soepen, sauzen, oliën",
    "price": 4.99,
    "promoPrice": null,
    "pricePerUnit": "12.48 l",
    "image": "https://www.jumbo.com/dam-images/fit-in/360x360/Products/13072024_1720834903549_1720834912128_24724_POT_08718226971111_H1N1.png",
    "available": true,
    "promoUntil": null
  },
  {
    "id": "586397ROL",
    "title": "Tante Fanny Vers Flammkuchendeeg XL Family 350 g",
    "category": "Ontbijt, broodbeleg en bakproducten",
    "price": 2.99,
    "promoPrice": null,
    "pricePerUnit": "8.54 kg",
    "image": "https://www.jumbo.com/dam-images/fit-in/360x360/Products/14022024_1707873499799_1707873504701_9120003418297_1.png",
    "available": true,
    "promoUntil": null
  },
  {
    "id": "709275KGR",
    "title": "Jumbo Kogelbiefstuk 2 Stuks ca. 270 g",
    "category": "Vlees, vis en vega",
    "price": 9.85,
    "promoPrice": null,
    "pricePerUnit": "36.5 kg",
    "image": "https://www.jumbo.com/dam-images/fit-in/360x360/Products/24092025_1758717260425_1758717266715_2322589000000_1.png",
    "available": true,
    "promoUntil": null
  },
  {
    "id": "179773DS",
    "title": "Jumbo Ham-Kaas Saus 29,9 g",
    "category": "Conserven, soepen, sauzen, oliën",
    "price": 0.5,
    "promoPrice": null,
    "pricePerUnit": "16.67 kg",
    "image": "https://www.jumbo.com/dam-images/fit-in/360x360/Products/26042024_1714145594301_1714145619068_8718452183258_596.png",
    "available": true,
    "promoUntil": null
  },
  {
    "id": "582970STK",
    "title": "Jumbo Goudse Kaas 48+ Stuk Jong Voordeelverpakking 1 kg",
    "category": "Vleeswaren, kaas en tapas",
    "price": 7.29,
    "promoPrice": null,
    "pricePerUnit": "7.29 kg",
    "image": "https://www.jumbo.com/dam-images/fit-in/360x360/Products/14112023_1699975988318_1699976004027_8718452695133_1.png",
    "available": true,
    "promoUntil": null
  },
  {
    "id": "586830POT",
    "title": "XXL Nutrition Whey Delicious Chocolate Flavor 450 g",
    "category": "Ontbijt, broodbeleg en bakproducten",
    "price": 18.69,
    "promoPrice": null,
    "pricePerUnit": "41.53 kg",
    "image": "https://www.jumbo.com/dam-images/fit-in/360x360/Products/14022024_1707873022819_1707873028265_8719881007832_1.png",
    "available": true,
    "promoUntil": null
  },
  {
    "id": "589509KGR",
    "title": "Jumbo Beenham Naturel ca. 510 g",
    "category": "Vlees, vis en vega",
    "price": 7.64,
    "promoPrice": null,
    "pricePerUnit": "14.99 kg",
    "image": "https://www.jumbo.com/dam-images/fit-in/360x360/Products/05112024_1730817307817_1730817316969_2348991000000_1.png",
    "available": true,
    "promoUntil": null
  },
  {
    "id": "144276PAK",
    "title": "Alpro Soja Groeidrink 1-3+ Jaar Houdbaar 1L",
    "category": "Drogisterij en baby",
    "price": 2.36,
    "promoPrice": null,
    "pricePerUnit": "2.36 l",
    "image": "https://www.jumbo.com/dam-images/fit-in/360x360/Products/14082025_1755133577622_1755133579636_144276_PAK_05411188116936_A1N1.png",
    "available": true,
    "promoUntil": null
  },
  {
    "id": "163921DS",
    "title": "Zonnatura Biologische Tuinkruiden Bouillonblokjes Zonder Gist",
    "category": "Conserven, soepen, sauzen, oliën",
    "price": 1.87,
    "promoPrice": null,
    "pricePerUnit": "31.17 kg",
    "image": "https://www.jumbo.com/dam-images/fit-in/360x360/Products/19092025_1758285196568_1758285216383_8711812414214_596.png",
    "available": true,
    "promoUntil": null
  },
  {
    "id": "168789POT",
    "title": "Lotus Biscoff speculoos pasta crunchy 700 g",
    "category": "Ontbijt, broodbeleg en bakproducten",
    "price": 5.49,
    "promoPrice": null,
    "pricePerUnit": "7.84 kg",
    "image": "https://www.jumbo.com/dam-images/fit-in/360x360/Products/08062024_1717814615825_1717814619722_168789_POT_05410126066944_C1N1.png",
    "available": true,
    "promoUntil": null
  },
  {
    "id": "569492FLS",
    "title": "Marne Milde Mosterd Franse 225 g",
    "category": "Conserven, soepen, sauzen, oliën",
    "price": 1.39,
    "promoPrice": null,
    "pricePerUnit": "6.18 kg",
    "image": "https://www.jumbo.com/dam-images/fit-in/360x360/Products/14022024_1707872592191_1707872614760_8710638002315_1.png",
    "available": true,
    "promoUntil": null
  },
  {
    "id": "635512CUP",
    "title": "Jumbo High Protein Pudding Karamelsmaak 200 g",
    "category": "Zuivel, eieren, boter",
    "price": 1.29,
    "promoPrice": null,
    "pricePerUnit": "6.45 kg",
    "image": "https://www.jumbo.com/dam-images/fit-in/360x360/Products/01112024_1730471707828_1730471723790_8718452838042_596.png",
    "available": true,
    "promoUntil": null
  },
  {
    "id": "587139SC",
    "title": "Muscle Meat High Protein Meals Kipfilet Piri Piri Mexico Mix - Z. Aardappelpuree 450 g",
    "category": "Verse maaltijden en gemak",
    "price": 6.79,
    "promoPrice": null,
    "pricePerUnit": "16.98 kg",
    "image": "https://www.jumbo.com/dam-images/fit-in/360x360/Products/05092025_1757068433771_1757068442091_8721008247106_1.png",
    "available": true,
    "promoUntil": null
  },
  {
    "id": "529098DS",
    "title": "Clipper Marrakesh Markets Mint, Cinnamon & Liquorice Organic Infusion 20 Zakjes 35 g",
    "category": "Koffie en thee",
    "price": 3.69,
    "promoPrice": null,
    "pricePerUnit": "0.18 pieces",
    "image": "https://www.jumbo.com/dam-images/fit-in/360x360/Products/08082025_1754618861632_1754618866651_529098_DS_05021991944352_C1N1.png",
    "available": true,
    "promoUntil": null
  },
  {
    "id": "597444ZK",
    "title": "Jumbo Goudse Kaas Mild 48+ Geraspt 250g",
    "category": "Vleeswaren, kaas en tapas",
    "price": 2.9,
    "promoPrice": null,
    "pricePerUnit": "11.6 kg",
    "image": "https://www.jumbo.com/dam-images/fit-in/360x360/Products/09022024_1707482105116_1707482116655_8718452695072_1.png",
    "available": true,
    "promoUntil": null
  },
  {
    "id": "644311DS",
    "title": "Honig Basis voor Italiaanse Tomatensoep 101 g",
    "category": "Conserven, soepen, sauzen, oliën",
    "price": 1.99,
    "promoPrice": null,
    "pricePerUnit": "19.7 kg",
    "image": "https://www.jumbo.com/dam-images/fit-in/360x360/Products/30082025_1756518794129_1756518809735_644311_DS_08714700170704_H1N1.png",
    "available": true,
    "promoUntil": null
  },
  {
    "id": "633612ZK",
    "title": "Jumbo Robuust Beschuit Spelt 230 g",
    "category": "Ontbijt, broodbeleg en bakproducten",
    "price": 2.43,
    "promoPrice": null,
    "pricePerUnit": "10.57 kg",
    "image": "https://www.jumbo.com/dam-images/fit-in/360x360/Products/04092024_1725460583649_1725460591749_8718452837915_1.png",
    "available": true,
    "promoUntil": null
  },
  {
    "id": "403879TRL",
    "title": "YFood Gebalanceerde Drinkmaaltijd Classic Choco 6 x 500 ml",
    "category": "Zuivel, eieren, boter",
    "price": 26.34,
    "promoPrice": null,
    "pricePerUnit": "8.78 l",
    "image": "https://www.jumbo.com/dam-images/fit-in/360x360/Products/403879TRL-1692283111359.png",
    "available": true,
    "promoUntil": null
  },
  {
    "id": "387720TRA",
    "title": "Jumbo Pittige Burger 2 Stuks",
    "category": "Vlees, vis en vega",
    "price": 3.79,
    "promoPrice": null,
    "pricePerUnit": "13.54 kg",
    "image": "https://www.jumbo.com/dam-images/fit-in/360x360/Products/26052025_1748262787797_1748262794697_8718452923069_1.png",
    "available": true,
    "promoUntil": null
  },
  {
    "id": "685503DS",
    "title": "Clipper Rooibos & Cinnamon Organic Infusion 20 Stuks 36 g",
    "category": "Koffie en thee",
    "price": 3.69,
    "promoPrice": null,
    "pricePerUnit": "102.5 kg",
    "image": "https://www.jumbo.com/dam-images/fit-in/360x360/Products/19032025_1742398392017_1742398409899_5021991944437_596.png",
    "available": true,
    "promoUntil": null
  },
  {
    "id": "224264STK",
    "title": "Lavazza Qualita Rossa gemalen / filterkoffie 250 g",
    "category": "Koffie en thee",
    "price": 6.19,
    "promoPrice": null,
    "pricePerUnit": "24.76 kg",
    "image": "https://www.jumbo.com/dam-images/fit-in/360x360/Products/19032025_1742356626318_1742356635415_224264_STK_08000070035980_C1N1.png",
    "available": true,
    "promoUntil": null
  },
  {
    "id": "703849ZK",
    "title": "Maggi Jus Naturel 29 g",
    "category": "Conserven, soepen, sauzen, oliën",
    "price": 0.75,
    "promoPrice": null,
    "pricePerUnit": "25.86 kg",
    "image": "https://www.jumbo.com/dam-images/fit-in/360x360/Products/23092025_1758596600309_1758596613652_703849_ZK_08445290408372_H1N1_s01.png",
    "available": true,
    "promoUntil": null
  },
  {
    "id": "681575TRA",
    "title": "Jumbo Barbecueworst Naturel 320 g",
    "category": "Vlees, vis en vega",
    "price": 3.49,
    "promoPrice": null,
    "pricePerUnit": "10.91 kg",
    "image": "https://www.jumbo.com/dam-images/fit-in/360x360/Products/25042025_1745580811926_1745580819248_8718452901913_1.png",
    "available": true,
    "promoUntil": null
  },
  {
    "id": "577806ZK",
    "title": "Danoontje Yoghurt Tussendoortje Banaan 70g",
    "category": "Zuivel, eieren, boter",
    "price": 0.99,
    "promoPrice": null,
    "pricePerUnit": "14.14 kg",
    "image": "https://www.jumbo.com/dam-images/fit-in/360x360/Products/31072024_1722433096611_1722433103089_8713788123671_1.png",
    "available": true,
    "promoUntil": null
  },
  {
    "id": "633655ZK",
    "title": "Molensteen Biologisch Volkoren Speltmeel 1kg",
    "category": "Ontbijt, broodbeleg en bakproducten",
    "price": 2.47,
    "promoPrice": null,
    "pricePerUnit": "2.47 kg",
    "image": "https://www.jumbo.com/dam-images/fit-in/360x360/Products/14062024_1718332842369_1718332849206_633655_ZK_08719324872379_C1N1.png",
    "available": true,
    "promoUntil": null
  },
  {
    "id": "678335TRL",
    "title": "Campina Echte Slagroom 12 x 250g",
    "category": "Zuivel, eieren, boter",
    "price": 23.88,
    "promoPrice": 20.29,
    "pricePerUnit": "8.22 l",
    "image": "https://www.jumbo.com/dam-images/fit-in/360x360/Products/5410488825272ea9e9772-2728-438b-bcdb-023cef74d744-1744792932751.png",
    "available": true,
    "promoUntil": "di 7 okt"
  },
  {
    "id": "427850PAK",
    "title": "Jumbo Cola Zero Sugar 6 x 1,5 L",
    "category": "Frisdrank en sappen",
    "price": 5.82,
    "promoPrice": null,
    "pricePerUnit": "0.65 l",
    "image": "https://www.jumbo.com/dam-images/fit-in/360x360/Products/10012025_1736519627933_1736519640666_8718452537334_596.png",
    "available": true,
    "promoUntil": null
  },
  {
    "id": "134192PAK",
    "title": "Alpro Mild & Creamy Citroen-Limoen Variatie Op Yoghurt 750g",
    "category": "Zuivel, eieren, boter",
    "price": 2.99,
    "promoPrice": null,
    "pricePerUnit": "3.99 kg",
    "image": "https://www.jumbo.com/dam-images/fit-in/360x360/Products/26082025_1756174242615_1756174243784_134192_PAK_05411188115731_A1N1.png",
    "available": true,
    "promoUntil": null
  },
  {
    "id": "578578ZK",
    "title": "HiPRO Protein Kwark Banaan 200 g",
    "category": "Zuivel, eieren, boter",
    "price": 1.99,
    "promoPrice": 1.49,
    "pricePerUnit": "7.45 kg",
    "image": "https://www.jumbo.com/dam-images/fit-in/360x360/Products/01032025_1740797446369_1740797449219_578578_ZK_08713788123619_H1N1.png",
    "available": true,
    "promoUntil": "di 7 okt"
  },
  {
    "id": "644855TRA",
    "title": "Jumbo Plantaardige Griekse Stijl Naturel 10% Vet 1 kg",
    "category": "Zuivel, eieren, boter",
    "price": 2.99,
    "promoPrice": null,
    "pricePerUnit": "2.99 kg",
    "image": "https://www.jumbo.com/dam-images/fit-in/360x360/Products/29102024_1730216167329_1730216183287_8718452877447_596.png",
    "available": true,
    "promoUntil": null
  },
  {
    "id": "521378DS",
    "title": "Honig Basis voor Engelse Ossenstaartsoep 88 g",
    "category": "Conserven, soepen, sauzen, oliën",
    "price": 1.99,
    "promoPrice": null,
    "pricePerUnit": "22.61 kg",
    "image": "https://www.jumbo.com/dam-images/fit-in/360x360/Products/05072025_1751682301582_1751682310479_521378_DS_08714700170681_H1N1.png",
    "available": true,
    "promoUntil": null
  },
  {
    "id": "581964KGR",
    "title": "Jumbo Bouten Kip 2 Stuks ca. 650 g",
    "category": "Vlees, vis en vega",
    "price": 4.22,
    "promoPrice": null,
    "pricePerUnit": "6.49 kg",
    "image": "https://www.jumbo.com/dam-images/fit-in/360x360/Products/05112024_1730817307628_1730817314866_2348625000000_1.png",
    "available": true,
    "promoUntil": null
  },
  {
    "id": "639811PAK",
    "title": "Jumbo Runder Rookworst 275 g",
    "category": "Conserven, soepen, sauzen, oliën",
    "price": 3.99,
    "promoPrice": null,
    "pricePerUnit": "14.51 kg",
    "image": "https://www.jumbo.com/dam-images/fit-in/360x360/Products/12122024_1734021200451_1734021208916_8718452851089_1.png",
    "available": true,
    "promoUntil": null
  },
  {
    "id": "547732DS",
    "title": "Sultana Yofruit Bosvruchten Smaak 4 x 2 Stuks 143 g",
    "category": "Ontbijt, broodbeleg en bakproducten",
    "price": 2.17,
    "promoPrice": null,
    "pricePerUnit": "15.28 kg",
    "image": "https://www.jumbo.com/dam-images/fit-in/360x360/Products/12122023_1702356876214_1702356884645_547732_DS_08710412042926_C1N1.png",
    "available": true,
    "promoUntil": null
  },
  {
    "id": "645658DS",
    "title": "Unox Cup-a-Soup Champignon Ham 3 x 175ml",
    "category": "Conserven, soepen, sauzen, oliën",
    "price": 2.09,
    "promoPrice": null,
    "pricePerUnit": "43.54 kg",
    "image": "https://www.jumbo.com/dam-images/fit-in/360x360/Products/13082024_1723558114668_1723558137716_645658_DS_08710522767269_C1N1.png",
    "available": true,
    "promoUntil": null
  },
  {
    "id": "549466FLS",
    "title": "Jean Bâton Mayonaise Black Truffle 250 ml",
    "category": "Conserven, soepen, sauzen, oliën",
    "price": 3.99,
    "promoPrice": null,
    "pricePerUnit": "15.96 l",
    "image": "https://www.jumbo.com/dam-images/fit-in/360x360/Products/22072025_1753151976671_1753151987803_549466_FLS_08718403014983_C1N1.png",
    "available": true,
    "promoUntil": null
  },
  {
    "id": "128771STK",
    "title": "De Ruijter Anijsstaafjes 12 x 6,3 g",
    "category": "Koffie en thee",
    "price": 2.15,
    "promoPrice": null,
    "pricePerUnit": "28.29 kg",
    "image": "https://www.jumbo.com/dam-images/fit-in/360x360/Products/19062025_1750298242125_1750298245984_128771_STK_08710395946341_C1N1.png",
    "available": true,
    "promoUntil": null
  },
  {
    "id": "561315POT",
    "title": "Marne Pittige Mosterd Groninger 235 g",
    "category": "Conserven, soepen, sauzen, oliën",
    "price": 1.79,
    "promoPrice": null,
    "pricePerUnit": "7.62 kg",
    "image": "https://www.jumbo.com/dam-images/fit-in/360x360/Products/23122024_1734957176090_1734957185149_8710638002292_1.png",
    "available": true,
    "promoUntil": null
  },
  {
    "id": "197642STK",
    "title": "Bertolli Classico olijfolie ",
    "category": "Conserven, soepen, sauzen, oliën",
    "price": 4.0,
    "promoPrice": null,
    "pricePerUnit": "16.0 l",
    "image": "https://www.jumbo.com/dam-images/fit-in/360x360/Products/16092025_1758026014902_1758026020759_8002470032385_596.png",
    "available": true,
    "promoUntil": null
  },
  {
    "id": "390735ZK",
    "title": "Knorr Smaakverfijner Aromat 38 g",
    "category": "Conserven, soepen, sauzen, oliën",
    "price": 0.65,
    "promoPrice": null,
    "pricePerUnit": "17.11 kg",
    "image": "https://www.jumbo.com/dam-images/fit-in/360x360/Products/16062025_1750091566228_1750091572605_8712100381935_1.png",
    "available": true,
    "promoUntil": null
  },
  {
    "id": "526999PAK",
    "title": "Campina Magere Yoghurt 500 ml",
    "category": "Zuivel, eieren, boter",
    "price": 1.09,
    "promoPrice": null,
    "pricePerUnit": "2.18 l",
    "image": "https://www.jumbo.com/dam-images/fit-in/360x360/Products/24042025_1745487268767_1745487273006_8712800000839_1.png",
    "available": true,
    "promoUntil": null
  },
  {
    "id": "213208BLK",
    "title": "Jumbo Luncheon Meat 200 g",
    "category": "Conserven, soepen, sauzen, oliën",
    "price": 1.85,
    "promoPrice": null,
    "pricePerUnit": "9.25 kg",
    "image": "https://www.jumbo.com/dam-images/fit-in/360x360/Products/26052025_1748231906221_1748231924655_213208_BLK_08718452322879_C1N1.png",
    "available": true,
    "promoUntil": null
  },
  {
    "id": "614772BLK",
    "title": "John West Makreel Water 115 g",
    "category": "Conserven, soepen, sauzen, oliën",
    "price": 2.17,
    "promoPrice": null,
    "pricePerUnit": "27.13 kg",
    "image": "https://www.jumbo.com/dam-images/fit-in/360x360/Products/16022024_1708112226553_1708112235000_5000171061713_1.png",
    "available": true,
    "promoUntil": null
  },
  {
    "id": "302905DS",
    "title": "Eat Natural Noten en Zaden met Honing 500 g",
    "category": "Ontbijt, broodbeleg en bakproducten",
    "price": 4.64,
    "promoPrice": null,
    "pricePerUnit": "9.28 kg",
    "image": "https://www.jumbo.com/dam-images/fit-in/360x360/Products/16092025_1757986413807_1757986417170_302905_DS_05013803001162_C1N1.png",
    "available": true,
    "promoUntil": null
  },
  {
    "id": "215547BLK",
    "title": "Rio Mare Insalatissime Messicana 2x160g MSC",
    "category": "Conserven, soepen, sauzen, oliën",
    "price": 7.49,
    "promoPrice": null,
    "pricePerUnit": "23.41 kg",
    "image": "https://www.jumbo.com/dam-images/fit-in/360x360/Products/30052025_1748572409525_1748572413231_215547_BLK_08004030352612_C1N1.png",
    "available": true,
    "promoUntil": null
  },
  {
    "id": "95712TRA",
    "title": "Jumbo Friese Rundersaucijs 2 Stuks",
    "category": "Vlees, vis en vega",
    "price": 3.29,
    "promoPrice": null,
    "pricePerUnit": "1.65 pieces",
    "image": "https://www.jumbo.com/dam-images/fit-in/360x360/Products/07052025_1746606746611_1746606752764_8718452860241_1.png",
    "available": true,
    "promoUntil": null
  },
  {
    "id": "87429POT",
    "title": "Roosvicee Rozenbotteljam",
    "category": "Ontbijt, broodbeleg en bakproducten",
    "price": 2.15,
    "promoPrice": null,
    "pricePerUnit": "6.32 kg",
    "image": "https://www.jumbo.com/dam-images/fit-in/360x360/Products/04072025_1751594036133_1751594042142_87429_POT_08710496977251_C1N1.png",
    "available": true,
    "promoUntil": null
  },
  {
    "id": "356963DS",
    "title": "Quaker Cruesli Rood Fruit Ontbijtgranen 450 gr",
    "category": "Ontbijt, broodbeleg en bakproducten",
    "price": 3.5,
    "promoPrice": null,
    "pricePerUnit": "7.78 kg",
    "image": "https://www.jumbo.com/dam-images/fit-in/360x360/Products/04062025_1749029565410_1749029573219_8710398517043_1.png",
    "available": true,
    "promoUntil": null
  },
  {
    "id": "644313DS",
    "title": "Honig Soep in Droge Vorm Limburgse Aspergesoep 106g",
    "category": "Conserven, soepen, sauzen, oliën",
    "price": 1.99,
    "promoPrice": null,
    "pricePerUnit": "18.77 kg",
    "image": "https://www.jumbo.com/dam-images/fit-in/360x360/Products/18072025_1752806133591_1752806142008_644313_DS_08714700170537_H1N1.png",
    "available": true,
    "promoUntil": null
  },
  {
    "id": "430651STK",
    "title": "Jumbo - Rond Fijn Volkoren - Knapperig en Vers",
    "category": "Brood en gebak",
    "price": 2.0,
    "promoPrice": null,
    "pricePerUnit": "2.5 kg",
    "image": "https://www.jumbo.com/dam-images/fit-in/360x360/Products/25042025_1745588008128_1745588018117_8718452771738_2.png",
    "available": true,
    "promoUntil": null
  },
  {
    "id": "588129PAK",
    "title": "Jumbo Keukenpapier Extra Sterk & Absorberend 3 Lagen 4 Rollen",
    "category": "Huishouden en dieren",
    "price": 3.03,
    "promoPrice": null,
    "pricePerUnit": "0.76 pieces",
    "image": "https://www.jumbo.com/dam-images/fit-in/360x360/Products/21112023_1700580790012_1700580801377_8718452789474_1.png",
    "available": true,
    "promoUntil": null
  },
  {
    "id": "178457STK",
    "title": "Maggi Kerrie Saus 39 g",
    "category": "Conserven, soepen, sauzen, oliën",
    "price": 1.18,
    "promoPrice": null,
    "pricePerUnit": "30.26 kg",
    "image": "https://www.jumbo.com/dam-images/fit-in/360x360/Products/24072025_1753325186636_1753325217265_178457_STK_07613035751309_H1N1_s01.png",
    "available": true,
    "promoUntil": null
  },
  {
    "id": "394366POT",
    "title": "Larco Kippenvlees in Bouillon 800 ml",
    "category": "Conserven, soepen, sauzen, oliën",
    "price": 6.09,
    "promoPrice": null,
    "pricePerUnit": "7.61 l",
    "image": "https://www.jumbo.com/dam-images/fit-in/360x360/Products/09082023_1691587628578_1691587644405_8710236091957_1.png",
    "available": true,
    "promoUntil": null
  },
  {
    "id": "646527ZK",
    "title": "Jumbo's Dark Roast Brasil & Colombia Notig & Cacao 1 kg",
    "category": "Koffie en thee",
    "price": 21.49,
    "promoPrice": null,
    "pricePerUnit": "21.49 kg",
    "image": "https://www.jumbo.com/dam-images/fit-in/360x360/Products/12122024_1734003202261_1734003207573_8718452850150_1.png",
    "available": true,
    "promoUntil": null
  },
  {
    "id": "359572DSL",
    "title": "Unox Good Noodles Cup Groente 8 x 65 g",
    "category": "Conserven, soepen, sauzen, oliën",
    "price": 16.72,
    "promoPrice": null,
    "pricePerUnit": "32.15 kg",
    "image": "https://www.jumbo.com/dam-images/fit-in/360x360/Products/8720182850034ea7d2ce9-8a03-4a5f-96b1-5ee1b14a7b34-1743771606931.png",
    "available": true,
    "promoUntil": null
  },
  {
    "id": "670970TRA",
    "title": "Jumbo Boeren-Gehaktschnitzel 3 Stuks",
    "category": "Vlees, vis en vega",
    "price": 3.99,
    "promoPrice": null,
    "pricePerUnit": "13.3 kg",
    "image": "https://www.jumbo.com/dam-images/fit-in/360x360/Products/27022025_1740670388197_1740670395631_8718452895168_1.png",
    "available": true,
    "promoUntil": null
  },
  {
    "id": "626901ZK",
    "title": "Jumbo Muesli Fruit, Zaden & Pitten 1 kg",
    "category": "Ontbijt, broodbeleg en bakproducten",
    "price": 4.49,
    "promoPrice": null,
    "pricePerUnit": "4.49 kg",
    "image": "https://www.jumbo.com/dam-images/fit-in/360x360/Products/16072024_1721144061157_1721144066691_8718452810710_1.png",
    "available": true,
    "promoUntil": null
  },
  {
    "id": "534141STK",
    "title": "Jumbo Gyros 500 g",
    "category": "Vlees, vis en vega",
    "price": 5.0,
    "promoPrice": null,
    "pricePerUnit": "10.0 kg",
    "image": "https://www.jumbo.com/dam-images/fit-in/360x360/Products/05112024_1730820972460_1730820994133_8718452701346_1.png",
    "available": true,
    "promoUntil": null
  },
  {
    "id": "603216CUP",
    "title": "Alpro Protein Tropical 200g",
    "category": "Zuivel, eieren, boter",
    "price": 2.09,
    "promoPrice": null,
    "pricePerUnit": "10.45 kg",
    "image": "https://www.jumbo.com/dam-images/fit-in/360x360/Products/26122024_1735180398844_1735180405311_603216_CUP_05411188139621_H1N1.png",
    "available": true,
    "promoUntil": null
  },
  {
    "id": "521384DS",
    "title": "Honig Maaltijdmix voor Franse Uiensoep 64 g",
    "category": "Conserven, soepen, sauzen, oliën",
    "price": 1.99,
    "promoPrice": null,
    "pricePerUnit": "31.09 kg",
    "image": "https://www.jumbo.com/dam-images/fit-in/360x360/Products/27082025_1756261470950_1756261480512_521384_DS_08714700170698_H1N1.png",
    "available": true,
    "promoUntil": null
  },
  {
    "id": "696500ZK",
    "title": "Jumbo Blanke Rozijnen 250 g",
    "category": "Ontbijt, broodbeleg en bakproducten",
    "price": 1.88,
    "promoPrice": null,
    "pricePerUnit": "7.52 kg",
    "image": "https://www.jumbo.com/dam-images/fit-in/360x360/Products/30062025_1751293988041_1751293994110_8718452924868_1.png",
    "available": true,
    "promoUntil": null
  },
  {
    "id": "208384FLS",
    "title": "Vifit Goedemorgen! Drinkzuivel Framboos/Blauwe Bes 400 ml",
    "category": "Zuivel, eieren, boter",
    "price": 1.69,
    "promoPrice": null,
    "pricePerUnit": "4.23 l",
    "image": "https://www.jumbo.com/dam-images/fit-in/360x360/Products/03072025_1751509052940_1751509062798_208384_FLS_08712800148487_H1N1.png",
    "available": true,
    "promoUntil": null
  },
  {
    "id": "533228PAK",
    "title": "Fanta Orange 24 x 330 ml",
    "category": "Frisdrank en sappen",
    "price": 18.69,
    "promoPrice": null,
    "pricePerUnit": "2.36 l",
    "image": "https://www.jumbo.com/dam-images/fit-in/360x360/Products/29012024_1706542443328_1706542450764_5000112659597_1.png",
    "available": true,
    "promoUntil": null
  },
  {
    "id": "300320DS",
    "title": "Eat Natural for Breakfast Gluten Free Boekweit 500 g",
    "category": "Ontbijt, broodbeleg en bakproducten",
    "price": 4.45,
    "promoPrice": null,
    "pricePerUnit": "8.9 kg",
    "image": "https://www.jumbo.com/dam-images/fit-in/360x360/Products/10012024_1704871177904_1704871183582_300320_DS_05013803001087_C1N1.png",
    "available": true,
    "promoUntil": null
  },
  {
    "id": "153646DS",
    "title": "Clipper Chai Organic Green Tea 20 Zakjes 40 g",
    "category": "Koffie en thee",
    "price": 3.69,
    "promoPrice": null,
    "pricePerUnit": "0.18 pieces",
    "image": "https://www.jumbo.com/dam-images/fit-in/360x360/Products/28032025_1743133671013_1743133677512_153646_DS_05021991939679_H1N1.png",
    "available": true,
    "promoUntil": null
  },
  {
    "id": "43435FLS",
    "title": "Lea & Perrins Worcestershire Saus 150ml",
    "category": "Conserven, soepen, sauzen, oliën",
    "price": 2.29,
    "promoPrice": null,
    "pricePerUnit": "15.27 l",
    "image": "https://www.jumbo.com/dam-images/fit-in/360x360/Products/08042025_1744075118032_1744075120848_43435_FLS_05000111041010_C1N1.png",
    "available": true,
    "promoUntil": null
  },
  {
    "id": "634947DS",
    "title": "Clipper Tokyo Gardens Green Tea Jasmine & Peach 20 Stuks 40 g",
    "category": "Koffie en thee",
    "price": 3.69,
    "promoPrice": null,
    "pricePerUnit": "0.18 pieces",
    "image": "https://www.jumbo.com/dam-images/fit-in/360x360/Products/06082025_1754469180237_1754469188741_5021991945465_596.png",
    "available": true,
    "promoUntil": null
  },
  {
    "id": "641960STK",
    "title": "Jumbo Salami 140 g",
    "category": "Vleeswaren, kaas en tapas",
    "price": 2.75,
    "promoPrice": null,
    "pricePerUnit": "19.64 kg",
    "image": "https://www.jumbo.com/dam-images/fit-in/360x360/Products/12122024_1734021187547_1734021194259_8718452644186_1.png",
    "available": true,
    "promoUntil": null
  },
  {
    "id": "184144PAK",
    "title": "Patria Granen Voedingsbiscuits 300 g",
    "category": "Ontbijt, broodbeleg en bakproducten",
    "price": 1.49,
    "promoPrice": null,
    "pricePerUnit": "4.97 kg",
    "image": "https://www.jumbo.com/dam-images/fit-in/360x360/Products/09082023_1691588122430_1691588198585_8716496560127_1.png",
    "available": true,
    "promoUntil": null
  },
  {
    "id": "646560POT",
    "title": "Jumbo's Fruitspread Aardbei Rabarber 335 g",
    "category": "Ontbijt, broodbeleg en bakproducten",
    "price": 2.69,
    "promoPrice": null,
    "pricePerUnit": "8.03 kg",
    "image": "https://www.jumbo.com/dam-images/fit-in/360x360/Products/12122024_1734003203184_1734003209936_8718452811700_1.png",
    "available": true,
    "promoUntil": null
  },
  {
    "id": "356965DS",
    "title": "Quaker Cruesli 4 Noten Ontbijtgranen 450 gr",
    "category": "Ontbijt, broodbeleg en bakproducten",
    "price": 3.5,
    "promoPrice": null,
    "pricePerUnit": "7.78 kg",
    "image": "https://www.jumbo.com/dam-images/fit-in/360x360/Products/16072025_1752669284084_1752669290750_8710398516947_1.png",
    "available": true,
    "promoUntil": null
  },
  {
    "id": "305996DS",
    "title": "Jumbo Spices Kaneel 20 Stuks",
    "category": "Koffie en thee",
    "price": 1.29,
    "promoPrice": null,
    "pricePerUnit": "0.06 pieces",
    "image": "https://www.jumbo.com/dam-images/fit-in/360x360/Products/18092023_1695038164467_1695038172543_8718452402861_1.png",
    "available": true,
    "promoUntil": null
  },
  {
    "id": "179359STK",
    "title": "Remia Mayolijn 500ml",
    "category": "Conserven, soepen, sauzen, oliën",
    "price": 2.29,
    "promoPrice": null,
    "pricePerUnit": "4.58 l",
    "image": "https://www.jumbo.com/dam-images/fit-in/360x360/Products/09082023_1691588147322_1691588227937_8710448697589_1.png",
    "available": true,
    "promoUntil": null
  },
  {
    "id": "10853DS",
    "title": "Hak Gedroogde Spliterwten 500 g",
    "category": "Conserven, soepen, sauzen, oliën",
    "price": 2.39,
    "promoPrice": null,
    "pricePerUnit": "4.78 kg",
    "image": "https://www.jumbo.com/dam-images/fit-in/360x360/Products/12092023_1694522163178_1694522167133_8720600604386_1.png",
    "available": true,
    "promoUntil": null
  },
  {
    "id": "222816DS",
    "title": "Jumbo Special Flakes 350 g",
    "category": "Ontbijt, broodbeleg en bakproducten",
    "price": 1.73,
    "promoPrice": null,
    "pricePerUnit": "4.94 kg",
    "image": "https://www.jumbo.com/dam-images/fit-in/360x360/Products/16082024_1723815322908_1723815330637_8718452802968_1.png",
    "available": true,
    "promoUntil": null
  },
  {
    "id": "706673DS",
    "title": "Koopmans Appelkoeken Met Kaneelsuiker 375 g",
    "category": "Ontbijt, broodbeleg en bakproducten",
    "price": 2.99,
    "promoPrice": 2.24,
    "pricePerUnit": "5.97 kg",
    "image": "https://www.jumbo.com/dam-images/fit-in/360x360/Products/25062025_1750852711805_1750852720660_706673_DS_08710466331328_C1N1_s01.png",
    "available": true,
    "promoUntil": "di 7 okt"
  },
  {
    "id": "610611STK",
    "title": "Jumbo Kipfilet Voordeelverpakking 200 g",
    "category": "Vleeswaren, kaas en tapas",
    "price": 3.91,
    "promoPrice": null,
    "pricePerUnit": "19.55 kg",
    "image": "https://www.jumbo.com/dam-images/fit-in/360x360/Products/12122024_1734014582047_1734014587736_8718452564002_1.png",
    "available": true,
    "promoUntil": null
  },
  {
    "id": "187039BLK",
    "title": "Del Monte Mangoschijven op Lichte Siroop 425 g",
    "category": "Conserven, soepen, sauzen, oliën",
    "price": 2.55,
    "promoPrice": null,
    "pricePerUnit": "11.09 kg",
    "image": "https://www.jumbo.com/dam-images/fit-in/360x360/Products/12122024_1734014421820_1734014428114_24000195252_1.png",
    "available": true,
    "promoUntil": null
  },
  {
    "id": "686989DSL",
    "title": "Nescafé Latte Caramel ijskoffie 12 x 250 ml",
    "category": "Zuivel, eieren, boter",
    "price": 22.68,
    "promoPrice": null,
    "pricePerUnit": "7.56 l",
    "image": "https://www.jumbo.com/dam-images/fit-in/360x360/Products/8715000002566d32cbf65-9e85-4884-a328-b5e2627f103f-1751543767863.png",
    "available": true,
    "promoUntil": null
  },
  {
    "id": "610606PAK",
    "title": "Jumbo Schouderham 150 g",
    "category": "Vleeswaren, kaas en tapas",
    "price": 2.99,
    "promoPrice": null,
    "pricePerUnit": "19.93 kg",
    "image": "https://www.jumbo.com/dam-images/fit-in/360x360/Products/12122024_1734014684443_1734014693834_8718452442645_1.png",
    "available": true,
    "promoUntil": null
  },
  {
    "id": "640570PAK",
    "title": "Jumbo Runder Rookvlees Licht Gezouten 100 g",
    "category": "Vleeswaren, kaas en tapas",
    "price": 2.99,
    "promoPrice": null,
    "pricePerUnit": "29.9 kg",
    "image": "https://www.jumbo.com/dam-images/fit-in/360x360/Products/12122024_1734021187019_1734021200717_8718452460632_1.png",
    "available": true,
    "promoUntil": null
  },
  {
    "id": "609543DS",
    "title": "Pickwick Spices Warming Chai 20 x 2 g",
    "category": "Koffie en thee",
    "price": 1.99,
    "promoPrice": null,
    "pricePerUnit": "0.1 pieces",
    "image": "https://www.jumbo.com/dam-images/fit-in/360x360/Products/12122024_1734014843376_1734014851233_8711000565544_1.png",
    "available": true,
    "promoUntil": null
  },
  {
    "id": "257668FLS",
    "title": "Becel Lekker Romig 200 ml",
    "category": "Zuivel, eieren, boter",
    "price": 1.51,
    "promoPrice": null,
    "pricePerUnit": "7.55 l",
    "image": "https://www.jumbo.com/dam-images/fit-in/360x360/Products/07022025_1738920788666_1738920792937_8719200018891_1.png",
    "available": true,
    "promoUntil": null
  },
  {
    "id": "589503KGR",
    "title": "Jumbo Varkenslappen ca. 600 g",
    "category": "Vlees, vis en vega",
    "price": 7.19,
    "promoPrice": null,
    "pricePerUnit": "11.98 kg",
    "image": "https://www.jumbo.com/dam-images/fit-in/360x360/Products/05112024_1730817307452_1730817322027_2348644000000_1.png",
    "available": true,
    "promoUntil": null
  },
  {
    "id": "510791ZK",
    "title": "Van Gilse Geleisuiker 1 kg",
    "category": "Ontbijt, broodbeleg en bakproducten",
    "price": 3.26,
    "promoPrice": null,
    "pricePerUnit": "3.26 kg",
    "image": "https://www.jumbo.com/dam-images/fit-in/360x360/Products/09082023_1691585790066_1691585803154_8710437004107_1.png",
    "available": true,
    "promoUntil": null
  },
  {
    "id": "416670DS",
    "title": "TastyBasics Repen noten en zaden",
    "category": "Koek, snoep, chocolade en chips",
    "price": 3.75,
    "promoPrice": null,
    "pricePerUnit": "27.17 kg",
    "image": "https://www.jumbo.com/dam-images/fit-in/360x360/Products/26072025_1753491706460_1753491720355_416670_DS_08718868678348_C1N1.png",
    "available": true,
    "promoUntil": null
  },
  {
    "id": "202252STK",
    "title": "Unox Good Pasta Romige Kaassaus 69 g",
    "category": "Conserven, soepen, sauzen, oliën",
    "price": 2.19,
    "promoPrice": null,
    "pricePerUnit": "31.74 kg",
    "image": "https://www.jumbo.com/dam-images/fit-in/360x360/Products/24082025_1755997398826_1755997457346_202252_STK_08714100829769_H1N1.png",
    "available": true,
    "promoUntil": null
  },
  {
    "id": "515030BAK",
    "title": "Jumbo Kip Ovenschotel met Spek, Ui en Paprika 500 g",
    "category": "Vlees, vis en vega",
    "price": 5.0,
    "promoPrice": null,
    "pricePerUnit": "10.0 kg",
    "image": "https://www.jumbo.com/dam-images/fit-in/360x360/Products/09082023_1691590847872_1691590858327_8718452687800_1.png",
    "available": true,
    "promoUntil": null
  },
  {
    "id": "221285BKR",
    "title": "Jumbo Biologisch Volle Biogarde Roer 500 g",
    "category": "Zuivel, eieren, boter",
    "price": 1.59,
    "promoPrice": null,
    "pricePerUnit": "3.18 kg",
    "image": "https://www.jumbo.com/dam-images/fit-in/360x360/Products/26032025_1743006790607_1743006795564_8718452671939_1.png",
    "available": true,
    "promoUntil": null
  },
  {
    "id": "588196CUP",
    "title": "Jumbo Romige Chocomousse met Melkchoco Snippers 75 g",
    "category": "Zuivel, eieren, boter",
    "price": 1.75,
    "promoPrice": null,
    "pricePerUnit": "23.33 kg",
    "image": "https://www.jumbo.com/dam-images/fit-in/360x360/Products/27032024_1711535593708_1711535615205_8718452716791_9.png",
    "available": true,
    "promoUntil": null
  },
  {
    "id": "270736STK",
    "title": "Zonnatura Biologische Rijstwafels Naturel 130 g",
    "category": "Ontbijt, broodbeleg en bakproducten",
    "price": 1.28,
    "promoPrice": null,
    "pricePerUnit": "9.85 kg",
    "image": "https://www.jumbo.com/dam-images/fit-in/360x360/Products/25072025_1753436037371_1753436042358_8711812421885_1.png",
    "available": true,
    "promoUntil": null
  },
  {
    "id": "303028BLK",
    "title": "Jumbo Doperwten Wortelen Extra Fijn 400 g",
    "category": "Conserven, soepen, sauzen, oliën",
    "price": 0.89,
    "promoPrice": null,
    "pricePerUnit": "3.36 kg",
    "image": "https://www.jumbo.com/dam-images/fit-in/360x360/Products/14022024_1707873497255_1707873512397_8718452764457_596.png",
    "available": true,
    "promoUntil": null
  },
  {
    "id": "578678CUP",
    "title": "HiPRO Protein Mousse Dark Chocolate 200 g",
    "category": "Zuivel, eieren, boter",
    "price": 2.39,
    "promoPrice": 1.79,
    "pricePerUnit": "8.95 kg",
    "image": "https://www.jumbo.com/dam-images/fit-in/360x360/Products/31072025_1753927559008_1753927563802_578678_CUP_08713788123640_H1N1.png",
    "available": true,
    "promoUntil": "di 7 okt"
  },
  {
    "id": "207325BLK",
    "title": "Jumbo Artisjokkenharten 390 g",
    "category": "Conserven, soepen, sauzen, oliën",
    "price": 2.69,
    "promoPrice": null,
    "pricePerUnit": "11.21 kg",
    "image": "https://www.jumbo.com/dam-images/fit-in/360x360/Products/26082024_1724686516961_1724686532214_8718452849444_596.png",
    "available": true,
    "promoUntil": null
  },
  {
    "id": "493510ZK",
    "title": "Holie's Granola Chocolate Crunch 350g",
    "category": "Ontbijt, broodbeleg en bakproducten",
    "price": 3.95,
    "promoPrice": null,
    "pricePerUnit": "11.29 kg",
    "image": "https://www.jumbo.com/dam-images/fit-in/360x360/Products/06092025_1757124568938_1757124578147_493510_ZK_08720256082187_C1N1.png",
    "available": true,
    "promoUntil": null
  },
  {
    "id": "271093STK",
    "title": "Snelle Jelle (Te) Krachtige Ontbijtkoek 5 Stuks 275 g",
    "category": "Ontbijt, broodbeleg en bakproducten",
    "price": 2.63,
    "promoPrice": null,
    "pricePerUnit": "9.56 kg",
    "image": "https://www.jumbo.com/dam-images/fit-in/360x360/Products/14022024_1707873495493_1707873498941_8710432081943_1.png",
    "available": true,
    "promoUntil": null
  },
  {
    "id": "698456CUP",
    "title": "Jumbo Crème Brûlée met Krokante Karamelschilfers 2 Stuks 200 g",
    "category": "Zuivel, eieren, boter",
    "price": 2.49,
    "promoPrice": null,
    "pricePerUnit": "12.45 kg",
    "image": "https://www.jumbo.com/dam-images/fit-in/360x360/Products/16062025_1750077167501_1750077179416_8718452890033_1.png",
    "available": true,
    "promoUntil": null
  },
  {
    "id": "681085KGR",
    "title": "Jumbo Pangasiusfilet Citroen/Peper Gemarineerd ca. 350 g",
    "category": "Vlees, vis en vega",
    "price": 5.51,
    "promoPrice": null,
    "pricePerUnit": "16.2 kg",
    "image": "https://www.jumbo.com/dam-images/fit-in/360x360/Products/23052025_1748014409366_1748014416566_2369337000000_1.png",
    "available": true,
    "promoUntil": null
  },
  {
    "id": "28215ROL",
    "title": "Komo Trekbandzakken 60L 15 Stuks",
    "category": "Huishouden en dieren",
    "price": 1.93,
    "promoPrice": null,
    "pricePerUnit": "0.13 pieces",
    "image": "https://www.jumbo.com/dam-images/fit-in/360x360/Products/09082023_1691586926541_1691586937417_8710672889859_1.png",
    "available": true,
    "promoUntil": null
  },
  {
    "id": "701139BAK",
    "title": "Zespri Sun Gold Kiwifruit 750g",
    "category": "Aardappelen, groente en fruit",
    "price": 6.99,
    "promoPrice": null,
    "pricePerUnit": "9.32 kg",
    "image": "https://www.jumbo.com/dam-images/fit-in/360x360/Products/Z25punnet750grSGLDstickerAlgemeentopview9cb08d87-4510-4476-918b-1d60ff57609b-1751461215844.png",
    "available": true,
    "promoUntil": null
  },
  {
    "id": "418269FLS",
    "title": "Jumbo Olijfolie Extra Vierge 250 ml",
    "category": "Conserven, soepen, sauzen, oliën",
    "price": 3.56,
    "promoPrice": null,
    "pricePerUnit": "14.24 l",
    "image": "https://www.jumbo.com/dam-images/fit-in/360x360/Products/10082023_1691677257243_1691677261660_8718452541218_1.png",
    "available": true,
    "promoUntil": null
  },
  {
    "id": "481870FLS",
    "title": "Gouda's Glorie Mayosaus 750 ml",
    "category": "Conserven, soepen, sauzen, oliën",
    "price": 2.79,
    "promoPrice": null,
    "pricePerUnit": "3.72 l",
    "image": "https://www.jumbo.com/dam-images/fit-in/360x360/Products/09082023_1691590099102_1691590154801_8710448638131_1.png",
    "available": true,
    "promoUntil": null
  },
  {
    "id": "582442PAK",
    "title": "Peijnenburg ontbijtkoek volkoren gesneden 12 plakjes",
    "category": "Ontbijt, broodbeleg en bakproducten",
    "price": 2.37,
    "promoPrice": null,
    "pricePerUnit": "6.87 kg",
    "image": "https://www.jumbo.com/dam-images/fit-in/360x360/Products/14022024_1707873742914_1707873749087_8710397251665_1.png",
    "available": true,
    "promoUntil": null
  },
  {
    "id": "388044PAK",
    "title": "Koopmans Appel kaneelcake met Kaneelsuiker Bakmix 400 g",
    "category": "Ontbijt, broodbeleg en bakproducten",
    "price": 1.78,
    "promoPrice": null,
    "pricePerUnit": "4.45 kg",
    "image": "https://www.jumbo.com/dam-images/fit-in/360x360/Products/17042025_1744856612678_1744856622218_388044_PAK_08710466299727_C1N1_s01.png",
    "available": true,
    "promoUntil": null
  },
  {
    "id": "380106ZK",
    "title": "Jumbo Aardappelen Vastkokend 3 kg",
    "category": "Aardappelen, groente en fruit",
    "price": 3.99,
    "promoPrice": null,
    "pricePerUnit": "1.33 kg",
    "image": "https://www.jumbo.com/dam-images/fit-in/360x360/Products/29092023_1695995271273_1695995277935_8718452499182_1.png",
    "available": true,
    "promoUntil": null
  },
  {
    "id": "640433PAK",
    "title": "Alpro Barista Caramel Smaak 750ml",
    "category": "Zuivel, eieren, boter",
    "price": 2.59,
    "promoPrice": null,
    "pricePerUnit": "3.45 l",
    "image": "https://www.jumbo.com/dam-images/fit-in/360x360/Products/11092024_1726047255485_1726047259530_5411188140863_1.png",
    "available": true,
    "promoUntil": null
  },
  {
    "id": "152253POT",
    "title": "Hak Bonenmix 370 g",
    "category": "Conserven, soepen, sauzen, oliën",
    "price": 2.59,
    "promoPrice": null,
    "pricePerUnit": "10.79 kg",
    "image": "https://www.jumbo.com/dam-images/fit-in/360x360/Products/09082023_1691591408398_1691591410943_8720600612787_1.png",
    "available": true,
    "promoUntil": null
  },
  {
    "id": "658844PAK",
    "title": "Jumbo Sinaasappel Sap 1,5 L",
    "category": "Frisdrank en sappen",
    "price": 2.89,
    "promoPrice": null,
    "pricePerUnit": "1.93 l",
    "image": "https://www.jumbo.com/dam-images/fit-in/360x360/Products/12122024_1734021201864_1734021213353_8718452864331_596.png",
    "available": true,
    "promoUntil": null
  },
  {
    "id": "681491KGR",
    "title": "Jumbo Makreelfilet Warm Gerookt ca. 250 g",
    "category": "Vlees, vis en vega",
    "price": 4.97,
    "promoPrice": null,
    "pricePerUnit": "19.89 kg",
    "image": "https://www.jumbo.com/dam-images/fit-in/360x360/Products/14042025_1744641188367_1744641196340_2369289000000_1.png",
    "available": true,
    "promoUntil": null
  },
  {
    "id": "415609BAK",
    "title": "Jumbo Tomaten 500g",
    "category": "Aardappelen, groente en fruit",
    "price": 1.55,
    "promoPrice": null,
    "pricePerUnit": "3.1 kg",
    "image": "https://www.jumbo.com/dam-images/fit-in/360x360/Products/09082023_1691584889288_1691584906085_8710147615402_1.png",
    "available": true,
    "promoUntil": null
  },
  {
    "id": "577152ZK",
    "title": "Hak Mexicaans Gekruid Tortilla Schotel 550 g",
    "category": "Conserven, soepen, sauzen, oliën",
    "price": 2.99,
    "promoPrice": null,
    "pricePerUnit": "5.44 kg",
    "image": "https://www.jumbo.com/dam-images/fit-in/360x360/Products/12122024_1734014702753_1734014720408_8720600620638_596.png",
    "available": true,
    "promoUntil": null
  },
  {
    "id": "526921DSL",
    "title": "Campina vanille vla 6 x 1 L",
    "category": "Zuivel, eieren, boter",
    "price": 11.94,
    "promoPrice": 10.14,
    "pricePerUnit": "1.69 l",
    "image": "https://www.jumbo.com/dam-images/fit-in/360x360/Products/526921DSL1d1d94833-0d40-47c4-8207-c48392365884-1712561580393.png",
    "available": true,
    "promoUntil": "di 7 okt"
  },
  {
    "id": "358683ZK",
    "title": "Unox Smaakfavoriet Soep In Zak Vegetarische Tomaten 570 ml",
    "category": "Conserven, soepen, sauzen, oliën",
    "price": 4.99,
    "promoPrice": null,
    "pricePerUnit": "8.75 l",
    "image": "https://www.jumbo.com/dam-images/fit-in/360x360/Products/11012024_1704940455943_1704940497273_358683_ZK_08710604786010_C1N1.png",
    "available": true,
    "promoUntil": null
  },
  {
    "id": "394229PKL",
    "title": "Jumbo Milde Magere Kwark 6 x 500 g",
    "category": "Zuivel, eieren, boter",
    "price": 8.94,
    "promoPrice": null,
    "pricePerUnit": "2.98 kg",
    "image": "https://www.jumbo.com/dam-images/fit-in/360x360/Products/394229PKL-1692282904246.png",
    "available": true,
    "promoUntil": null
  },
  {
    "id": "358699FLS",
    "title": "Becel Original 500 ml",
    "category": "Zuivel, eieren, boter",
    "price": 3.29,
    "promoPrice": null,
    "pricePerUnit": "6.58 l",
    "image": "https://www.jumbo.com/dam-images/fit-in/360x360/Products/07022025_1738920788763_1738920793100_8719200021242_1.png",
    "available": true,
    "promoUntil": null
  },
  {
    "id": "642406DS",
    "title": "Jumbo All-in-One Vaatwastabletten 80 x 19g - Voordeelverpakking",
    "category": "Huishouden en dieren",
    "price": 5.68,
    "promoPrice": null,
    "pricePerUnit": "0.07 pieces",
    "image": "https://www.jumbo.com/dam-images/fit-in/360x360/Products/26082024_1724686517618_1724686536489_8718452843220_596.png",
    "available": true,
    "promoUntil": null
  },
  {
    "id": "612985TRA",
    "title": "Kipfilet 175 g",
    "category": "Vleeswaren, kaas en tapas",
    "price": 2.75,
    "promoPrice": null,
    "pricePerUnit": "15.71 kg",
    "image": "https://www.jumbo.com/dam-images/fit-in/360x360/Products/12122024_1734021186611_1734021191837_8710939006449_1.png",
    "available": true,
    "promoUntil": null
  },
  {
    "id": "401323ZK",
    "title": "Jumbo Grissini Mini Naturel 150 g",
    "category": "Conserven, soepen, sauzen, oliën",
    "price": 1.5,
    "promoPrice": null,
    "pricePerUnit": "10.0 kg",
    "image": "https://www.jumbo.com/dam-images/fit-in/360x360/Products/10082023_1691678360053_1691678371255_8718452505777_1.png",
    "available": true,
    "promoUntil": null
  },
  {
    "id": "135233STK",
    "title": "Two Cows Instant Full Cream Milk Powder 400 g",
    "category": "Zuivel, eieren, boter",
    "price": 6.19,
    "promoPrice": null,
    "pricePerUnit": "15.48 kg",
    "image": "https://www.jumbo.com/dam-images/fit-in/360x360/Products/31072025_1753924815580_1753924822303_135233_STK_08717896002248_C1N1.png",
    "available": true,
    "promoUntil": null
  },
  {
    "id": "567937FLS",
    "title": "Gouda's Glorie Fresh Garlic Sauce 550 ml",
    "category": "Conserven, soepen, sauzen, oliën",
    "price": 2.99,
    "promoPrice": null,
    "pricePerUnit": "5.44 l",
    "image": "https://www.jumbo.com/dam-images/fit-in/360x360/Products/14022024_1707873138354_1707873141626_8710448639510_1.png",
    "available": true,
    "promoUntil": null
  },
  {
    "id": "615972KGR",
    "title": "Jumbo Fijnproevers Bavette ca. 500 g",
    "category": "Vlees, vis en vega",
    "price": 15.49,
    "promoPrice": null,
    "pricePerUnit": "30.99 kg",
    "image": "https://www.jumbo.com/dam-images/fit-in/360x360/Products/12122024_1734014862928_1734014867894_2336076000000_1.png",
    "available": true,
    "promoUntil": null
  },
  {
    "id": "645862DS",
    "title": "Starbucks by Nespresso Single-Origin Coffee Guatemala 10 Stuks 52 g",
    "category": "Koffie en thee",
    "price": 4.69,
    "promoPrice": null,
    "pricePerUnit": "0.47 pieces",
    "image": "https://www.jumbo.com/dam-images/fit-in/360x360/Products/06052025_1746559968148_1746559971087_7613287855503_1.png",
    "available": true,
    "promoUntil": null
  },
  {
    "id": "610610TRA",
    "title": "Lipton Ice Tea Green 24 x 250 ml",
    "category": "Frisdrank en sappen",
    "price": 21.36,
    "promoPrice": 18.15,
    "pricePerUnit": "3.03 l",
    "image": "https://www.jumbo.com/dam-images/fit-in/360x360/Products/06032025_1741275188410_1741275192097_8711327645202_1.png",
    "available": true,
    "promoUntil": "di 7 okt"
  },
  {
    "id": "608388BAK",
    "title": "Jumbo Gebraden Gehaktbal Rund 2 Stuks",
    "category": "Vlees, vis en vega",
    "price": 3.99,
    "promoPrice": null,
    "pricePerUnit": "19.95 kg",
    "image": "https://www.jumbo.com/dam-images/fit-in/360x360/Products/10062025_1749547947083_1749547954220_8718452252497_1.png",
    "available": true,
    "promoUntil": null
  },
  {
    "id": "680366STK",
    "title": "Jumbo Tofu Naturel 375g",
    "category": "Vlees, vis en vega",
    "price": 1.56,
    "promoPrice": null,
    "pricePerUnit": "4.16 kg",
    "image": "https://www.jumbo.com/dam-images/fit-in/360x360/Products/26062024_1719405183596_1719405190485_8718452742462_1.png",
    "available": true,
    "promoUntil": null
  },
  {
    "id": "186036ZK",
    "title": "Jumbo Stroop Wafels met Roomboter 468 g",
    "category": "Koek, snoep, chocolade en chips",
    "price": 2.25,
    "promoPrice": null,
    "pricePerUnit": "4.81 kg",
    "image": "https://www.jumbo.com/dam-images/fit-in/360x360/Products/26022025_1740573211712_1740573218748_8718452381333_1.png",
    "available": true,
    "promoUntil": null
  },
  {
    "id": "166737POT",
    "title": "Hero Rinse Appelstroop 450 g",
    "category": "Ontbijt, broodbeleg en bakproducten",
    "price": 3.65,
    "promoPrice": null,
    "pricePerUnit": "8.11 kg",
    "image": "https://www.jumbo.com/dam-images/fit-in/360x360/Products/28112023_1701167645742_1701167660009_8713500010210_1.png",
    "available": true,
    "promoUntil": null
  },
  {
    "id": "599247PAK",
    "title": "Hak Kidney Bonen 380 g",
    "category": "Conserven, soepen, sauzen, oliën",
    "price": 1.29,
    "promoPrice": null,
    "pricePerUnit": "5.61 kg",
    "image": "https://www.jumbo.com/dam-images/fit-in/360x360/Products/30082024_1724988520866_1724988528621_599247_PAK_08720600624469_H1N1.png",
    "available": true,
    "promoUntil": null
  },
  {
    "id": "640571STK",
    "title": "Jumbo Snijworst 140 g",
    "category": "Vleeswaren, kaas en tapas",
    "price": 2.79,
    "promoPrice": null,
    "pricePerUnit": "19.93 kg",
    "image": "https://www.jumbo.com/dam-images/fit-in/360x360/Products/04072025_1751617996050_1751618001497_8718452644193_1.png",
    "available": true,
    "promoUntil": null
  },
  {
    "id": "223073BAK",
    "title": "Jumbo Biologisch Chipolata Rund 4 Stuks",
    "category": "Vlees, vis en vega",
    "price": 3.79,
    "promoPrice": null,
    "pricePerUnit": "18.95 kg",
    "image": "https://www.jumbo.com/dam-images/fit-in/360x360/Products/18062025_1750260788898_1750260795455_8718452894222_1.png",
    "available": true,
    "promoUntil": null
  },
  {
    "id": "38991DS",
    "title": "NESCAFÉ Dolce Gusto, Koffiecapsules Grande , 16 cups, 136 gr",
    "category": "Koffie en thee",
    "price": 5.99,
    "promoPrice": null,
    "pricePerUnit": "0.37 pieces",
    "image": "https://www.jumbo.com/dam-images/fit-in/360x360/Products/23092025_1758596344718_1758596350649_38991_DS_08445290442369_H1N1_s01.png",
    "available": true,
    "promoUntil": null
  },
  {
    "id": "329761POT",
    "title": "Buisman Hot Chocolate 300 g",
    "category": "Koffie en thee",
    "price": 3.39,
    "promoPrice": null,
    "pricePerUnit": "11.3 kg",
    "image": "https://www.jumbo.com/dam-images/fit-in/360x360/Products/18012024_1705550496090_1705550504423_329761_POT_08710283653481_C1N1.png",
    "available": true,
    "promoUntil": null
  },
  {
    "id": "300813STK",
    "title": "Unox Soep In Zak Heldere Kippensoep",
    "category": "Conserven, soepen, sauzen, oliën",
    "price": 3.19,
    "promoPrice": null,
    "pricePerUnit": "5.6 l",
    "image": "https://www.jumbo.com/dam-images/fit-in/360x360/Products/28082025_1756346187458_1756346213370_300813_STK_08717163850015_C1N1.png",
    "available": true,
    "promoUntil": null
  },
  {
    "id": "203774STK",
    "title": "Jumbo Jonge Kaas 48+ Voordeelverpakking Plakken 400 g",
    "category": "Vleeswaren, kaas en tapas",
    "price": 5.59,
    "promoPrice": null,
    "pricePerUnit": "13.98 kg",
    "image": "https://www.jumbo.com/dam-images/fit-in/360x360/Products/17042025_1744878789752_1744878796522_8718452695126_1.png",
    "available": true,
    "promoUntil": null
  },
  {
    "id": "446635DS",
    "title": "LIGA Proteinereep Cranberry Noot Hazelnoot 160g",
    "category": "Koek, snoep, chocolade en chips",
    "price": 3.49,
    "promoPrice": null,
    "pricePerUnit": "21.81 kg",
    "image": "https://www.jumbo.com/dam-images/fit-in/360x360/Products/02072025_1751418120086_1751418139346_446635_DS_07622201500894_C1N1_s01.png",
    "available": true,
    "promoUntil": null
  },
  {
    "id": "429867ZK",
    "title": "Jumbo Kruiden Soepcroutons 75 g",
    "category": "Conserven, soepen, sauzen, oliën",
    "price": 0.79,
    "promoPrice": null,
    "pricePerUnit": "10.53 kg",
    "image": "https://www.jumbo.com/dam-images/fit-in/360x360/Products/18022025_1739896392150_1739896407575_8718452558575_596.png",
    "available": true,
    "promoUntil": null
  },
  {
    "id": "685698KGR",
    "title": "Jumbo Sparerib Sweet Varken ca. 730 g",
    "category": "Vlees, vis en vega",
    "price": 9.93,
    "promoPrice": null,
    "pricePerUnit": "12.9 kg",
    "image": "https://www.jumbo.com/dam-images/fit-in/360x360/Products/30012025_1738254790366_1738254796586_2348568000000_1.png",
    "available": true,
    "promoUntil": null
  },
  {
    "id": "533214PAK",
    "title": "Coca-Cola Zero Sugar 10+2 Gratis 12 x 250 ml",
    "category": "Frisdrank en sappen",
    "price": 7.49,
    "promoPrice": null,
    "pricePerUnit": "2.5 l",
    "image": "https://www.jumbo.com/dam-images/fit-in/360x360/Products/31012024_1706711647990_1706711654080_5000112658736_1.png",
    "available": true,
    "promoUntil": null
  },
  {
    "id": "282839STK",
    "title": "Violife Mozzarella Flavour Grated 200 g",
    "category": "Zuivel, eieren, boter",
    "price": 3.59,
    "promoPrice": null,
    "pricePerUnit": "17.95 kg",
    "image": "https://www.jumbo.com/dam-images/fit-in/360x360/Products/24032025_1742801595437_1742801599963_5202390019319_1.png",
    "available": true,
    "promoUntil": null
  },
  {
    "id": "432221TRL",
    "title": "Jumbo Mineraalwater zonder Koolzuur 3 x 6-pack",
    "category": "Frisdrank en sappen",
    "price": 6.45,
    "promoPrice": null,
    "pricePerUnit": "0.72 l",
    "image": "https://www.jumbo.com/dam-images/fit-in/360x360/Products/8718452553433bf465303-5d4f-4944-a2fb-580ba99f9e2d-1741616818718.png",
    "available": true,
    "promoUntil": null
  },
  {
    "id": "456774TRA",
    "title": "Jumbo Rundervink Biologisch 2 Stuks",
    "category": "Vlees, vis en vega",
    "price": 4.49,
    "promoPrice": null,
    "pricePerUnit": "22.45 kg",
    "image": "https://www.jumbo.com/dam-images/fit-in/360x360/Products/11042025_1744378428708_1744378435855_8718452923601_1.png",
    "available": true,
    "promoUntil": null
  },
  {
    "id": "645802DS",
    "title": "Starbucks by Nespresso Breakfast Blend 10 Stuks 56 g",
    "category": "Koffie en thee",
    "price": 4.69,
    "promoPrice": null,
    "pricePerUnit": "0.47 pieces",
    "image": "https://www.jumbo.com/dam-images/fit-in/360x360/Products/06052025_1746559968196_1746559971143_7613287186782_1.png",
    "available": true,
    "promoUntil": null
  },
  {
    "id": "364021CUP",
    "title": "Unox Good Noodles Cup Rund 63 g",
    "category": "Conserven, soepen, sauzen, oliën",
    "price": 2.09,
    "promoPrice": null,
    "pricePerUnit": "33.17 kg",
    "image": "https://www.jumbo.com/dam-images/fit-in/360x360/Products/15082025_1755221072610_1755221129758_364021_CUP_08710522627457_H1N1.png",
    "available": true,
    "promoUntil": null
  },
  {
    "id": "614771BLK",
    "title": "John West Makreel Tomatensaus 115g",
    "category": "Conserven, soepen, sauzen, oliën",
    "price": 2.17,
    "promoPrice": null,
    "pricePerUnit": "18.87 kg",
    "image": "https://www.jumbo.com/dam-images/fit-in/360x360/Products/16022024_1708112166916_1708112175754_5000171061737_1.png",
    "available": true,
    "promoUntil": null
  },
  {
    "id": "226925ZK",
    "title": "Jumbo Fairtrade Bio Bananen 850 g",
    "category": "Aardappelen, groente en fruit",
    "price": 2.25,
    "promoPrice": null,
    "pricePerUnit": "2.65 kg",
    "image": "https://www.jumbo.com/dam-images/fit-in/360x360/Products/15052025_1747312389187_1747312412186_4014071692718_1.png",
    "available": true,
    "promoUntil": null
  },
  {
    "id": "167743PAK",
    "title": "Alpro Plantaardige Variatie Op Kookroom Light 250ml",
    "category": "Zuivel, eieren, boter",
    "price": 2.19,
    "promoPrice": null,
    "pricePerUnit": "8.76 l",
    "image": "https://www.jumbo.com/dam-images/fit-in/360x360/Products/06082024_1722915232284_1722915237560_167743_PAK_05411188121329_H1N1.png",
    "available": true,
    "promoUntil": null
  },
  {
    "id": "657404SC",
    "title": "Jumbo Snackgroente Tomaatjes Voordeelverpakking 1 kg",
    "category": "Aardappelen, groente en fruit",
    "price": 5.99,
    "promoPrice": null,
    "pricePerUnit": "5.99 kg",
    "image": "https://www.jumbo.com/dam-images/fit-in/360x360/Products/09042025_1744198387826_1744198398923_8718452687053_1.png",
    "available": true,
    "promoUntil": null
  },
  {
    "id": "374473ZK",
    "title": "Zonnatura Muesli Rijkgevuld Bio 500 g",
    "category": "Ontbijt, broodbeleg en bakproducten",
    "price": 2.96,
    "promoPrice": null,
    "pricePerUnit": "5.92 kg",
    "image": "https://www.jumbo.com/dam-images/fit-in/360x360/Products/19012024_1705634320073_1705634324554_374473_ZK_08711812424862_C1N1.png",
    "available": true,
    "promoUntil": null
  },
  {
    "id": "599255ZK",
    "title": "Hak Shakshuka met Paprika, Tomaat & Witte Bonen 550 g",
    "category": "Conserven, soepen, sauzen, oliën",
    "price": 2.99,
    "promoPrice": null,
    "pricePerUnit": "5.44 kg",
    "image": "https://www.jumbo.com/dam-images/fit-in/360x360/Products/23012024_1706014564587_1706014578464_8720600625305_1.png",
    "available": true,
    "promoUntil": null
  },
  {
    "id": "511649CUP",
    "title": "Almhof Halfvolle Fruit Yoghurt Kers 1,3% Vet 500 g",
    "category": "Zuivel, eieren, boter",
    "price": 2.19,
    "promoPrice": null,
    "pricePerUnit": "4.38 kg",
    "image": "https://www.jumbo.com/dam-images/fit-in/360x360/Products/08052025_1746670805094_1746670820056_511649_CUP_.png",
    "available": true,
    "promoUntil": null
  },
  {
    "id": "480497FLS",
    "title": "Heinz Tomaten Ketchup 50% Minder Suikers & Zout 570 ml",
    "category": "Conserven, soepen, sauzen, oliën",
    "price": 4.19,
    "promoPrice": null,
    "pricePerUnit": "7.35 l",
    "image": "https://www.jumbo.com/dam-images/fit-in/360x360/Products/26042025_1745637464547_1745637469765_480497_FLS_08715700122021_H1N1.png",
    "available": true,
    "promoUntil": null
  },
  {
    "id": "577170BUS",
    "title": "Starbucks® Caffe Latte No Added Sugar IJskoffie 220ml",
    "category": "Zuivel, eieren, boter",
    "price": 1.99,
    "promoPrice": null,
    "pricePerUnit": "9.05 l",
    "image": "https://www.jumbo.com/dam-images/fit-in/360x360/Products/11062025_1749638026900_1749638031175_5760466995856_1.png",
    "available": true,
    "promoUntil": null
  },
  {
    "id": "391143CUP",
    "title": "Alpro Plantaardige Variatie Op Kwark Naturel 400g",
    "category": "Zuivel, eieren, boter",
    "price": 2.49,
    "promoPrice": null,
    "pricePerUnit": "6.23 kg",
    "image": "https://www.jumbo.com/dam-images/fit-in/360x360/Products/29082025_1756430068471_1756430072640_391143_CUP_05411188133391_C1N1.png",
    "available": true,
    "promoUntil": null
  },
  {
    "id": "308453STK",
    "title": "Jumbo Kip Vleugels Borrelhapjes 500 g",
    "category": "Vlees, vis en vega",
    "price": 3.79,
    "promoPrice": null,
    "pricePerUnit": "7.58 kg",
    "image": "https://www.jumbo.com/dam-images/fit-in/360x360/Products/04072025_1751617992426_1751617998648_8718452238002_1.png",
    "available": true,
    "promoUntil": null
  },
  {
    "id": "369769STK",
    "title": "Jumbo Kaas Jong Belegen 30+ Voordeelverpakking Plakken 300 g",
    "category": "Vleeswaren, kaas en tapas",
    "price": 3.95,
    "promoPrice": null,
    "pricePerUnit": "13.17 kg",
    "image": "https://www.jumbo.com/dam-images/fit-in/360x360/Products/11032025_1741699988013_1741699994273_8718452695225_1.png",
    "available": true,
    "promoUntil": null
  },
  {
    "id": "63242FLS",
    "title": "Yildriz Griekse Knoflooksaus  265ml",
    "category": "Conserven, soepen, sauzen, oliën",
    "price": 2.49,
    "promoPrice": null,
    "pricePerUnit": "9.4 l",
    "image": "https://www.jumbo.com/dam-images/fit-in/360x360/Products/05022025_1738723817962_1738723823704_63242_FLS_08717903961056_C1N1.png",
    "available": true,
    "promoUntil": null
  },
  {
    "id": "650009FLS",
    "title": "Oliehoorn Knoflooksaus Fris & Zoetig 270 ml",
    "category": "Conserven, soepen, sauzen, oliën",
    "price": 2.59,
    "promoPrice": null,
    "pricePerUnit": "9.59 l",
    "image": "https://www.jumbo.com/dam-images/fit-in/360x360/Products/29112024_1732883615258_1732883620984_8713277560000_1.png",
    "available": true,
    "promoUntil": null
  },
  {
    "id": "703886ZK",
    "title": "Jumbo Volkoren Ontbijtkoek 280 g",
    "category": "Ontbijt, broodbeleg en bakproducten",
    "price": 0.79,
    "promoPrice": null,
    "pricePerUnit": "2.82 kg",
    "image": "https://www.jumbo.com/dam-images/fit-in/360x360/Products/04072025_1751636012132_1751636019684_8718452879212_596.png",
    "available": true,
    "promoUntil": null
  },
  {
    "id": "535695TRA",
    "title": "Hertog Jan - Pilsener - Tray - 24 x 330ML",
    "category": "Bier en wijn",
    "price": 27.69,
    "promoPrice": 23.99,
    "pricePerUnit": "3.03 l",
    "image": "https://www.jumbo.com/dam-images/fit-in/360x360/Products/260013TRA-1692362405220.png",
    "available": true,
    "promoUntil": "di 7 okt"
  },
  {
    "id": "591965DS",
    "title": "Café Royal Lungo Classico Big Pack 18 Capsules 93 g",
    "category": "Koffie en thee",
    "price": 6.99,
    "promoPrice": null,
    "pricePerUnit": "0.39 pieces",
    "image": "https://www.jumbo.com/dam-images/fit-in/360x360/Products/25072025_1753428859042_1753428868758_7616500938663_1.png",
    "available": true,
    "promoUntil": null
  },
  {
    "id": "200838POT",
    "title": "Hak Appelmoes 0% 190 g",
    "category": "Conserven, soepen, sauzen, oliën",
    "price": 1.99,
    "promoPrice": null,
    "pricePerUnit": "10.47 kg",
    "image": "https://www.jumbo.com/dam-images/fit-in/360x360/Products/09082023_1691590729735_1691590744191_8720600614842_1.png",
    "available": true,
    "promoUntil": null
  },
  {
    "id": "81191POT",
    "title": "Hak Bonenschotel voor Chili sin Carne 360 g",
    "category": "Conserven, soepen, sauzen, oliën",
    "price": 2.99,
    "promoPrice": null,
    "pricePerUnit": "8.31 kg",
    "image": "https://www.jumbo.com/dam-images/fit-in/360x360/Products/02082025_1754097143676_1754097151308_81191_POT_08720600610783_A1N1.png",
    "available": true,
    "promoUntil": null
  },
  {
    "id": "493503PAK",
    "title": "Blue Band Cake & Koekjes 250 g",
    "category": "Ontbijt, broodbeleg en bakproducten",
    "price": 2.39,
    "promoPrice": null,
    "pricePerUnit": "9.56 kg",
    "image": "https://www.jumbo.com/dam-images/fit-in/360x360/Products/02042025_1743582811996_1743582818361_8719200221529_1.png",
    "available": true,
    "promoUntil": null
  },
  {
    "id": "626033KGR",
    "title": "Jumbo Fijnproevers Ribeye Gerijpt ca. 215 g",
    "category": "Vlees, vis en vega",
    "price": 10.32,
    "promoPrice": null,
    "pricePerUnit": "47.99 kg",
    "image": "https://www.jumbo.com/dam-images/fit-in/360x360/Products/12122024_1734014884798_1734014893398_2336074000000_1.png",
    "available": true,
    "promoUntil": null
  },
  {
    "id": "686528DS",
    "title": "Jumbo Mueslireep Amandel Toffee Smaak 6 Stuks",
    "category": "Ontbijt, broodbeleg en bakproducten",
    "price": 1.65,
    "promoPrice": null,
    "pricePerUnit": "11.0 kg",
    "image": "https://www.jumbo.com/dam-images/fit-in/360x360/Products/25042025_1745580812025_1745580833026_8718452887248_596.png",
    "available": true,
    "promoUntil": null
  },
  {
    "id": "693906ZK",
    "title": "Jumbo Magere Kalkoenreepjes 150 g",
    "category": "Vleeswaren, kaas en tapas",
    "price": 3.59,
    "promoPrice": null,
    "pricePerUnit": "23.93 kg",
    "image": "https://www.jumbo.com/dam-images/fit-in/360x360/Products/01072025_1751380371236_1751380377289_8718452895786_1.png",
    "available": true,
    "promoUntil": null
  },
  {
    "id": "464973ZK",
    "title": "Nongshim Shin Ramyun Noodle 120 g",
    "category": "Conserven, soepen, sauzen, oliën",
    "price": 1.59,
    "promoPrice": null,
    "pricePerUnit": "13.25 kg",
    "image": "https://www.jumbo.com/dam-images/fit-in/360x360/Products/29042025_1745894025288_1745894030292_464973_ZK_08801043150620_C1N1.png",
    "available": true,
    "promoUntil": null
  },
  {
    "id": "202181POT",
    "title": "Jumbo Biologisch Witte Bonen in Tomatensaus 360 g",
    "category": "Conserven, soepen, sauzen, oliën",
    "price": 1.29,
    "promoPrice": null,
    "pricePerUnit": "3.58 kg",
    "image": "https://www.jumbo.com/dam-images/fit-in/360x360/Products/24032025_1742833966671_1742833974366_8718452293995_1.png",
    "available": true,
    "promoUntil": null
  },
  {
    "id": "692590PAK",
    "title": "Jumbo Biologische Bruine Linzen 400 g",
    "category": "Conserven, soepen, sauzen, oliën",
    "price": 1.29,
    "promoPrice": null,
    "pricePerUnit": "6.0 kg",
    "image": "https://www.jumbo.com/dam-images/fit-in/360x360/Products/03062025_1748943149329_1748943163556_8718452877997_596.png",
    "available": true,
    "promoUntil": null
  },
  {
    "id": "60278POT",
    "title": "Heinz Spagheroni Piccante Pastasaus 520 g",
    "category": "Conserven, soepen, sauzen, oliën",
    "price": 2.34,
    "promoPrice": null,
    "pricePerUnit": "4.5 kg",
    "image": "https://www.jumbo.com/dam-images/fit-in/360x360/Products/13082024_1723515852520_1723515861287_60278_POT_08715700415994_H1N1.png",
    "available": true,
    "promoUntil": null
  },
  {
    "id": "578074ZK",
    "title": "Jumbo Yoghurt Griekse Stijl Vanillesmaak 200 g",
    "category": "Zuivel, eieren, boter",
    "price": 1.39,
    "promoPrice": null,
    "pricePerUnit": "6.95 kg",
    "image": "https://www.jumbo.com/dam-images/fit-in/360x360/Products/432398ZK-1692362495240.png",
    "available": true,
    "promoUntil": null
  },
  {
    "id": "429777STK",
    "title": "Oreo Cheesecakes Toetje 2 x 80 g",
    "category": "Zuivel, eieren, boter",
    "price": 3.99,
    "promoPrice": null,
    "pricePerUnit": "24.94 kg",
    "image": "https://www.jumbo.com/dam-images/fit-in/360x360/Products/29012025_1738121796880_1738121801279_429777_STK_05412949097297_C1N1.png",
    "available": true,
    "promoUntil": null
  },
  {
    "id": "522657SC",
    "title": "Jumbo Snackgroente Komkommertjes 400 g",
    "category": "Aardappelen, groente en fruit",
    "price": 3.19,
    "promoPrice": null,
    "pricePerUnit": "7.98 kg",
    "image": "https://www.jumbo.com/dam-images/fit-in/360x360/Products/10082023_1691677711401_1691677715830_8718452687077_1.png",
    "available": true,
    "promoUntil": null
  },
  {
    "id": "145421DS",
    "title": "Knorr Saus in Pak Champignon Roomsaus 300 ml",
    "category": "Conserven, soepen, sauzen, oliën",
    "price": 2.55,
    "promoPrice": null,
    "pricePerUnit": "8.5 l",
    "image": "https://www.jumbo.com/dam-images/fit-in/360x360/Products/19092025_1758248828645_1758248949374_145421_DS_08712100634468_H1N1.png",
    "available": true,
    "promoUntil": null
  },
  {
    "id": "157169FLS",
    "title": "Tromp & Rueb Appelazijn 750 ml",
    "category": "Conserven, soepen, sauzen, oliën",
    "price": 2.27,
    "promoPrice": null,
    "pricePerUnit": "3.03 l",
    "image": "https://www.jumbo.com/dam-images/fit-in/360x360/Products/07062025_1749261158800_1749261162383_157169_FLS_08720500106850_C1N1.png",
    "available": true,
    "promoUntil": null
  },
  {
    "id": "543718ZK",
    "title": "Bertolli Pittig Pastasaus 460 g",
    "category": "Conserven, soepen, sauzen, oliën",
    "price": 3.46,
    "promoPrice": null,
    "pricePerUnit": "7.52 kg",
    "image": "https://www.jumbo.com/dam-images/fit-in/360x360/Products/30102024_1730262387193_1730262396282_543718_ZK_08720791220020_C1N1.png",
    "available": true,
    "promoUntil": null
  },
  {
    "id": "557569DS",
    "title": "Lavazza Espresso Classico koffiecups 30st",
    "category": "Koffie en thee",
    "price": 12.79,
    "promoPrice": null,
    "pricePerUnit": "0.43 pieces",
    "image": "https://www.jumbo.com/dam-images/fit-in/360x360/Products/17052025_1747447826439_1747447835892_557569_DS_08000070053861_C1N1.png",
    "available": true,
    "promoUntil": null
  },
  {
    "id": "534893PAK",
    "title": "Coca-Cola Original Taste 10+2 Gratis 12 x 250 ml",
    "category": "Frisdrank en sappen",
    "price": 7.86,
    "promoPrice": null,
    "pricePerUnit": "2.62 l",
    "image": "https://www.jumbo.com/dam-images/fit-in/360x360/Products/31012024_1706711705665_1706711712621_5000112658712_1.png",
    "available": true,
    "promoUntil": null
  },
  {
    "id": "643101FLS",
    "title": "Yfood Drinkmaaltijd Fruity Peach 500ml",
    "category": "Zuivel, eieren, boter",
    "price": 4.39,
    "promoPrice": null,
    "pricePerUnit": "8.78 l",
    "image": "https://www.jumbo.com/dam-images/fit-in/360x360/Products/29052025_1748486272208_1748486274342_643101_FLS_04260556637716_C1N1.png",
    "available": true,
    "promoUntil": null
  },
  {
    "id": "578690ZK",
    "title": "HiPRO Protein Kwark Bosvruchten 200g",
    "category": "Zuivel, eieren, boter",
    "price": 1.99,
    "promoPrice": 1.49,
    "pricePerUnit": "7.45 kg",
    "image": "https://www.jumbo.com/dam-images/fit-in/360x360/Products/06022025_1738811078898_1738811080913_578690_ZK_08713788123633_C1N1_s06.png",
    "available": true,
    "promoUntil": "di 7 okt"
  },
  {
    "id": "233339STK",
    "title": "Starbucks® by Nescafé® Dolce Gusto® Cappuccino - 12 koffiecups",
    "category": "Koffie en thee",
    "price": 5.49,
    "promoPrice": null,
    "pricePerUnit": "0.46 pieces",
    "image": "https://www.jumbo.com/dam-images/fit-in/360x360/Products/13052025_1747100395962_1747100425969_233339_STK_07613036943673_H1N1_s01.png",
    "available": true,
    "promoUntil": null
  },
  {
    "id": "262255KRT",
    "title": "Bavaria - Pils - Krat - 12 x 300ML",
    "category": "Bier en wijn",
    "price": 8.79,
    "promoPrice": null,
    "pricePerUnit": "2.44 l",
    "image": "https://www.jumbo.com/dam-images/fit-in/360x360/Products/08714800037778C1N1a13c6006-d4a3-41c8-b5b5-194bbd3de71e-1719305552474.png",
    "available": true,
    "promoUntil": null
  },
  {
    "id": "577341CUP",
    "title": "Alpro Protein Pudding Vanille Smaak 200g",
    "category": "Zuivel, eieren, boter",
    "price": 2.39,
    "promoPrice": null,
    "pricePerUnit": "11.95 kg",
    "image": "https://www.jumbo.com/dam-images/fit-in/360x360/Products/13032025_1741832351174_1741832355403_577341_CUP_05411188137740_H1N1.png",
    "available": true,
    "promoUntil": null
  },
  {
    "id": "625095DS",
    "title": "Holie's Crunchy Muesli Protein Chocolate 400g",
    "category": "Ontbijt, broodbeleg en bakproducten",
    "price": 4.15,
    "promoPrice": null,
    "pricePerUnit": "10.38 kg",
    "image": "https://www.jumbo.com/dam-images/fit-in/360x360/Products/18032025_1742265153923_1742265161378_625095_DS_08720256082521_C1N1.png",
    "available": true,
    "promoUntil": null
  },
  {
    "id": "208824STK",
    "title": "Jumbo Doperwten Wortelen 200 g",
    "category": "Conserven, soepen, sauzen, oliën",
    "price": 0.45,
    "promoPrice": null,
    "pricePerUnit": "3.46 kg",
    "image": "https://www.jumbo.com/dam-images/fit-in/360x360/Products/14022024_1707873559072_1707873571587_8718452764471_596.png",
    "available": true,
    "promoUntil": null
  },
  {
    "id": "230328POT",
    "title": "Jumbo Rabarbercompote met Stukjes 360 g",
    "category": "Conserven, soepen, sauzen, oliën",
    "price": 1.89,
    "promoPrice": null,
    "pricePerUnit": "5.25 kg",
    "image": "https://www.jumbo.com/dam-images/fit-in/360x360/Products/04072025_1751617974613_1751617984468_8718452361373_1.png",
    "available": true,
    "promoUntil": null
  },
  {
    "id": "291849BAK",
    "title": "Jumbo Filet Americain Naturel 150 g",
    "category": "Vleeswaren, kaas en tapas",
    "price": 3.19,
    "promoPrice": null,
    "pricePerUnit": "21.27 kg",
    "image": "https://www.jumbo.com/dam-images/fit-in/360x360/Products/20112023_1700498044239_1700498058938_8718452604715_1.png",
    "available": true,
    "promoUntil": null
  },
  {
    "id": "423130DS",
    "title": "Nescafé Mocca oploskoffie - 20 zakjes",
    "category": "Koffie en thee",
    "price": 3.59,
    "promoPrice": null,
    "pricePerUnit": "51.29 kg",
    "image": "https://www.jumbo.com/dam-images/fit-in/360x360/Products/07032025_1741321960315_1741321980596_423130_DS_03033710046423_C1N1_s01.png",
    "available": true,
    "promoUntil": null
  },
  {
    "id": "513771TRA",
    "title": "Garden Gourmet Sensational Burger",
    "category": "Vlees, vis en vega",
    "price": 4.29,
    "promoPrice": null,
    "pricePerUnit": "18.98 kg",
    "image": "https://www.jumbo.com/dam-images/fit-in/360x360/Products/23092025_1758595030357_1758595034548_513771_TRA_07613036915137_C1N1_s01.png",
    "available": true,
    "promoUntil": null
  },
  {
    "id": "236854STK",
    "title": "NESCAFÉ Dolce Gusto, Koffiecapsules Espresso Intenso, 16 cups, 112 gr",
    "category": "Koffie en thee",
    "price": 5.99,
    "promoPrice": null,
    "pricePerUnit": "0.37 pieces",
    "image": "https://www.jumbo.com/dam-images/fit-in/360x360/Products/04082025_1754325172242_1754325182966_7613036828444_596.png",
    "available": true,
    "promoUntil": null
  },
  {
    "id": "62219POT",
    "title": "Grand'Italia Funghi Porcini 260 g",
    "category": "Conserven, soepen, sauzen, oliën",
    "price": 3.0,
    "promoPrice": null,
    "pricePerUnit": "11.54 kg",
    "image": "https://www.jumbo.com/dam-images/fit-in/360x360/Products/07082025_1754529715710_1754529722722_62219_POT_00000080023012_C1N1.png",
    "available": true,
    "promoUntil": null
  },
  {
    "id": "534332PAK",
    "title": "Jumbo Zoete Puntpaprika 500 g",
    "category": "Aardappelen, groente en fruit",
    "price": 3.38,
    "promoPrice": null,
    "pricePerUnit": "6.76 kg",
    "image": "https://www.jumbo.com/dam-images/fit-in/360x360/Products/09082023_1691591319486_1691591436976_8718452566211_1.png",
    "available": true,
    "promoUntil": null
  },
  {
    "id": "48133STK",
    "title": "Arla Biologisch Halfvolle Melk 0,5 L",
    "category": "Zuivel, eieren, boter",
    "price": 1.08,
    "promoPrice": null,
    "pricePerUnit": "2.16 l",
    "image": "https://www.jumbo.com/dam-images/fit-in/360x360/Products/01052025_1746124371062_1746124377027_8718166011151_1.png",
    "available": true,
    "promoUntil": null
  },
  {
    "id": "675848ZK",
    "title": "Jumbo Romige Kippensoep 570ML",
    "category": "Conserven, soepen, sauzen, oliën",
    "price": 2.79,
    "promoPrice": null,
    "pricePerUnit": "4.89 l",
    "image": "https://www.jumbo.com/dam-images/fit-in/360x360/Products/25042025_1745584348331_1745584365615_8718452845736_596.png",
    "available": true,
    "promoUntil": null
  },
  {
    "id": "515047TRA",
    "title": "Jumbo Kipdijfiletreepjes 400 g",
    "category": "Vlees, vis en vega",
    "price": 5.7,
    "promoPrice": null,
    "pricePerUnit": "14.25 kg",
    "image": "https://www.jumbo.com/dam-images/fit-in/360x360/Products/04072025_1751617993277_1751617997590_8718452687909_1.png",
    "available": true,
    "promoUntil": null
  },
  {
    "id": "271094STK",
    "title": "Snelle Jelle (te) Krachtige Kruidkoek Minder Suiker 5 Stuks 250 g",
    "category": "Ontbijt, broodbeleg en bakproducten",
    "price": 2.72,
    "promoPrice": null,
    "pricePerUnit": "10.88 kg",
    "image": "https://www.jumbo.com/dam-images/fit-in/360x360/Products/14022024_1707873497168_1707873503962_8710432091942_1.png",
    "available": true,
    "promoUntil": null
  },
  {
    "id": "684451TRA",
    "title": "Jumbo Regular Burger Rund- en Varkensvlees 2 Stuks",
    "category": "Vlees, vis en vega",
    "price": 3.5,
    "promoPrice": null,
    "pricePerUnit": "15.91 kg",
    "image": "https://www.jumbo.com/dam-images/fit-in/360x360/Products/25062025_1750847566153_1750847571795_8718452916955_1.png",
    "available": true,
    "promoUntil": null
  },
  {
    "id": "201541CUP",
    "title": "Öing Roer Yoghurt Naturel 1,5% Vet 500 g",
    "category": "Zuivel, eieren, boter",
    "price": 0.79,
    "promoPrice": null,
    "pricePerUnit": "1.58 kg",
    "image": "https://www.jumbo.com/dam-images/fit-in/360x360/Products/18092023_1695032051533_1695032062757_4036300050700_1.png",
    "available": true,
    "promoUntil": null
  },
  {
    "id": "586180BLK",
    "title": "Jumbo Erwtensoep 300ML",
    "category": "Conserven, soepen, sauzen, oliën",
    "price": 0.99,
    "promoPrice": null,
    "pricePerUnit": "3.3 l",
    "image": "https://www.jumbo.com/dam-images/fit-in/360x360/Products/30072025_1753886059959_1753886081433_8718452750269_596.png",
    "available": true,
    "promoUntil": null
  },
  {
    "id": "649997FLS",
    "title": "Jumbo's Hot Chili Saus 700ML",
    "category": "Conserven, soepen, sauzen, oliën",
    "price": 1.99,
    "promoPrice": null,
    "pricePerUnit": "2.84 l",
    "image": "https://www.jumbo.com/dam-images/fit-in/360x360/Products/11122024_1733927597965_1733927602181_8718452868766_1.png",
    "available": true,
    "promoUntil": null
  },
  {
    "id": "514599KRT",
    "title": "De Vegetarische Slager Ereburger Vegan 226 g",
    "category": "Vlees, vis en vega",
    "price": 5.59,
    "promoPrice": null,
    "pricePerUnit": "24.73 kg",
    "image": "https://www.jumbo.com/dam-images/fit-in/360x360/Products/12092025_1757641197214_1757641259613_514599_KRT_08710522766996_H1N1.png",
    "available": true,
    "promoUntil": null
  },
  {
    "id": "25511BLK",
    "title": "Del Monte Halve Perziken op Sap 825 g",
    "category": "Conserven, soepen, sauzen, oliën",
    "price": 3.26,
    "promoPrice": null,
    "pricePerUnit": "6.94 kg",
    "image": "https://www.jumbo.com/dam-images/fit-in/360x360/Products/12122024_1734014421027_1734014428539_24000137139_1.png",
    "available": true,
    "promoUntil": null
  },
  {
    "id": "636733KGR",
    "title": "Jumbo BBQ Sparerib Gegrild ca. 730 g",
    "category": "Vlees, vis en vega",
    "price": 10.07,
    "promoPrice": null,
    "pricePerUnit": "13.8 kg",
    "image": "https://www.jumbo.com/dam-images/fit-in/360x360/Products/12122024_1734014963739_1734014967895_2369057000000_1.png",
    "available": true,
    "promoUntil": null
  },
  {
    "id": "641939KGR",
    "title": "Jumbo Ovengebakken Scharrel Kipfilet ca. 120 g",
    "category": "Vleeswaren, kaas en tapas",
    "price": 3.95,
    "promoPrice": null,
    "pricePerUnit": "32.95 kg",
    "image": "https://www.jumbo.com/dam-images/fit-in/360x360/Products/29012025_1738168390945_1738168399277_2349005000000_1.png",
    "available": true,
    "promoUntil": null
  },
  {
    "id": "463023POT",
    "title": "Activia Yoghurt Vanille 4 x 125g",
    "category": "Zuivel, eieren, boter",
    "price": 2.39,
    "promoPrice": null,
    "pricePerUnit": "4.78 kg",
    "image": "https://www.jumbo.com/dam-images/fit-in/360x360/Products/26042025_1745632537051_1745632544804_463023_POT_03033491351082_H1N1.png",
    "available": true,
    "promoUntil": null
  },
  {
    "id": "672518DS",
    "title": "Servero Strawberry Burst Smoothie Fruit to Go Appel, Aardbei, Granaatappel Voordeelpak 4 x 100 g",
    "category": "Conserven, soepen, sauzen, oliën",
    "price": 3.59,
    "promoPrice": null,
    "pricePerUnit": "8.98 kg",
    "image": "https://www.jumbo.com/dam-images/fit-in/360x360/Products/04022025_1738657965982_1738657976278_4008596504113_1.png",
    "available": true,
    "promoUntil": null
  },
  {
    "id": "300468DS",
    "title": "Jumbo Meergranenbiscuits Appel 6 x 2 Stuks",
    "category": "Koek, snoep, chocolade en chips",
    "price": 1.26,
    "promoPrice": null,
    "pricePerUnit": "5.6 kg",
    "image": "https://www.jumbo.com/dam-images/fit-in/360x360/Products/18092023_1695037433389_1695037439739_8718452402465_1.png",
    "available": true,
    "promoUntil": null
  },
  {
    "id": "624591TRA",
    "title": "Jumbo Speklap Zonder Zwoerd 2 Stuks",
    "category": "Vlees, vis en vega",
    "price": 3.29,
    "promoPrice": null,
    "pricePerUnit": "12.28 kg",
    "image": "https://www.jumbo.com/dam-images/fit-in/360x360/Products/26112024_1732638819478_1732638826419_8718452849536_1.png",
    "available": true,
    "promoUntil": null
  },
  {
    "id": "190083POT",
    "title": "Zonnatura Spread Spicy Tomaat 135 g",
    "category": "Ontbijt, broodbeleg en bakproducten",
    "price": 2.96,
    "promoPrice": null,
    "pricePerUnit": "21.93 kg",
    "image": "https://www.jumbo.com/dam-images/fit-in/360x360/Products/05062025_1749090599853_1749090618874_190083_POT_08711812420079_H1N1.png",
    "available": true,
    "promoUntil": null
  },
  {
    "id": "206408STK",
    "title": "Drink Me Chai Spiced Chai Latte 250 g",
    "category": "Koffie en thee",
    "price": 6.99,
    "promoPrice": null,
    "pricePerUnit": "27.96 kg",
    "image": "https://www.jumbo.com/dam-images/fit-in/360x360/Products/09082023_1691585023905_1691585033969_5060072970019_1.png",
    "available": true,
    "promoUntil": null
  },
  {
    "id": "461128POT",
    "title": "Aarts Gestoofde Appeltjes met Kaneel 520 g",
    "category": "Conserven, soepen, sauzen, oliën",
    "price": 2.85,
    "promoPrice": null,
    "pricePerUnit": "5.48 kg",
    "image": "https://www.jumbo.com/dam-images/fit-in/360x360/Products/23012024_1705978828635_1705978834540_461128_POT_08710277350310_C1N1.png",
    "available": true,
    "promoUntil": null
  },
  {
    "id": "697253STK",
    "title": "Jumbo Avocado Eetrijp 2 Stuks",
    "category": "Aardappelen, groente en fruit",
    "price": 2.99,
    "promoPrice": null,
    "pricePerUnit": "1.5 pieces",
    "image": "https://www.jumbo.com/dam-images/fit-in/360x360/Products/08052025_1746714772366_1746714776318_8718452180288_1.png",
    "available": true,
    "promoUntil": null
  },
  {
    "id": "623961DS",
    "title": "Jumbo Choco Rice 500 g",
    "category": "Ontbijt, broodbeleg en bakproducten",
    "price": 1.59,
    "promoPrice": null,
    "pricePerUnit": "3.18 kg",
    "image": "https://www.jumbo.com/dam-images/fit-in/360x360/Products/16052024_1715866523194_1715866539607_8718452807345_596.png",
    "available": true,
    "promoUntil": null
  },
  {
    "id": "154687FLS",
    "title": "RAAK Vruchtensiroop Aardbei Zero Sugar 0,75 L",
    "category": "Frisdrank en sappen",
    "price": 3.49,
    "promoPrice": null,
    "pricePerUnit": "4.65 l",
    "image": "https://www.jumbo.com/dam-images/fit-in/360x360/Products/24022024_1708745393389_1708745398635_154687_FLS_00000087331028_C1N1.png",
    "available": true,
    "promoUntil": null
  },
  {
    "id": "192505DSL",
    "title": "Melkunie Protein Raspberry & Strawberry Shake 8 x 225 ml",
    "category": "Zuivel, eieren, boter",
    "price": 13.52,
    "promoPrice": null,
    "pricePerUnit": "7.51 l",
    "image": "https://www.jumbo.com/dam-images/fit-in/360x360/Products/192505DSL1f974d364-af53-4edf-9b5c-ad257cca0326-1695295886462.png",
    "available": true,
    "promoUntil": null
  },
  {
    "id": "226942POT",
    "title": "Jumbo Hollandse Bruine Bonen 340 g",
    "category": "Conserven, soepen, sauzen, oliën",
    "price": 0.76,
    "promoPrice": null,
    "pricePerUnit": "3.45 kg",
    "image": "https://www.jumbo.com/dam-images/fit-in/360x360/Products/29052024_1717000393444_1717000401600_8718452830190_1.png",
    "available": true,
    "promoUntil": null
  },
  {
    "id": "360711KGR",
    "title": "Jumbo Peppersteak Gekruid 2 Stuks",
    "category": "Vlees, vis en vega",
    "price": 6.97,
    "promoPrice": null,
    "pricePerUnit": "24.9 kg",
    "image": "https://www.jumbo.com/dam-images/fit-in/360x360/Products/25102024_1729866969414_1729866975489_2333403000000_1.png",
    "available": true,
    "promoUntil": null
  },
  {
    "id": "160000STK",
    "title": "Grand'Italia Toscana met Zongedroogde Tomaat Pastasaus 400g",
    "category": "Conserven, soepen, sauzen, oliën",
    "price": 4.35,
    "promoPrice": null,
    "pricePerUnit": "10.88 kg",
    "image": "https://www.jumbo.com/dam-images/fit-in/360x360/Products/26092024_1727314282076_1727314290636_160000_STK_00000080023371_H1N1.png",
    "available": true,
    "promoUntil": null
  },
  {
    "id": "691956PAK",
    "title": "Peijnenburg Noten 337 g",
    "category": "Ontbijt, broodbeleg en bakproducten",
    "price": 2.66,
    "promoPrice": null,
    "pricePerUnit": "7.89 kg",
    "image": "https://www.jumbo.com/dam-images/fit-in/360x360/Products/28052025_1748424768969_1748424773978_8710397571985_1.png",
    "available": true,
    "promoUntil": null
  },
  {
    "id": "69332POT",
    "title": "Grand'Italia Pastasaus Sugocasa Piccante 690 g",
    "category": "Conserven, soepen, sauzen, oliën",
    "price": 3.52,
    "promoPrice": null,
    "pricePerUnit": "5.1 kg",
    "image": "https://www.jumbo.com/dam-images/fit-in/360x360/Products/07112024_1730947224646_1730947234325_69332_POT_08000050016268_H1N1.png",
    "available": true,
    "promoUntil": null
  },
  {
    "id": "521433PAK",
    "title": "Indomie Noodles Mi Goreng Instant Fried 5 x 80 g",
    "category": "Conserven, soepen, sauzen, oliën",
    "price": 3.49,
    "promoPrice": null,
    "pricePerUnit": "8.73 kg",
    "image": "https://www.jumbo.com/dam-images/fit-in/360x360/Products/09082023_1691587087521_1691587111085_5285000390589_1.png",
    "available": true,
    "promoUntil": null
  },
  {
    "id": "515816PAK",
    "title": "Killerbody Snack Chocolate Brownie 3 Stuks",
    "category": "Ontbijt, broodbeleg en bakproducten",
    "price": 4.89,
    "promoPrice": 3.66,
    "pricePerUnit": "30.5 kg",
    "image": "https://www.jumbo.com/dam-images/fit-in/360x360/Products/26112023_1700973280561_1700973299322_515816_PAK_08719325551648_C1N1.png",
    "available": true,
    "promoUntil": "di 7 okt"
  },
  {
    "id": "576927CUP",
    "title": "Melkunie Milk Shake Vanille Smaak 200 ml",
    "category": "Zuivel, eieren, boter",
    "price": 1.29,
    "promoPrice": null,
    "pricePerUnit": "6.45 l",
    "image": "https://www.jumbo.com/dam-images/fit-in/360x360/Products/18062025_1750209109537_1750209127005_576927_CUP_08718166007246_C1N1.png",
    "available": true,
    "promoUntil": null
  },
  {
    "id": "213394POT",
    "title": "Jumbo Gurken Topf Zoetzuur 850 g",
    "category": "Conserven, soepen, sauzen, oliën",
    "price": 2.17,
    "promoPrice": null,
    "pricePerUnit": "2.55 kg",
    "image": "https://www.jumbo.com/dam-images/fit-in/360x360/Products/09082023_1691585024537_1691585039798_8718452329441_1.png",
    "available": true,
    "promoUntil": null
  },
  {
    "id": "683350POT",
    "title": "Ouwehand Sea You Fish Bites Zure Haring 515 g",
    "category": "Vlees, vis en vega",
    "price": 3.85,
    "promoPrice": null,
    "pricePerUnit": "12.83 kg",
    "image": "https://www.jumbo.com/dam-images/fit-in/360x360/Products/05062025_1749112366743_1749112377725_8710407011227_1.png",
    "available": true,
    "promoUntil": null
  },
  {
    "id": "635917KGR",
    "title": "Jumbo Kipschnitzel 2 Stuks",
    "category": "Vlees, vis en vega",
    "price": 5.13,
    "promoPrice": null,
    "pricePerUnit": "17.99 kg",
    "image": "https://www.jumbo.com/dam-images/fit-in/360x360/Products/10042025_1744281166313_1744281171800_2369196000000_1.png",
    "available": true,
    "promoUntil": null
  },
  {
    "id": "486575DSL",
    "title": "Alpro Mild & Creamy Zonder Suikers Variatie Op Yoghurt 4 x 755g",
    "category": "Zuivel, eieren, boter",
    "price": 11.96,
    "promoPrice": null,
    "pricePerUnit": "3.96 kg",
    "image": "https://www.jumbo.com/dam-images/fit-in/360x360/Products/486575DSL4packAlproMildCreamyNoSugarsb98db49d-c95c-493a-8adb-02c51eb62e9e-1692960584334.png",
    "available": true,
    "promoUntil": null
  },
  {
    "id": "681088STK",
    "title": "Jumbo Zalm Sandwich Plakken Houtgerookt 100G",
    "category": "Vlees, vis en vega",
    "price": 5.59,
    "promoPrice": null,
    "pricePerUnit": "55.9 kg",
    "image": "https://www.jumbo.com/dam-images/fit-in/360x360/Products/11032025_1741710794426_1741710799170_8718452721139_1.png",
    "available": true,
    "promoUntil": null
  },
  {
    "id": "420940DS",
    "title": "Pickwick Herbal Super Blends Immunity Kruidenthee",
    "category": "Koffie en thee",
    "price": 2.39,
    "promoPrice": null,
    "pricePerUnit": "0.16 pieces",
    "image": "https://www.jumbo.com/dam-images/fit-in/360x360/Products/25032024_1711381275756_1711381285917_8711000484302_1.png",
    "available": true,
    "promoUntil": null
  },
  {
    "id": "18793BLK",
    "title": "Del Monte Pruimen op Sap 410 g",
    "category": "Conserven, soepen, sauzen, oliën",
    "price": 2.65,
    "promoPrice": null,
    "pricePerUnit": "11.04 kg",
    "image": "https://www.jumbo.com/dam-images/fit-in/360x360/Products/12122024_1734014420623_1734014429246_24000199779_1.png",
    "available": true,
    "promoUntil": null
  },
  {
    "id": "429205POT",
    "title": "Jumbo Zoetzuur Rode Uienringen 340 g",
    "category": "Conserven, soepen, sauzen, oliën",
    "price": 1.49,
    "promoPrice": null,
    "pricePerUnit": "7.45 kg",
    "image": "https://www.jumbo.com/dam-images/fit-in/360x360/Products/09082023_1691588420638_1691588524326_8718452558940_1.png",
    "available": true,
    "promoUntil": null
  },
  {
    "id": "441217DS",
    "title": "Lipton Thee English breakfast",
    "category": "Koffie en thee",
    "price": 5.19,
    "promoPrice": null,
    "pricePerUnit": "0.1 pieces",
    "image": "https://www.jumbo.com/dam-images/fit-in/360x360/Products/11072025_1752197993064_1752197999810_441217_DS_05063270103586_C1N1.png",
    "available": true,
    "promoUntil": null
  },
  {
    "id": "40589NET",
    "title": "Jumbo Handsinaasappelen 2 kg",
    "category": "Aardappelen, groente en fruit",
    "price": 3.29,
    "promoPrice": null,
    "pricePerUnit": "1.65 kg",
    "image": "https://www.jumbo.com/dam-images/fit-in/360x360/Products/10082023_1691674955009_1691674996952_8711715881854_1.png",
    "available": true,
    "promoUntil": null
  },
  {
    "id": "574414BKR",
    "title": "Almhof 0% Vet Yoghurt Perzik Maracuja 500 g",
    "category": "Zuivel, eieren, boter",
    "price": 2.19,
    "promoPrice": null,
    "pricePerUnit": "4.38 kg",
    "image": "https://www.jumbo.com/dam-images/fit-in/360x360/Products/02122024_1733157236628_1733157244267_4025500114152_1.png",
    "available": true,
    "promoUntil": null
  },
  {
    "id": "84270POT",
    "title": "Hak Wijnzuurkool Bio 340 g",
    "category": "Conserven, soepen, sauzen, oliën",
    "price": 1.85,
    "promoPrice": null,
    "pricePerUnit": "5.97 kg",
    "image": "https://www.jumbo.com/dam-images/fit-in/360x360/Products/22032025_1742611575704_1742611584170_84270_POT_08720600609053_H1N1.png",
    "available": true,
    "promoUntil": null
  },
  {
    "id": "552359ZK",
    "title": "Jumbo Toiletpapier Zacht & Sterk 3 Laags 12 Rollen",
    "category": "Huishouden en dieren",
    "price": 3.9,
    "promoPrice": null,
    "pricePerUnit": "0.32 pieces",
    "image": "https://www.jumbo.com/dam-images/fit-in/360x360/Products/09082023_1691593165759_1691593181640_8718452717248_1.png",
    "available": true,
    "promoUntil": null
  },
  {
    "id": "639084TRA",
    "title": "Lezziz Kipgehakt 300 g",
    "category": "Vlees, vis en vega",
    "price": 3.75,
    "promoPrice": null,
    "pricePerUnit": "12.5 kg",
    "image": "https://www.jumbo.com/dam-images/fit-in/360x360/Products/15102024_1729002788288_1729002795207_8719189104028_1.png",
    "available": true,
    "promoUntil": null
  },
  {
    "id": "391688POT",
    "title": "Dr. Oetker Bakspray 125 ml",
    "category": "Ontbijt, broodbeleg en bakproducten",
    "price": 2.76,
    "promoPrice": null,
    "pricePerUnit": "28.75 kg",
    "image": "https://www.jumbo.com/dam-images/fit-in/360x360/Products/22062025_1750556919301_1750556924996_391688_POT_08710466302823_C1N1_s02.png",
    "available": true,
    "promoUntil": null
  },
  {
    "id": "52556FLS",
    "title": "Yildriz Turkse Knoflooksaus  265 ml",
    "category": "Conserven, soepen, sauzen, oliën",
    "price": 2.49,
    "promoPrice": null,
    "pricePerUnit": "9.4 l",
    "image": "https://www.jumbo.com/dam-images/fit-in/360x360/Products/06022025_1738809473935_1738809477280_52556_FLS_08717903964156_C1N1.png",
    "available": true,
    "promoUntil": null
  },
  {
    "id": "575431ZK",
    "title": "Unox Extra Rijkgevuld Soep In Zak Pittige Erwten 570 ml",
    "category": "Conserven, soepen, sauzen, oliën",
    "price": 4.69,
    "promoPrice": null,
    "pricePerUnit": "8.23 l",
    "image": "https://www.jumbo.com/dam-images/fit-in/360x360/Products/05062025_1749093305730_1749093335997_575431_ZK_08720182646286_H1N1.png",
    "available": true,
    "promoUntil": null
  },
  {
    "id": "443512POT",
    "title": "Kesbeke Amsterdamse Augurken Strips 495 g",
    "category": "Conserven, soepen, sauzen, oliën",
    "price": 1.81,
    "promoPrice": null,
    "pricePerUnit": "7.54 kg",
    "image": "https://www.jumbo.com/dam-images/fit-in/360x360/Products/31052024_1717121548798_1717121559955_443512_POT_08711271115899_C1N1.png",
    "available": true,
    "promoUntil": null
  },
  {
    "id": "156091PAK",
    "title": "Weltgold Panko Broodkruim 180 g",
    "category": "Ontbijt, broodbeleg en bakproducten",
    "price": 1.19,
    "promoPrice": null,
    "pricePerUnit": "6.61 kg",
    "image": "https://www.jumbo.com/dam-images/fit-in/360x360/Products/09082023_1691587556140_1691587564411_4008791011133_1.png",
    "available": true,
    "promoUntil": null
  },
  {
    "id": "70652POT",
    "title": "KleinsteSoepFabriek Linzensoep Biologisch 400 ml",
    "category": "Conserven, soepen, sauzen, oliën",
    "price": 4.99,
    "promoPrice": null,
    "pricePerUnit": "12.48 l",
    "image": "https://www.jumbo.com/dam-images/fit-in/360x360/Products/04062024_1717464313314_1717464328503_70652_POT_08718226971609_H1N1.png",
    "available": true,
    "promoUntil": null
  },
  {
    "id": "348745KRT",
    "title": "Heineken Premium Pilsener 0.0 Bier Fles 24 x 300ml Krat",
    "category": "Bier en wijn",
    "price": 19.99,
    "promoPrice": null,
    "pricePerUnit": "2.78 l",
    "image": "https://www.jumbo.com/dam-images/fit-in/360x360/Products/07012025_1736267693064_1736267697026_8712000056049_1.png",
    "available": true,
    "promoUntil": null
  },
  {
    "id": "681202KGR",
    "title": "Jumbo Pangasiusfilet Naturel ca. 495 g",
    "category": "Vlees, vis en vega",
    "price": 6.51,
    "promoPrice": null,
    "pricePerUnit": "13.15 kg",
    "image": "https://www.jumbo.com/dam-images/fit-in/360x360/Products/07022025_1738945990445_1738945996899_2369648000000_1.png",
    "available": true,
    "promoUntil": null
  },
  {
    "id": "31741BAK",
    "title": "Almhof Halfvolle Fruityoghurt Perzik 500 g",
    "category": "Zuivel, eieren, boter",
    "price": 2.39,
    "promoPrice": null,
    "pricePerUnit": "4.78 kg",
    "image": "https://www.jumbo.com/dam-images/fit-in/360x360/Products/20072025_1752973686122_1752973702726_31741_BAK_.png",
    "available": true,
    "promoUntil": null
  },
  {
    "id": "202948STK",
    "title": "Remia Salata Ranch Yoghurt Kruiden Dressing 250 ml",
    "category": "Conserven, soepen, sauzen, oliën",
    "price": 1.5,
    "promoPrice": null,
    "pricePerUnit": "6.0 l",
    "image": "https://www.jumbo.com/dam-images/fit-in/360x360/Products/13062024_1718247504962_1718247508601_202948_STK_08710448632689_C1N1.png",
    "available": true,
    "promoUntil": null
  },
  {
    "id": "687668ZK",
    "title": "Lay's Paprika Chips 300 gr",
    "category": "Koek, snoep, chocolade en chips",
    "price": 2.59,
    "promoPrice": null,
    "pricePerUnit": "8.63 kg",
    "image": "https://www.jumbo.com/dam-images/fit-in/360x360/Products/06062025_1749220368355_1749220373514_8710398532244_1.png",
    "available": true,
    "promoUntil": null
  },
  {
    "id": "269155POT",
    "title": "Jumbo Bouillon met Soepballen 340 ml",
    "category": "Conserven, soepen, sauzen, oliën",
    "price": 1.59,
    "promoPrice": null,
    "pricePerUnit": "4.68 l",
    "image": "https://www.jumbo.com/dam-images/fit-in/360x360/Products/09082023_1691585277306_1691585292660_8718452375547_1.png",
    "available": true,
    "promoUntil": null
  },
  {
    "id": "647862ROL",
    "title": "Jumbo Linzenwafels Sour Cream 122g",
    "category": "Ontbijt, broodbeleg en bakproducten",
    "price": 1.99,
    "promoPrice": null,
    "pricePerUnit": "16.31 kg",
    "image": "https://www.jumbo.com/dam-images/fit-in/360x360/Products/25102024_1729866970072_1729866977653_8718452856107_1.png",
    "available": true,
    "promoUntil": null
  },
  {
    "id": "652247FLS",
    "title": "Jumbo's Sriracha Saus 250ML",
    "category": "Conserven, soepen, sauzen, oliën",
    "price": 1.99,
    "promoPrice": null,
    "pricePerUnit": "7.96 l",
    "image": "https://www.jumbo.com/dam-images/fit-in/360x360/Products/11122024_1733927598137_1733927604200_8718452877843_1.png",
    "available": true,
    "promoUntil": null
  },
  {
    "id": "491317ZK",
    "title": "Il Molino Chiavazza Bloem 00\" van Zachte Tarwe 500 g\"",
    "category": "Ontbijt, broodbeleg en bakproducten",
    "price": 0.99,
    "promoPrice": null,
    "pricePerUnit": "1.98 kg",
    "image": "https://www.jumbo.com/dam-images/fit-in/360x360/Products/10082023_1691677209895_1691677221150_8009550007820_1.png",
    "available": true,
    "promoUntil": null
  },
  {
    "id": "446681DSL",
    "title": "SPA REINE Natuurlijk Mineraalwater 33cl",
    "category": "Frisdrank en sappen",
    "price": 13.78,
    "promoPrice": null,
    "pricePerUnit": "1.74 l",
    "image": "https://www.jumbo.com/dam-images/fit-in/360x360/Products/12122024_1734014726444_1734014730751_5410013128694_1.png",
    "available": true,
    "promoUntil": null
  },
  {
    "id": "579689KGR",
    "title": "Jumbo Kip Borrelhapjes  ca. 750 g",
    "category": "Vlees, vis en vega",
    "price": 6.07,
    "promoPrice": null,
    "pricePerUnit": "8.09 kg",
    "image": "https://www.jumbo.com/dam-images/fit-in/360x360/Products/14112024_1731576817351_1731576821914_2348945000000_1.png",
    "available": true,
    "promoUntil": null
  },
  {
    "id": "575273DS",
    "title": "Bolletje Proteïne Knäckebröd 22% Eiwit 4 x 4 Stuks 255 g",
    "category": "Ontbijt, broodbeleg en bakproducten",
    "price": 1.99,
    "promoPrice": null,
    "pricePerUnit": "8.84 kg",
    "image": "https://www.jumbo.com/dam-images/fit-in/360x360/Products/06012025_1736152387123_1736152401302_8710482534536_1.png",
    "available": true,
    "promoUntil": null
  },
  {
    "id": "577354BKR",
    "title": "Douwe Egberts Ice Macchiato IJskoffie 230 ml",
    "category": "Zuivel, eieren, boter",
    "price": 1.59,
    "promoPrice": 1.0,
    "pricePerUnit": "4.35 l",
    "image": "https://www.jumbo.com/dam-images/fit-in/360x360/Products/02042025_1743554014100_1743554023462_8711000870228_1.png",
    "available": true,
    "promoUntil": "di 30 sep"
  },
  {
    "id": "644468POT",
    "title": "Jumbo's Sinaasappel Marmelade 430 g",
    "category": "Ontbijt, broodbeleg en bakproducten",
    "price": 1.69,
    "promoPrice": null,
    "pricePerUnit": "3.93 kg",
    "image": "https://www.jumbo.com/dam-images/fit-in/360x360/Products/10122024_1733830368602_1733830381775_8718452811403_1.png",
    "available": true,
    "promoUntil": null
  },
  {
    "id": "586177FLS",
    "title": "D&L Classic Andalouse Saus Knijpfles 300ml",
    "category": "Conserven, soepen, sauzen, oliën",
    "price": 3.59,
    "promoPrice": null,
    "pricePerUnit": "11.97 l",
    "image": "https://www.jumbo.com/dam-images/fit-in/360x360/Products/192912TUB1be188a48-fc2c-490a-b3dd-05db9c197309-1695019884435.png",
    "available": true,
    "promoUntil": null
  },
  {
    "id": "154686FLS",
    "title": "RAAK Vruchtensiroop Frambozen Zero Sugar 0,75L",
    "category": "Frisdrank en sappen",
    "price": 3.49,
    "promoPrice": null,
    "pricePerUnit": "4.65 l",
    "image": "https://www.jumbo.com/dam-images/fit-in/360x360/Products/24022024_1708745382578_1708745388001_154686_FLS_00000087330991_C1N1.png",
    "available": true,
    "promoUntil": null
  },
  {
    "id": "572934FLS",
    "title": "Jumbo Sportdrank Isotonic Citroensmaak 500 ML",
    "category": "Frisdrank en sappen",
    "price": 0.69,
    "promoPrice": null,
    "pricePerUnit": "1.38 l",
    "image": "https://www.jumbo.com/dam-images/fit-in/360x360/Products/14022024_1707872893137_1707872899474_8718452712168_1.png",
    "available": true,
    "promoUntil": null
  },
  {
    "id": "434734TRL",
    "title": "AA-Drink Iso Lemon 0.5 liter fles",
    "category": "Frisdrank en sappen",
    "price": 15.39,
    "promoPrice": null,
    "pricePerUnit": "2.57 l",
    "image": "https://www.jumbo.com/dam-images/fit-in/360x360/Products/AAILtray12x05L1493900c5-0872-49b9-83f1-774833c6e004-1737624971215.png",
    "available": true,
    "promoUntil": null
  },
  {
    "id": "94328FLS",
    "title": "Cardini's The Original Caesar Dressing 350 ml",
    "category": "Conserven, soepen, sauzen, oliën",
    "price": 4.94,
    "promoPrice": null,
    "pricePerUnit": "14.11 kg",
    "image": "https://www.jumbo.com/dam-images/fit-in/360x360/Products/01072025_1751335539747_1751335564365_94328_FLS_00071475740012_C1N1.png",
    "available": true,
    "promoUntil": null
  },
  {
    "id": "154685FLS",
    "title": "RAAK Vruchtensiroop Multivruchten Zero Sugar 0,75 L",
    "category": "Frisdrank en sappen",
    "price": 3.49,
    "promoPrice": null,
    "pricePerUnit": "4.65 l",
    "image": "https://www.jumbo.com/dam-images/fit-in/360x360/Products/25052024_1716604574221_1716604580789_154685_FLS_00000087331004_C1N1.png",
    "available": true,
    "promoUntil": null
  },
  {
    "id": "199324BLK",
    "title": "John West Tonijnstukken in Olijfolie 145g",
    "category": "Conserven, soepen, sauzen, oliën",
    "price": 2.5,
    "promoPrice": null,
    "pricePerUnit": "24.51 kg",
    "image": "https://www.jumbo.com/dam-images/fit-in/360x360/Products/20122023_1703052173067_1703052177073_199324_BLK_05000171058119_A1N1.png",
    "available": true,
    "promoUntil": null
  },
  {
    "id": "580961PAK",
    "title": "Vifit drinkyoghurt bosvruchten 500 ml",
    "category": "Zuivel, eieren, boter",
    "price": 1.69,
    "promoPrice": null,
    "pricePerUnit": "3.38 l",
    "image": "https://www.jumbo.com/dam-images/fit-in/360x360/Products/03072025_1751508821881_1751508831722_580961_PAK_08712800090731_H1N1.png",
    "available": true,
    "promoUntil": null
  },
  {
    "id": "430619STK",
    "title": "Koopmans Allesbinder 200 g",
    "category": "Ontbijt, broodbeleg en bakproducten",
    "price": 1.49,
    "promoPrice": null,
    "pricePerUnit": "7.45 kg",
    "image": "https://www.jumbo.com/dam-images/fit-in/360x360/Products/17042025_1744858675897_1744858683101_430619_STK_08710466261625_C1N1_s02.png",
    "available": true,
    "promoUntil": null
  },
  {
    "id": "66697POT",
    "title": "Dr. Oetker Cupcake Vormpjes 50 Stuks",
    "category": "Ontbijt, broodbeleg en bakproducten",
    "price": 1.93,
    "promoPrice": null,
    "pricePerUnit": "0.04 pieces",
    "image": "https://www.jumbo.com/dam-images/fit-in/360x360/Products/17042025_1744851722908_1744851731132_66697_POT_08710466260123_C1N1_s02.png",
    "available": true,
    "promoUntil": null
  },
  {
    "id": "594244PAK",
    "title": "Actimel 0% Drinkyoghurt Naturel 8 x 100 ml",
    "category": "Zuivel, eieren, boter",
    "price": 4.99,
    "promoPrice": null,
    "pricePerUnit": "6.24 kg",
    "image": "https://www.jumbo.com/dam-images/fit-in/360x360/Products/20022025_1740022422812_1740022425626_594244_PAK_08713788124050_C1N1.png",
    "available": true,
    "promoUntil": null
  },
  {
    "id": "305328BLK",
    "title": "John West Wilde Rode Zalm 105g",
    "category": "Conserven, soepen, sauzen, oliën",
    "price": 3.63,
    "promoPrice": null,
    "pricePerUnit": "34.57 kg",
    "image": "https://www.jumbo.com/dam-images/fit-in/360x360/Products/16052025_1747358801857_1747358820997_305328_BLK_00000050171460_C1N1.png",
    "available": true,
    "promoUntil": null
  },
  {
    "id": "583975DS",
    "title": "Yogi Tea Biologisch Ginger Orange with Vanilla 17 Stuks 30,6 g",
    "category": "Koffie en thee",
    "price": 3.99,
    "promoPrice": null,
    "pricePerUnit": "0.23 pieces",
    "image": "https://www.jumbo.com/dam-images/fit-in/360x360/Products/14022024_1707873373967_1707873381841_4012824401747_1.png",
    "available": true,
    "promoUntil": null
  },
  {
    "id": "687717ZK",
    "title": "Lay's Naturel Chips 300 gr",
    "category": "Koek, snoep, chocolade en chips",
    "price": 2.59,
    "promoPrice": null,
    "pricePerUnit": "8.63 kg",
    "image": "https://www.jumbo.com/dam-images/fit-in/360x360/Products/29052025_1748514826883_1748514831550_8710398532268_1.png",
    "available": true,
    "promoUntil": null
  },
  {
    "id": "554726TRA",
    "title": "Jumbo Jong Belegen Kaas 48+ Plakken 190 g",
    "category": "Vleeswaren, kaas en tapas",
    "price": 3.09,
    "promoPrice": null,
    "pricePerUnit": "16.26 kg",
    "image": "https://www.jumbo.com/dam-images/fit-in/360x360/Products/14022024_1707872533455_1707872572857_8718452708956_1.png",
    "available": true,
    "promoUntil": null
  },
  {
    "id": "646913DS",
    "title": "BioToday Coconut Bar 3 x 40 g",
    "category": "Ontbijt, broodbeleg en bakproducten",
    "price": 3.95,
    "promoPrice": null,
    "pricePerUnit": "32.92 kg",
    "image": "https://www.jumbo.com/dam-images/fit-in/360x360/Products/06022025_1738870393958_1738870403872_8719153035143_1.png",
    "available": true,
    "promoUntil": null
  },
  {
    "id": "224984KRT",
    "title": "Grolsch - Citroen Radler - 0.0% Alcoholvrij - Krat - 24 x 300ML",
    "category": "Bier en wijn",
    "price": 21.36,
    "promoPrice": null,
    "pricePerUnit": "2.97 l",
    "image": "https://www.jumbo.com/dam-images/fit-in/360x360/Products/08716700030125H1N1e9756464-7dc2-4949-9c09-896d3750b242-1758097783477.png",
    "available": true,
    "promoUntil": null
  },
  {
    "id": "617678FLS",
    "title": "Oliehoorn Currysaus 270 ml",
    "category": "Conserven, soepen, sauzen, oliën",
    "price": 1.99,
    "promoPrice": null,
    "pricePerUnit": "7.37 l",
    "image": "https://www.jumbo.com/dam-images/fit-in/360x360/Products/12122024_1734014664754_1734014670910_8713277133129_1.png",
    "available": true,
    "promoUntil": null
  },
  {
    "id": "160620DS",
    "title": "Venz XXL hagelslag wit 380 g",
    "category": "Ontbijt, broodbeleg en bakproducten",
    "price": 3.75,
    "promoPrice": null,
    "pricePerUnit": "9.87 kg",
    "image": "https://www.jumbo.com/dam-images/fit-in/360x360/Products/09082024_1723167211436_1723167219836_160620_DS_08710391937381_H1N1.png",
    "available": true,
    "promoUntil": null
  },
  {
    "id": "302277POT",
    "title": "Jumbo Extra Fijn Doperwten 180 g",
    "category": "Conserven, soepen, sauzen, oliën",
    "price": 0.69,
    "promoPrice": null,
    "pricePerUnit": "5.52 kg",
    "image": "https://www.jumbo.com/dam-images/fit-in/360x360/Products/04072025_1751617975082_1751617983919_8718452423101_1.png",
    "available": true,
    "promoUntil": null
  },
  {
    "id": "71495BLK",
    "title": "Bonduelle Cannellini Bonen 310g",
    "category": "Conserven, soepen, sauzen, oliën",
    "price": 2.29,
    "promoPrice": null,
    "pricePerUnit": "9.16 kg",
    "image": "https://www.jumbo.com/dam-images/fit-in/360x360/Products/19012024_1705667656521_1705667662815_3083681003901_1.png",
    "available": true,
    "promoUntil": null
  },
  {
    "id": "563529BAK",
    "title": "Wijko Satésaus Kant en Klaar 120 g",
    "category": "Conserven, soepen, sauzen, oliën",
    "price": 1.59,
    "promoPrice": null,
    "pricePerUnit": "13.25 kg",
    "image": "https://www.jumbo.com/dam-images/fit-in/360x360/Products/20122024_1734671694316_1734671701035_563529_BAK_08718053070797_H1N1.png",
    "available": true,
    "promoUntil": null
  },
  {
    "id": "428615PAK",
    "title": "Fanta Orange Frisdrank 4 x 1,5 L",
    "category": "Frisdrank en sappen",
    "price": 11.4,
    "promoPrice": null,
    "pricePerUnit": "1.9 l",
    "image": "https://www.jumbo.com/dam-images/fit-in/360x360/Products/20032025_1742439940951_1742439949574_428615_PAK_05000112646139_H1N1.png",
    "available": true,
    "promoUntil": null
  },
  {
    "id": "157689KGR",
    "title": "Jumbo Schnitzel Ongepaneerd Varkensvlees 2 Stuks",
    "category": "Vlees, vis en vega",
    "price": 3.82,
    "promoPrice": null,
    "pricePerUnit": "13.16 kg",
    "image": "https://www.jumbo.com/dam-images/fit-in/360x360/Products/13112024_1731497558487_1731497570375_2353167000000_1.png",
    "available": true,
    "promoUntil": null
  },
  {
    "id": "636898BAK",
    "title": "Jumbo Gebraden Gehaktbal  met Ui 2 Stuks",
    "category": "Vlees, vis en vega",
    "price": 2.99,
    "promoPrice": null,
    "pricePerUnit": "14.95 kg",
    "image": "https://www.jumbo.com/dam-images/fit-in/360x360/Products/21032025_1742571169072_1742571176563_8718452362004_1.png",
    "available": true,
    "promoUntil": null
  },
  {
    "id": "178454STK",
    "title": "Maggi Ham Kaas Saus 39 g",
    "category": "Conserven, soepen, sauzen, oliën",
    "price": 1.18,
    "promoPrice": null,
    "pricePerUnit": "30.26 kg",
    "image": "https://www.jumbo.com/dam-images/fit-in/360x360/Products/24072025_1753325257248_1753325301719_178454_STK_07613035752245_H1N1_s01.png",
    "available": true,
    "promoUntil": null
  },
  {
    "id": "681086STK",
    "title": "Jumbo Zalmsnippers 150 g",
    "category": "Vlees, vis en vega",
    "price": 5.45,
    "promoPrice": null,
    "pricePerUnit": "36.33 kg",
    "image": "https://www.jumbo.com/dam-images/fit-in/360x360/Products/14022024_1707872796609_1707872804891_8718452745043_1.png",
    "available": true,
    "promoUntil": null
  },
  {
    "id": "169209STK",
    "title": "Jumbo Witlof - 2-3 Personen - 500g",
    "category": "Aardappelen, groente en fruit",
    "price": 1.99,
    "promoPrice": 1.49,
    "pricePerUnit": "2.98 kg",
    "image": "https://www.jumbo.com/dam-images/fit-in/360x360/Products/12052025_1747053186971_1747053193159_8718452456840_1.png",
    "available": true,
    "promoUntil": "di 30 sep"
  },
  {
    "id": "551540ZK",
    "title": "Jumbo Zacht & Sterk Toiletpapier 2-Laags 24 Stuks",
    "category": "Huishouden en dieren",
    "price": 6.49,
    "promoPrice": null,
    "pricePerUnit": "0.27 pieces",
    "image": "https://www.jumbo.com/dam-images/fit-in/360x360/Products/09082023_1691593426401_1691593434792_8718452707584_1.png",
    "available": true,
    "promoUntil": null
  },
  {
    "id": "646525ZK",
    "title": "Jumbo's Dark Roast Brasil Zoetig & Rijk 1 kg",
    "category": "Koffie en thee",
    "price": 21.49,
    "promoPrice": null,
    "pricePerUnit": "21.49 kg",
    "image": "https://www.jumbo.com/dam-images/fit-in/360x360/Products/12122024_1734003202297_1734003207468_8718452850174_1.png",
    "available": true,
    "promoUntil": null
  },
  {
    "id": "232883STK",
    "title": "illy Espresso Forte Koffiecups 10 Stuks",
    "category": "Koffie en thee",
    "price": 5.49,
    "promoPrice": null,
    "pricePerUnit": "0.55 pieces",
    "image": "https://www.jumbo.com/dam-images/fit-in/360x360/Products/09082023_1691588123272_1691588170506_8003753158587_1.png",
    "available": true,
    "promoUntil": null
  },
  {
    "id": "302249STK",
    "title": "Jumbo Bloemkool",
    "category": "Aardappelen, groente en fruit",
    "price": 1.75,
    "promoPrice": null,
    "pricePerUnit": "1.75 pieces",
    "image": "https://www.jumbo.com/dam-images/fit-in/360x360/Products/12122024_1734014380396_1734014385659_25003697_1.png",
    "available": true,
    "promoUntil": null
  },
  {
    "id": "550958PAK",
    "title": "SPA REINE Natuurlijk Mineraalwater 6 x 1,5L",
    "category": "Frisdrank en sappen",
    "price": 6.59,
    "promoPrice": null,
    "pricePerUnit": "0.73 l",
    "image": "https://www.jumbo.com/dam-images/fit-in/360x360/Products/12122024_1734017699422_1734017705026_5410013129684_1.png",
    "available": true,
    "promoUntil": null
  },
  {
    "id": "673354DS",
    "title": "De Vegetarische Slager Little Willies Vegan 160 g",
    "category": "Vlees, vis en vega",
    "price": 4.29,
    "promoPrice": null,
    "pricePerUnit": "26.81 kg",
    "image": "https://www.jumbo.com/dam-images/fit-in/360x360/Products/19092025_1758292430333_1758292441458_8721201932342_1.png",
    "available": true,
    "promoUntil": null
  },
  {
    "id": "644466POT",
    "title": "Jumbo's Extra Jam Gember 430 g",
    "category": "Ontbijt, broodbeleg en bakproducten",
    "price": 1.69,
    "promoPrice": null,
    "pricePerUnit": "3.93 kg",
    "image": "https://www.jumbo.com/dam-images/fit-in/360x360/Products/10122024_1733830368234_1733830381356_8718452811397_1.png",
    "available": true,
    "promoUntil": null
  },
  {
    "id": "647650POT",
    "title": "Jumbo Taart & Vlaaifruit Aardbeien 560 g",
    "category": "Ontbijt, broodbeleg en bakproducten",
    "price": 2.79,
    "promoPrice": null,
    "pricePerUnit": "4.98 kg",
    "image": "https://www.jumbo.com/dam-images/fit-in/360x360/Products/14022025_1739547167527_1739547173979_8718452811595_1.png",
    "available": true,
    "promoUntil": null
  },
  {
    "id": "154530ZK",
    "title": "Mars Minimix chocolade repen uitdeelzak 500g",
    "category": "Koek, snoep, chocolade en chips",
    "price": 6.49,
    "promoPrice": null,
    "pricePerUnit": "12.98 kg",
    "image": "https://www.jumbo.com/dam-images/fit-in/360x360/Products/25062025_1750813964321_1750813974658_154530_ZK_05000159301022_H1N1.png",
    "available": true,
    "promoUntil": null
  },
  {
    "id": "617226TRA",
    "title": "Pitt Bier - Pils - Tray - 24 x 500ML",
    "category": "Bier en wijn",
    "price": 15.85,
    "promoPrice": null,
    "pricePerUnit": "1.32 l",
    "image": "https://www.jumbo.com/dam-images/fit-in/360x360/Products/161049TRA1d75f8539-80c7-4ff4-be39-9b8c1575b2c3-1709823622647.png",
    "available": true,
    "promoUntil": null
  },
  {
    "id": "617356POT",
    "title": "Duo Penotti Hazelnoot & Karamel 350 g",
    "category": "Ontbijt, broodbeleg en bakproducten",
    "price": 3.0,
    "promoPrice": null,
    "pricePerUnit": "8.57 kg",
    "image": "https://www.jumbo.com/dam-images/fit-in/360x360/Products/08092025_1757289628882_1757289634659_87172782_1.png",
    "available": true,
    "promoUntil": null
  },
  {
    "id": "376388BLK",
    "title": "Del Monte Halve Perziken op Lichte Siroop 825 g",
    "category": "Conserven, soepen, sauzen, oliën",
    "price": 3.26,
    "promoPrice": null,
    "pricePerUnit": "6.94 kg",
    "image": "https://www.jumbo.com/dam-images/fit-in/360x360/Products/12122024_1734014422418_1734014434467_24000010418_1.png",
    "available": true,
    "promoUntil": null
  },
  {
    "id": "677591ZK",
    "title": "Jumbo Biologisch Romige Pompoensoep 570ML",
    "category": "Conserven, soepen, sauzen, oliën",
    "price": 2.69,
    "promoPrice": null,
    "pricePerUnit": "4.72 l",
    "image": "https://www.jumbo.com/dam-images/fit-in/360x360/Products/08052025_1746714770909_1746714790730_8718452845712_596.png",
    "available": true,
    "promoUntil": null
  },
  {
    "id": "430702STK",
    "title": "Jumbo - Boeren Wit Tarwe Maïs - Knapperig en Vers",
    "category": "Brood en gebak",
    "price": 2.0,
    "promoPrice": null,
    "pricePerUnit": "2.0 pieces",
    "image": "https://www.jumbo.com/dam-images/fit-in/360x360/Products/25042025_1745588008354_1745588019199_8718452771851_2.png",
    "available": true,
    "promoUntil": null
  },
  {
    "id": "560399ZK",
    "title": "Lay's Party Mix Chips 15 uitdeelzakjes 3 smaken",
    "category": "Koek, snoep, chocolade en chips",
    "price": 4.99,
    "promoPrice": null,
    "pricePerUnit": "12.11 kg",
    "image": "https://www.jumbo.com/dam-images/fit-in/360x360/Products/28112024_1732804416089_1732804420695_8710398528094_1.png",
    "available": true,
    "promoUntil": null
  },
  {
    "id": "300143STK",
    "title": "Jumbo - Rond Bruin",
    "category": "Brood en gebak",
    "price": 1.66,
    "promoPrice": null,
    "pricePerUnit": "2.08 kg",
    "image": "https://www.jumbo.com/dam-images/fit-in/360x360/Products/22042024_1713800058231_1713800062787_8718452639366_1.png",
    "available": true,
    "promoUntil": null
  },
  {
    "id": "608653PAK",
    "title": "Wahid Kipfilet 125 g",
    "category": "Vleeswaren, kaas en tapas",
    "price": 2.36,
    "promoPrice": null,
    "pricePerUnit": "18.88 kg",
    "image": "https://www.jumbo.com/dam-images/fit-in/360x360/Products/28032025_1743157976325_1743157983834_8716221098284_1.png",
    "available": true,
    "promoUntil": null
  },
  {
    "id": "669931DSL",
    "title": "Ariel vloeibaar wasmiddel Unstoppable 4 x 20 wasbeurten",
    "category": "Huishouden en dieren",
    "price": 63.96,
    "promoPrice": 44.77,
    "pricePerUnit": "0.8 wb",
    "image": "https://www.jumbo.com/dam-images/fit-in/360x360/Products/669931DSL0e255844-9163-433a-a161-02d5603c0e8c-1745830036997.png",
    "available": true,
    "promoUntil": "di 7 okt"
  },
  {
    "id": "681490KGR",
    "title": "Jumbo Makreelstripes Naturel ca. 200 g",
    "category": "Vlees, vis en vega",
    "price": 6.39,
    "promoPrice": null,
    "pricePerUnit": "31.95 kg",
    "image": "https://www.jumbo.com/dam-images/fit-in/360x360/Products/07112023_1699374964262_1699374973176_2348956000000_1.png",
    "available": true,
    "promoUntil": null
  },
  {
    "id": "610577CUP",
    "title": "Jumbo Verse Slagroom 125ML",
    "category": "Zuivel, eieren, boter",
    "price": 1.39,
    "promoPrice": null,
    "pricePerUnit": "11.12 kg",
    "image": "https://www.jumbo.com/dam-images/fit-in/360x360/Products/26042024_1714145596632_1714145616251_8718452797295_596.png",
    "available": true,
    "promoUntil": null
  },
  {
    "id": "217240TUB",
    "title": "Conimex Pinda Satésaus Javaanse 292 g",
    "category": "Conserven, soepen, sauzen, oliën",
    "price": 3.95,
    "promoPrice": null,
    "pricePerUnit": "13.53 kg",
    "image": "https://www.jumbo.com/dam-images/fit-in/360x360/Products/29042025_1745891836041_1745891866724_217240_TUB_08711200401901_C1N1.png",
    "available": true,
    "promoUntil": null
  },
  {
    "id": "408947PAK",
    "title": "Fristi Rood Fruit 1,5 L",
    "category": "Zuivel, eieren, boter",
    "price": 2.99,
    "promoPrice": null,
    "pricePerUnit": "1.99 l",
    "image": "https://www.jumbo.com/dam-images/fit-in/360x360/Products/19032025_1742354968501_1742354971153_408947_PAK_08712800148593_C1N1.png",
    "available": true,
    "promoUntil": null
  },
  {
    "id": "685751KGR",
    "title": "Jumbo Sparerib Smokey BBQ Varken ca. 730 g",
    "category": "Vlees, vis en vega",
    "price": 9.93,
    "promoPrice": null,
    "pricePerUnit": "12.9 kg",
    "image": "https://www.jumbo.com/dam-images/fit-in/360x360/Products/30012025_1738254790290_1738254796192_2336127000000_1.png",
    "available": true,
    "promoUntil": null
  },
  {
    "id": "629680PAK",
    "title": "Jumbo Cola Regular 6 x 1,5 L",
    "category": "Frisdrank en sappen",
    "price": 4.79,
    "promoPrice": null,
    "pricePerUnit": "0.53 l",
    "image": "https://www.jumbo.com/dam-images/fit-in/360x360/Products/10092024_1725982458778_1725982470603_8718452829583_596.png",
    "available": true,
    "promoUntil": null
  },
  {
    "id": "340439BLK",
    "title": "Aldelis Kipfilet Naturel 155 g",
    "category": "Conserven, soepen, sauzen, oliën",
    "price": 1.79,
    "promoPrice": null,
    "pricePerUnit": "17.9 kg",
    "image": "https://www.jumbo.com/dam-images/fit-in/360x360/Products/09082023_1691586714509_1691586724748_8436000462593_1.png",
    "available": true,
    "promoUntil": null
  },
  {
    "id": "211728STK",
    "title": "Jumbo Roerbakmix Italiaans 400 g",
    "category": "Aardappelen, groente en fruit",
    "price": 2.19,
    "promoPrice": null,
    "pricePerUnit": "5.48 kg",
    "image": "https://www.jumbo.com/dam-images/fit-in/360x360/Products/10062024_1718033711837_1718033722088_8718452785452_1.png",
    "available": true,
    "promoUntil": null
  },
  {
    "id": "87590FLS",
    "title": "Calvé Saus Samba 320 ml",
    "category": "Conserven, soepen, sauzen, oliën",
    "price": 2.19,
    "promoPrice": null,
    "pricePerUnit": "6.84 l",
    "image": "https://www.jumbo.com/dam-images/fit-in/360x360/Products/23092025_1758593898515_1758593926563_87590_FLS_08720182755698_C1N1.png",
    "available": true,
    "promoUntil": null
  },
  {
    "id": "235563FLS",
    "title": "Tabasco Rode Pepersaus 60 ml",
    "category": "Conserven, soepen, sauzen, oliën",
    "price": 2.99,
    "promoPrice": null,
    "pricePerUnit": "49.83 l",
    "image": "https://www.jumbo.com/dam-images/fit-in/360x360/Products/12122024_1734014722503_1734014725949_11210115231_1.png",
    "available": true,
    "promoUntil": null
  },
  {
    "id": "673217DS",
    "title": "Nescafé KitKat mocha 7 stuks",
    "category": "Koffie en thee",
    "price": 3.59,
    "promoPrice": null,
    "pricePerUnit": "0.51 pieces",
    "image": "https://www.jumbo.com/dam-images/fit-in/360x360/Products/13042025_1744506014087_1744506024408_673217_DS_08445291484610_C1N1_s01.png",
    "available": true,
    "promoUntil": null
  },
  {
    "id": "709460STK",
    "title": "Rio Mare Tonijnmoot in Olijfolie MSC 3 x 65 g",
    "category": "Conserven, soepen, sauzen, oliën",
    "price": 6.43,
    "promoPrice": null,
    "pricePerUnit": "32.97 kg",
    "image": "https://www.jumbo.com/dam-images/fit-in/360x360/Products/16082025_1755308340285_1755308348377_709460_STK_08004030106192_C1N1.png",
    "available": true,
    "promoUntil": null
  },
  {
    "id": "557639DS",
    "title": "Special K Original 335 g",
    "category": "Ontbijt, broodbeleg en bakproducten",
    "price": 3.75,
    "promoPrice": null,
    "pricePerUnit": "11.19 kg",
    "image": "https://www.jumbo.com/dam-images/fit-in/360x360/Products/11082025_1754912035382_1754912040334_5059319024257_1.png",
    "available": true,
    "promoUntil": null
  },
  {
    "id": "540968BLK",
    "title": "Fristi Rood Fruit 250 ml",
    "category": "Zuivel, eieren, boter",
    "price": 1.35,
    "promoPrice": null,
    "pricePerUnit": "5.4 l",
    "image": "https://www.jumbo.com/dam-images/fit-in/360x360/Products/08102024_1728387251296_1728387254209_8712800196457_1.png",
    "available": true,
    "promoUntil": null
  },
  {
    "id": "586384POT",
    "title": "D&L Cocktailsaus 300ml",
    "category": "Conserven, soepen, sauzen, oliën",
    "price": 2.69,
    "promoPrice": null,
    "pricePerUnit": "8.97 l",
    "image": "https://www.jumbo.com/dam-images/fit-in/360x360/Products/30082023_1693402059443_1693402062005_586384_POT_05410056181076_C1N1.png",
    "available": true,
    "promoUntil": null
  },
  {
    "id": "538728TRL",
    "title": "Red Bull Energy Drink Tray - 24 x 250ml",
    "category": "Frisdrank en sappen",
    "price": 34.95,
    "promoPrice": null,
    "pricePerUnit": "5.83 l",
    "image": "https://www.jumbo.com/dam-images/fit-in/360x360/Products/06052024_1714991590256_1714991595824_9002490259143_1.png",
    "available": true,
    "promoUntil": null
  },
  {
    "id": "215801STK",
    "title": "MAGGI Opkikker Drinkbouillon Rundvlees 7 x 3,3 g",
    "category": "Conserven, soepen, sauzen, oliën",
    "price": 1.49,
    "promoPrice": null,
    "pricePerUnit": "57.31 kg",
    "image": "https://www.jumbo.com/dam-images/fit-in/360x360/Products/05042025_1743820905148_1743820910600_215801_STK_.png",
    "available": true,
    "promoUntil": null
  },
  {
    "id": "197645STK",
    "title": "Bertolli Bakolijfolie mild ",
    "category": "Conserven, soepen, sauzen, oliën",
    "price": 8.9,
    "promoPrice": null,
    "pricePerUnit": "17.8 l",
    "image": "https://www.jumbo.com/dam-images/fit-in/360x360/Products/16092025_1758026014792_1758026021508_8002470032347_596.png",
    "available": true,
    "promoUntil": null
  },
  {
    "id": "443511POT",
    "title": "Kesbeke Amsterdamse Augurken Blokjes 495 g",
    "category": "Conserven, soepen, sauzen, oliën",
    "price": 2.33,
    "promoPrice": null,
    "pricePerUnit": "9.71 kg",
    "image": "https://www.jumbo.com/dam-images/fit-in/360x360/Products/14022024_1707872753867_1707872764810_8711271115875_1.png",
    "available": true,
    "promoUntil": null
  },
  {
    "id": "680584FLS",
    "title": "Starbucks Protein Drink with Coffee Chocolate Mocha Flavour 330 ml",
    "category": "Zuivel, eieren, boter",
    "price": 2.69,
    "promoPrice": null,
    "pricePerUnit": "8.15 l",
    "image": "https://www.jumbo.com/dam-images/fit-in/360x360/Products/29072025_1753774431342_1753774435261_5711953194085_1.png",
    "available": true,
    "promoUntil": null
  },
  {
    "id": "707182DS",
    "title": "Lipton Yellow Label Classico 50 Stuks",
    "category": "Koffie en thee",
    "price": 3.99,
    "promoPrice": null,
    "pricePerUnit": "0.08 pieces",
    "image": "https://www.jumbo.com/dam-images/fit-in/360x360/Products/11072025_1752198219524_1752198224987_707182_DS_08720608008209_C1N1.png",
    "available": true,
    "promoUntil": null
  },
  {
    "id": "359748POT",
    "title": "Наk Kikkererwten 360 g",
    "category": "Conserven, soepen, sauzen, oliën",
    "price": 1.98,
    "promoPrice": null,
    "pricePerUnit": "5.5 kg",
    "image": "https://www.jumbo.com/dam-images/fit-in/360x360/Products/09082023_1691591026367_1691591045349_8720600615245_1.png",
    "available": true,
    "promoUntil": null
  },
  {
    "id": "53992BLK",
    "title": "Bonduelle Crispy Maïs Bio 300 g",
    "category": "Conserven, soepen, sauzen, oliën",
    "price": 2.99,
    "promoPrice": null,
    "pricePerUnit": "10.49 kg",
    "image": "https://www.jumbo.com/dam-images/fit-in/360x360/Products/05062025_1749092358137_1749092368750_53992_BLK_03083681002393_H1N1.png",
    "available": true,
    "promoUntil": null
  },
  {
    "id": "361166POT",
    "title": "Bonne Maman Pruimen Confiture 370 g",
    "category": "Ontbijt, broodbeleg en bakproducten",
    "price": 2.5,
    "promoPrice": null,
    "pricePerUnit": "6.76 kg",
    "image": "https://www.jumbo.com/dam-images/fit-in/360x360/Products/10082023_1691678359804_1691678367684_3045320082616_1.png",
    "available": true,
    "promoUntil": null
  },
  {
    "id": "386233DS",
    "title": "Ravensbergen Muesli+ Hazelnut 8 x 23 g",
    "category": "Koek, snoep, chocolade en chips",
    "price": 1.29,
    "promoPrice": null,
    "pricePerUnit": "7.01 kg",
    "image": "https://www.jumbo.com/dam-images/fit-in/360x360/Products/09082023_1691587250241_1691587263953_8721300870125_1.png",
    "available": true,
    "promoUntil": null
  },
  {
    "id": "577147ZK",
    "title": "Hak Indiaas Gekruid Linzen Curryschotel 550g",
    "category": "Conserven, soepen, sauzen, oliën",
    "price": 2.99,
    "promoPrice": null,
    "pricePerUnit": "5.44 kg",
    "image": "https://www.jumbo.com/dam-images/fit-in/360x360/Products/21062025_1750472312510_1750472350803_577147_ZK_08720600616341_H1N1_s01.png",
    "available": true,
    "promoUntil": null
  },
  {
    "id": "517300BLK",
    "title": "Unox Knakworsten Kip Party Knaks 400 g",
    "category": "Conserven, soepen, sauzen, oliën",
    "price": 4.64,
    "promoPrice": null,
    "pricePerUnit": "23.2 kg",
    "image": "https://www.jumbo.com/dam-images/fit-in/360x360/Products/26052025_1748225665874_1748225699244_517300_BLK_08720182327918_H1N1.png",
    "available": true,
    "promoUntil": null
  },
  {
    "id": "158761FLS",
    "title": "Hero Tova Aardbeien Dessertsaus 125 ml",
    "category": "Ontbijt, broodbeleg en bakproducten",
    "price": 2.37,
    "promoPrice": null,
    "pricePerUnit": "18.96 l",
    "image": "https://www.jumbo.com/dam-images/fit-in/360x360/Products/12122024_1734014799658_1734014803773_87135053_1.png",
    "available": true,
    "promoUntil": null
  },
  {
    "id": "585914PAK",
    "title": "Fanta Orange zero sugar 24 x 330 ml",
    "category": "Frisdrank en sappen",
    "price": 18.69,
    "promoPrice": null,
    "pricePerUnit": "2.36 l",
    "image": "https://www.jumbo.com/dam-images/fit-in/360x360/Products/07022024_1707267604380_1707267608053_5000112659603_1.png",
    "available": true,
    "promoUntil": null
  },
  {
    "id": "93001PAK",
    "title": "Jumbo Volle Koffiemelk Cups 10 Stuks",
    "category": "Zuivel, eieren, boter",
    "price": 0.38,
    "promoPrice": null,
    "pricePerUnit": "5.35 l",
    "image": "https://www.jumbo.com/dam-images/fit-in/360x360/Products/29092023_1695995420340_1695995422513_8718452461424_1.png",
    "available": true,
    "promoUntil": null
  },
  {
    "id": "208825STK",
    "title": "Jumbo Gebroken Sperziebonen 200 g",
    "category": "Conserven, soepen, sauzen, oliën",
    "price": 0.99,
    "promoPrice": null,
    "pricePerUnit": "9.0 kg",
    "image": "https://www.jumbo.com/dam-images/fit-in/360x360/Products/08052024_1715182452411_1715182461533_8718452764525_1.png",
    "available": true,
    "promoUntil": null
  },
  {
    "id": "45946STK",
    "title": "Jumbo Galia Meloen",
    "category": "Aardappelen, groente en fruit",
    "price": 2.29,
    "promoPrice": null,
    "pricePerUnit": "2.29 pieces",
    "image": "https://www.jumbo.com/dam-images/fit-in/360x360/Products/12122024_1734014360978_1734014365951_25003710_1.png",
    "available": true,
    "promoUntil": null
  },
  {
    "id": "541987DSL",
    "title": "Bar‑le‑Duc Natuurlijk Mineraalwater Zonder Koolzuur  6 x 2 L ",
    "category": "Frisdrank en sappen",
    "price": 5.59,
    "promoPrice": null,
    "pricePerUnit": "0.47 l",
    "image": "https://www.jumbo.com/dam-images/fit-in/360x360/Products/08722200964525H1N142436907-9217-4d22-bafe-e4860f466ebd-1748868653896.png",
    "available": true,
    "promoUntil": null
  },
  {
    "id": "622410ZK",
    "title": "Jumbo Macaroni/Spaghetti Groente 450 g",
    "category": "Aardappelen, groente en fruit",
    "price": 1.79,
    "promoPrice": null,
    "pricePerUnit": "3.98 kg",
    "image": "https://www.jumbo.com/dam-images/fit-in/360x360/Products/12062024_1718202884728_1718202895875_8718452818273_1.png",
    "available": true,
    "promoUntil": null
  },
  {
    "id": "478561POT",
    "title": "Penotti Uno Wit-Blanc met Geroosterde Amandelen 380 g",
    "category": "Ontbijt, broodbeleg en bakproducten",
    "price": 3.0,
    "promoPrice": null,
    "pricePerUnit": "7.89 kg",
    "image": "https://www.jumbo.com/dam-images/fit-in/360x360/Products/16052025_1747359180825_1747359188900_478561_POT_08717200010860_C1N1.png",
    "available": true,
    "promoUntil": null
  },
  {
    "id": "696126STK",
    "title": "Jumbo Vegetarische Kipstukjes Naturel 200 g",
    "category": "Vlees, vis en vega",
    "price": 2.49,
    "promoPrice": null,
    "pricePerUnit": "12.45 kg",
    "image": "https://www.jumbo.com/dam-images/fit-in/360x360/Products/09042025_1744212808659_1744212817044_8718452903429_1.png",
    "available": true,
    "promoUntil": null
  },
  {
    "id": "666599BKR",
    "title": "Almhof Halfvolle Fruityoghurt Aardbei 500 g",
    "category": "Zuivel, eieren, boter",
    "price": 2.19,
    "promoPrice": null,
    "pricePerUnit": "4.38 kg",
    "image": "https://www.jumbo.com/dam-images/fit-in/360x360/Products/06092024_1725607995737_1725608001446_8710477302409_1.png",
    "available": true,
    "promoUntil": null
  },
  {
    "id": "611782TRA",
    "title": "Schouderham 175 g",
    "category": "Vleeswaren, kaas en tapas",
    "price": 1.74,
    "promoPrice": null,
    "pricePerUnit": "9.94 kg",
    "image": "https://www.jumbo.com/dam-images/fit-in/360x360/Products/12122024_1734021199736_1734021205541_8710939006456_1.png",
    "available": true,
    "promoUntil": null
  },
  {
    "id": "528297KRT",
    "title": "Jumbo Premium Dors Pilsener Flessen 24 x 300ML",
    "category": "Bier en wijn",
    "price": 7.99,
    "promoPrice": null,
    "pricePerUnit": "1.11 l",
    "image": "https://www.jumbo.com/dam-images/fit-in/360x360/Products/14022024_1707873315852_1707873329975_8718452692743_2.png",
    "available": true,
    "promoUntil": null
  },
  {
    "id": "464835POT",
    "title": "BioToday Amandel-Cashewnotenpasta 170 g",
    "category": "Ontbijt, broodbeleg en bakproducten",
    "price": 5.69,
    "promoPrice": null,
    "pricePerUnit": "33.47 kg",
    "image": "https://www.jumbo.com/dam-images/fit-in/360x360/Products/05092025_1757057568088_1757057577335_8719153032463_1.png",
    "available": true,
    "promoUntil": null
  },
  {
    "id": "668876POT",
    "title": "Jumbo's 100% Biologische Pindakaas met Stukjes Pinda 350 g",
    "category": "Ontbijt, broodbeleg en bakproducten",
    "price": 2.96,
    "promoPrice": null,
    "pricePerUnit": "8.46 kg",
    "image": "https://www.jumbo.com/dam-images/fit-in/360x360/Products/14022025_1739547167843_1739547175297_8718452861361_1.png",
    "available": true,
    "promoUntil": null
  },
  {
    "id": "445330STK",
    "title": "Jumbo - Bruine Bollen - 12 Stuks",
    "category": "Brood en gebak",
    "price": 2.27,
    "promoPrice": null,
    "pricePerUnit": "0.19 pieces",
    "image": "https://www.jumbo.com/dam-images/fit-in/360x360/Products/23062025_1750689186290_1750689191634_8718452815371_1.png",
    "available": true,
    "promoUntil": null
  },
  {
    "id": "576925BUS",
    "title": "Melkunie Milk Shake Aardbei Smaak 200 ml",
    "category": "Zuivel, eieren, boter",
    "price": 1.29,
    "promoPrice": null,
    "pricePerUnit": "6.45 l",
    "image": "https://www.jumbo.com/dam-images/fit-in/360x360/Products/12052025_1747038796428_1747038800439_8718166007215_1.png",
    "available": true,
    "promoUntil": null
  },
  {
    "id": "300142STK",
    "title": "Jumbo - Boeren Tijgerbrood Bruin",
    "category": "Brood en gebak",
    "price": 1.24,
    "promoPrice": null,
    "pricePerUnit": "1.55 kg",
    "image": "https://www.jumbo.com/dam-images/fit-in/360x360/Products/24032025_1742833966913_1742833970926_8718452639359_1.png",
    "available": true,
    "promoUntil": null
  },
  {
    "id": "414764DS",
    "title": "De Ruijter Hagelslag Mix Puur en Vanille 390 g",
    "category": "Ontbijt, broodbeleg en bakproducten",
    "price": 4.35,
    "promoPrice": null,
    "pricePerUnit": "11.15 kg",
    "image": "https://www.jumbo.com/dam-images/fit-in/360x360/Products/21082024_1724207067217_1724207070605_414764_DS_08710496978951_C1N1.png",
    "available": true,
    "promoUntil": null
  },
  {
    "id": "654481STK",
    "title": "Jumbo Boterhamworst 175 g",
    "category": "Vleeswaren, kaas en tapas",
    "price": 2.69,
    "promoPrice": null,
    "pricePerUnit": "15.37 kg",
    "image": "https://www.jumbo.com/dam-images/fit-in/360x360/Products/15112024_1731663278856_1731663290123_8718452862399_1.png",
    "available": true,
    "promoUntil": null
  },
  {
    "id": "683940DS",
    "title": "Starbucks Vanillesmaak Latte 5 stuks",
    "category": "Koffie en thee",
    "price": 3.49,
    "promoPrice": null,
    "pricePerUnit": "0.7 pieces",
    "image": "https://www.jumbo.com/dam-images/fit-in/360x360/Products/03032025_1741030349388_1741030354017_8445291526624_1.png",
    "available": true,
    "promoUntil": null
  },
  {
    "id": "656331STK",
    "title": "Jumbo Kipgrillworst 160 g",
    "category": "Vleeswaren, kaas en tapas",
    "price": 2.86,
    "promoPrice": null,
    "pricePerUnit": "17.88 kg",
    "image": "https://www.jumbo.com/dam-images/fit-in/360x360/Products/13112024_1731515620146_1731515627894_8718452875498_1.png",
    "available": true,
    "promoUntil": null
  },
  {
    "id": "227453STK",
    "title": "Brinkers So Vegan So Fine Hazelnoot-Chocoladepasta 270 g",
    "category": "Ontbijt, broodbeleg en bakproducten",
    "price": 3.86,
    "promoPrice": null,
    "pricePerUnit": "14.3 kg",
    "image": "https://www.jumbo.com/dam-images/fit-in/360x360/Products/09082023_1691588218682_1691588225754_8710573426184_1.png",
    "available": true,
    "promoUntil": null
  },
  {
    "id": "576877DS",
    "title": "Koopmans Plaatcake Appelkruimel Bakmix 450 g",
    "category": "Ontbijt, broodbeleg en bakproducten",
    "price": 3.26,
    "promoPrice": null,
    "pricePerUnit": "7.24 kg",
    "image": "https://www.jumbo.com/dam-images/fit-in/360x360/Products/17042025_1744861451255_1744861461156_576877_DS_08710466320728_C1N1_s01.png",
    "available": true,
    "promoUntil": null
  },
  {
    "id": "165712POT",
    "title": "Jumbo Biologisch Honing Vloeibaar 350 g",
    "category": "Koffie en thee",
    "price": 2.89,
    "promoPrice": null,
    "pricePerUnit": "8.26 kg",
    "image": "https://www.jumbo.com/dam-images/fit-in/360x360/Products/16112023_1700130782318_1700130787941_8718452544493_1.png",
    "available": true,
    "promoUntil": null
  },
  {
    "id": "481846FLS",
    "title": "Yildriz Thaise Sriracha Mayo 265 ml",
    "category": "Conserven, soepen, sauzen, oliën",
    "price": 2.49,
    "promoPrice": null,
    "pricePerUnit": "9.4 l",
    "image": "https://www.jumbo.com/dam-images/fit-in/360x360/Products/10082023_1691677208587_1691677212505_8710448564546_1.png",
    "available": true,
    "promoUntil": null
  },
  {
    "id": "185050STK",
    "title": "Valess Vegetarische Chik'n Schnitzel 2 Stuks 180 g",
    "category": "Vlees, vis en vega",
    "price": 3.75,
    "promoPrice": null,
    "pricePerUnit": "20.83 kg",
    "image": "https://www.jumbo.com/dam-images/fit-in/360x360/Products/12092025_1757680395651_1757680405957_8710912064749_1.png",
    "available": true,
    "promoUntil": null
  },
  {
    "id": "596004BAK",
    "title": "Jumbo Varkensschnitzel Gepaneerd 2 Stuks\n",
    "category": "Vlees, vis en vega",
    "price": 2.5,
    "promoPrice": null,
    "pricePerUnit": "12.5 kg",
    "image": "https://www.jumbo.com/dam-images/fit-in/360x360/Products/12122024_1734014803077_1734014812213_8718452788514_1.png",
    "available": true,
    "promoUntil": null
  },
  {
    "id": "157817KGR",
    "title": "Jumbo Varkensschnitzel Gepaneerd 3 Stuks",
    "category": "Vlees, vis en vega",
    "price": 5.08,
    "promoPrice": null,
    "pricePerUnit": "11.3 kg",
    "image": "https://www.jumbo.com/dam-images/fit-in/360x360/Products/28072025_1753713236232_1753713241934_2353168000000_1.png",
    "available": true,
    "promoUntil": null
  },
  {
    "id": "430942FLS",
    "title": "Diamant Frituurolie 3L",
    "category": "Conserven, soepen, sauzen, oliën",
    "price": 11.0,
    "promoPrice": null,
    "pricePerUnit": "3.67 l",
    "image": "https://www.jumbo.com/dam-images/fit-in/360x360/Products/21092025_1758416576981_1758416582614_430942_FLS_.png",
    "available": true,
    "promoUntil": null
  },
  {
    "id": "22546FLS",
    "title": "RAAK Vruchtensiroop Frambozen 0,75 L",
    "category": "Frisdrank en sappen",
    "price": 3.49,
    "promoPrice": null,
    "pricePerUnit": "4.65 l",
    "image": "https://www.jumbo.com/dam-images/fit-in/360x360/Products/24022024_1708742792480_1708742799856_22546_FLS_00000087222524_C1N1.png",
    "available": true,
    "promoUntil": null
  },
  {
    "id": "80623POT",
    "title": "Hak Sperziebonen Bio 185 g",
    "category": "Conserven, soepen, sauzen, oliën",
    "price": 1.65,
    "promoPrice": null,
    "pricePerUnit": "15.71 kg",
    "image": "https://www.jumbo.com/dam-images/fit-in/360x360/Products/04072025_1751595504819_1751595513600_80623_POT_08720600608919_A1N1.png",
    "available": true,
    "promoUntil": null
  },
  {
    "id": "191892DSL",
    "title": "Douwe Egberts Lungo 6 Original Gemalen Koffie 20 Capsules 104g",
    "category": "Koffie en thee",
    "price": 57.9,
    "promoPrice": null,
    "pricePerUnit": "0.29 pieces",
    "image": "https://www.jumbo.com/dam-images/fit-in/360x360/Products/87110003797763bee81be-078e-4c23-80c5-fba18c142d25-1751886355147.png",
    "available": true,
    "promoUntil": null
  },
  {
    "id": "640583KGR",
    "title": "Jumbo Scharrel Kipfilet Gebraden Naturel ca. 135 g",
    "category": "Vleeswaren, kaas en tapas",
    "price": 3.5,
    "promoPrice": null,
    "pricePerUnit": "25.93 kg",
    "image": "https://www.jumbo.com/dam-images/fit-in/360x360/Products/30012025_1738251168101_1738251174625_2369922000000_1.png",
    "available": true,
    "promoUntil": null
  },
  {
    "id": "54848PAK",
    "title": "Jumbo Appelsap 1,5 L",
    "category": "Frisdrank en sappen",
    "price": 1.5,
    "promoPrice": null,
    "pricePerUnit": "1.0 l",
    "image": "https://www.jumbo.com/dam-images/fit-in/360x360/Products/17092024_1726580061742_1726580070150_8718452648955_1.png",
    "available": true,
    "promoUntil": null
  },
  {
    "id": "644223PAK",
    "title": "SPA REINE Natuurlijk Mineraalwater 24 x 50cl",
    "category": "Frisdrank en sappen",
    "price": 13.36,
    "promoPrice": null,
    "pricePerUnit": "1.11 l",
    "image": "https://www.jumbo.com/dam-images/fit-in/360x360/Products/06082024_1722969256518_1722969261119_5410013128274_1.png",
    "available": true,
    "promoUntil": null
  },
  {
    "id": "347675POT",
    "title": "Céréal Minder Suikers Confituur Blauwe Bosbes-Rode Bes 270 g",
    "category": "Ontbijt, broodbeleg en bakproducten",
    "price": 2.85,
    "promoPrice": null,
    "pricePerUnit": "10.56 kg",
    "image": "https://www.jumbo.com/dam-images/fit-in/360x360/Products/14092024_1726279901714_1726279905816_347675_POT_08723700213700_C1N1.png",
    "available": true,
    "promoUntil": null
  },
  {
    "id": "455614FLS",
    "title": "Friesche Vlag Goudband Koffiemelk 500 ml",
    "category": "Koffie en thee",
    "price": 2.49,
    "promoPrice": null,
    "pricePerUnit": "4.98 l",
    "image": "https://www.jumbo.com/dam-images/fit-in/360x360/Products/01072025_1751358767816_1751358771352_8712800100911_1.png",
    "available": true,
    "promoUntil": null
  },
  {
    "id": "702587DS",
    "title": "Kellogg's All-Bran Fibre Plus 500 g",
    "category": "Ontbijt, broodbeleg en bakproducten",
    "price": 4.69,
    "promoPrice": null,
    "pricePerUnit": "9.38 kg",
    "image": "https://www.jumbo.com/dam-images/fit-in/360x360/Products/26072025_1753492051659_1753492055340_702587_DS_05059319036496_A1N1.png",
    "available": true,
    "promoUntil": null
  },
  {
    "id": "479521STK",
    "title": "Jumbo Broccoli 500 g",
    "category": "Aardappelen, groente en fruit",
    "price": 1.09,
    "promoPrice": 0.89,
    "pricePerUnit": "1.78 kg",
    "image": "https://www.jumbo.com/dam-images/fit-in/360x360/Products/03072025_1751538775495_1751538783215_8718452633531_1.png",
    "available": true,
    "promoUntil": "di 30 sep"
  },
  {
    "id": "515511KGR",
    "title": "Jumbo Drumsticks Gekruid Kip ca. 500 g",
    "category": "Vlees, vis en vega",
    "price": 3.32,
    "promoPrice": null,
    "pricePerUnit": "6.65 kg",
    "image": "https://www.jumbo.com/dam-images/fit-in/360x360/Products/05112024_1730817307132_1730817317623_2378609000000_1.png",
    "available": true,
    "promoUntil": null
  },
  {
    "id": "163080POT",
    "title": "De Kleine Keuken Biologische Pindakaas voor Kids 250 g",
    "category": "Drogisterij en baby",
    "price": 3.26,
    "promoPrice": null,
    "pricePerUnit": "13.04 kg",
    "image": "https://www.jumbo.com/dam-images/fit-in/360x360/Products/24122024_1735040035234_1735040042091_8718734490067_1.png",
    "available": true,
    "promoUntil": null
  },
  {
    "id": "421555ZK",
    "title": "John West Tonijn Twist met Ovengedroogde Tomaten en Kruidendressing 85g",
    "category": "Conserven, soepen, sauzen, oliën",
    "price": 3.26,
    "promoPrice": null,
    "pricePerUnit": "38.35 kg",
    "image": "https://www.jumbo.com/dam-images/fit-in/360x360/Products/25052024_1716600307334_1716600320419_421555_ZK_05000171060747_C1N1.png",
    "available": true,
    "promoUntil": null
  },
  {
    "id": "196440STK",
    "title": "Jumbo Chocolademelk Wit 1 L",
    "category": "Zuivel, eieren, boter",
    "price": 1.29,
    "promoPrice": null,
    "pricePerUnit": "1.29 l",
    "image": "https://www.jumbo.com/dam-images/fit-in/360x360/Products/11062024_1718069328230_1718069331300_196440_STK_08718452721238_C1N1.png",
    "available": true,
    "promoUntil": null
  },
  {
    "id": "506915PAK",
    "title": "Jumbo Rijstwafels Melkchocolade & Gezouten Karamelstukjes 9 Stuks",
    "category": "Ontbijt, broodbeleg en bakproducten",
    "price": 2.37,
    "promoPrice": null,
    "pricePerUnit": "13.78 kg",
    "image": "https://www.jumbo.com/dam-images/fit-in/360x360/Products/09082023_1691591216268_1691591235019_8718452644346_1.png",
    "available": true,
    "promoUntil": null
  },
  {
    "id": "126502POT",
    "title": "Smarties Aardbei 2 x 120 g",
    "category": "Zuivel, eieren, boter",
    "price": 2.12,
    "promoPrice": null,
    "pricePerUnit": "8.83 kg",
    "image": "https://www.jumbo.com/dam-images/fit-in/360x360/Products/09042025_1744163391286_1744163392548_126502_POT_03023290470640_C1N1.png",
    "available": true,
    "promoUntil": null
  },
  {
    "id": "692550PAK",
    "title": "Jumbo Biologische Kikkererwten 210 g",
    "category": "Conserven, soepen, sauzen, oliën",
    "price": 0.99,
    "promoPrice": null,
    "pricePerUnit": "8.61 kg",
    "image": "https://www.jumbo.com/dam-images/fit-in/360x360/Products/12052025_1747008015977_1747008045242_8718452877959_596.png",
    "available": true,
    "promoUntil": null
  },
  {
    "id": "401767POT",
    "title": "Jumbo Espresso Oploskoffie 100 g",
    "category": "Koffie en thee",
    "price": 3.32,
    "promoPrice": null,
    "pricePerUnit": "33.2 kg",
    "image": "https://www.jumbo.com/dam-images/fit-in/360x360/Products/09082023_1691587975992_1691587984538_8718452487394_1.png",
    "available": true,
    "promoUntil": null
  },
  {
    "id": "300206STK",
    "title": "Jumbo - Rozijnen Krentenbollen - 6 Stuks",
    "category": "Brood en gebak",
    "price": 1.68,
    "promoPrice": null,
    "pricePerUnit": "0.28 pieces",
    "image": "https://www.jumbo.com/dam-images/fit-in/360x360/Products/19032025_1742395988436_1742395992955_8718452815494_1.png",
    "available": true,
    "promoUntil": null
  },
  {
    "id": "183782STK",
    "title": "Remia Mayonaise Extra Romig 300 ml",
    "category": "Conserven, soepen, sauzen, oliën",
    "price": 1.75,
    "promoPrice": null,
    "pricePerUnit": "5.83 l",
    "image": "https://www.jumbo.com/dam-images/fit-in/360x360/Products/08042024_1712561647762_1712561652103_8710448697343_1.png",
    "available": true,
    "promoUntil": null
  },
  {
    "id": "24690POT",
    "title": "Ferrer Gazpacho 720 ml",
    "category": "Conserven, soepen, sauzen, oliën",
    "price": 3.29,
    "promoPrice": null,
    "pricePerUnit": "4.57 l",
    "image": "https://www.jumbo.com/dam-images/fit-in/360x360/Products/09082023_1691579015417_1691579021587_8411026031008_1.png",
    "available": true,
    "promoUntil": null
  },
  {
    "id": "682104STK",
    "title": "Pink Lady Appels 6 Stuks",
    "category": "Aardappelen, groente en fruit",
    "price": 4.49,
    "promoPrice": null,
    "pricePerUnit": "0.75 pieces",
    "image": "https://www.jumbo.com/dam-images/fit-in/360x360/Products/07032025_1741357965055_1741357973509_3700476611164_1.png",
    "available": true,
    "promoUntil": null
  },
  {
    "id": "672538POT",
    "title": "Hero Jam Blauwe Bessen Zero 300g",
    "category": "Ontbijt, broodbeleg en bakproducten",
    "price": 3.46,
    "promoPrice": null,
    "pricePerUnit": "11.53 kg",
    "image": "https://www.jumbo.com/dam-images/fit-in/360x360/Products/16012025_1736996177369_1736996186174_672538_POT_08713500013440_H1N1.png",
    "available": true,
    "promoUntil": null
  },
  {
    "id": "695656FLS",
    "title": "YFood Drinkmaaltijd Salted Caramel 500ML",
    "category": "Zuivel, eieren, boter",
    "price": 4.39,
    "promoPrice": null,
    "pricePerUnit": "8.78 l",
    "image": "https://www.jumbo.com/dam-images/fit-in/360x360/Products/23052025_1747966032394_1747966036122_695656_FLS_04260556637655_C1N1.png",
    "available": true,
    "promoUntil": null
  },
  {
    "id": "259363BAK",
    "title": "Jumbo Jong Belegen Kaas 48+ Voordeelverpakking 930 g",
    "category": "Vleeswaren, kaas en tapas",
    "price": 11.52,
    "promoPrice": null,
    "pricePerUnit": "12.39 kg",
    "image": "https://www.jumbo.com/dam-images/fit-in/360x360/Products/12022024_1707726851767_1707726862822_8718452695324_1.png",
    "available": true,
    "promoUntil": null
  },
  {
    "id": "551505FLS",
    "title": "Sweet Baby Ray's Original barbecuesaus",
    "category": "Conserven, soepen, sauzen, oliën",
    "price": 3.99,
    "promoPrice": null,
    "pricePerUnit": "7.82 kg",
    "image": "https://www.jumbo.com/dam-images/fit-in/360x360/Products/12122024_1734014682414_1734014685525_13409516928_1.png",
    "available": true,
    "promoUntil": null
  },
  {
    "id": "554723TRA",
    "title": "Jumbo Kaas Belegen 30+ Plakken 190 g",
    "category": "Vleeswaren, kaas en tapas",
    "price": 3.75,
    "promoPrice": null,
    "pricePerUnit": "19.74 kg",
    "image": "https://www.jumbo.com/dam-images/fit-in/360x360/Products/06012025_1736181227851_1736181234407_8718452709007_1.png",
    "available": true,
    "promoUntil": null
  },
  {
    "id": "485510FLS",
    "title": "Calvé Knijpfles Mosterd Saus 250 ml",
    "category": "Conserven, soepen, sauzen, oliën",
    "price": 2.69,
    "promoPrice": null,
    "pricePerUnit": "10.76 l",
    "image": "https://www.jumbo.com/dam-images/fit-in/360x360/Products/12082025_1754987602447_1754987608372_8720182253033_1.png",
    "available": true,
    "promoUntil": null
  },
  {
    "id": "508457PAK",
    "title": "Leev® bio LOVELY LENTIL cakes natural 100g",
    "category": "Ontbijt, broodbeleg en bakproducten",
    "price": 2.27,
    "promoPrice": null,
    "pricePerUnit": "22.7 kg",
    "image": "https://www.jumbo.com/dam-images/fit-in/360x360/Products/18072025_1752802433966_1752802443505_508457_PAK_08718215836445_C1N1.png",
    "available": true,
    "promoUntil": null
  },
  {
    "id": "430736STK",
    "title": "Jumbo - Boeren Donker Volkoren Meergranen - Knapperig en Vers",
    "category": "Brood en gebak",
    "price": 2.0,
    "promoPrice": null,
    "pricePerUnit": "2.0 pieces",
    "image": "https://www.jumbo.com/dam-images/fit-in/360x360/Products/25042025_1745588008546_1745588018777_8718452771875_2.png",
    "available": true,
    "promoUntil": null
  },
  {
    "id": "201605PAK",
    "title": "Jumbo Procureurlapjes Gemarineerd 350 g",
    "category": "Vlees, vis en vega",
    "price": 5.0,
    "promoPrice": null,
    "pricePerUnit": "14.29 kg",
    "image": "https://www.jumbo.com/dam-images/fit-in/360x360/Products/01052025_1746088367037_1746088374088_8718452521210_1.png",
    "available": true,
    "promoUntil": null
  },
  {
    "id": "514809DS",
    "title": "Quaker Cruesli Zero Sugar Added Appel & Pecan & Kaneel 400 gr",
    "category": "Ontbijt, broodbeleg en bakproducten",
    "price": 3.95,
    "promoPrice": null,
    "pricePerUnit": "9.88 kg",
    "image": "https://www.jumbo.com/dam-images/fit-in/360x360/Products/29052025_1748507645373_1748507652350_8710398525802_1.png",
    "available": true,
    "promoUntil": null
  },
  {
    "id": "383175ZK",
    "title": "Jumbo Aardappelen Kruimig 3 kg",
    "category": "Aardappelen, groente en fruit",
    "price": 3.85,
    "promoPrice": null,
    "pricePerUnit": "1.28 kg",
    "image": "https://www.jumbo.com/dam-images/fit-in/360x360/Products/29092023_1695995272340_1695995278172_8718452499243_1.png",
    "available": true,
    "promoUntil": null
  },
  {
    "id": "163661BLK",
    "title": "Jumbo Doperwten Extra Fijn 400 g",
    "category": "Conserven, soepen, sauzen, oliën",
    "price": 1.49,
    "promoPrice": null,
    "pricePerUnit": "5.32 kg",
    "image": "https://www.jumbo.com/dam-images/fit-in/360x360/Products/15052025_1747319588770_1747319633913_8718452691630_596.png",
    "available": true,
    "promoUntil": null
  },
  {
    "id": "557570DS",
    "title": "Lavazza Espresso Intenso koffiecups 30st",
    "category": "Koffie en thee",
    "price": 12.79,
    "promoPrice": null,
    "pricePerUnit": "0.43 pieces",
    "image": "https://www.jumbo.com/dam-images/fit-in/360x360/Products/17052025_1747447790631_1747447800024_557570_DS_08000070054295_C1N1.png",
    "available": true,
    "promoUntil": null
  },
  {
    "id": "342564DS",
    "title": "HomeMade Complete Mix voor Kruidcake 450 g",
    "category": "Ontbijt, broodbeleg en bakproducten",
    "price": 1.97,
    "promoPrice": null,
    "pricePerUnit": "4.38 kg",
    "image": "https://www.jumbo.com/dam-images/fit-in/360x360/Products/25092024_1727289178885_1727289188476_8719678120058_1.png",
    "available": true,
    "promoUntil": null
  },
  {
    "id": "200906ZK",
    "title": "Jumbo Gebroken Sperziebonen 600 g",
    "category": "Aardappelen, groente en fruit",
    "price": 3.26,
    "promoPrice": null,
    "pricePerUnit": "5.43 kg",
    "image": "https://www.jumbo.com/dam-images/fit-in/360x360/Products/31052024_1717151660132_1717151666771_8718452773312_1.png",
    "available": true,
    "promoUntil": null
  },
  {
    "id": "630489FLS",
    "title": "Jumbo Walnoot Olie 250ml",
    "category": "Conserven, soepen, sauzen, oliën",
    "price": 3.95,
    "promoPrice": null,
    "pricePerUnit": "15.8 l",
    "image": "https://www.jumbo.com/dam-images/fit-in/360x360/Products/10082023_1691677232701_1691677237524_8718452623044_1.png",
    "available": true,
    "promoUntil": null
  },
  {
    "id": "608961DS",
    "title": "Bolletje 45% Zadencrackers Zonnebloempit",
    "category": "Ontbijt, broodbeleg en bakproducten",
    "price": 2.84,
    "promoPrice": null,
    "pricePerUnit": "10.72 kg",
    "image": "https://www.jumbo.com/dam-images/fit-in/360x360/Products/12052025_1747013081142_1747013087884_608961_DS_08710482533294_C1N1.png",
    "available": true,
    "promoUntil": null
  },
  {
    "id": "554688TRA",
    "title": "Jumbo Jonge Kaas 48+ Plakken 190 g",
    "category": "Vleeswaren, kaas en tapas",
    "price": 2.95,
    "promoPrice": null,
    "pricePerUnit": "15.53 kg",
    "image": "https://www.jumbo.com/dam-images/fit-in/360x360/Products/09082023_1691593127476_1691593158485_8718452708963_1.png",
    "available": true,
    "promoUntil": null
  },
  {
    "id": "681343TRA",
    "title": "Jumbo Groenteburger 2 Stuks",
    "category": "Vlees, vis en vega",
    "price": 2.0,
    "promoPrice": null,
    "pricePerUnit": "11.11 kg",
    "image": "https://www.jumbo.com/dam-images/fit-in/360x360/Products/06032025_1741249973949_1741249979045_8718452797172_1.png",
    "available": true,
    "promoUntil": null
  },
  {
    "id": "178453STK",
    "title": "Maggi Peper Saus 34 g",
    "category": "Conserven, soepen, sauzen, oliën",
    "price": 1.18,
    "promoPrice": null,
    "pricePerUnit": "34.71 kg",
    "image": "https://www.jumbo.com/dam-images/fit-in/360x360/Products/24072025_1753325249020_1753325292963_178453_STK_07613035752269_C1N1_s01.png",
    "available": true,
    "promoUntil": null
  },
  {
    "id": "430637PAK",
    "title": "Koopmans Boeren Cakemeel 450 g",
    "category": "Ontbijt, broodbeleg en bakproducten",
    "price": 1.4,
    "promoPrice": null,
    "pricePerUnit": "3.11 kg",
    "image": "https://www.jumbo.com/dam-images/fit-in/360x360/Products/17042025_1744859225700_1744859234113_430637_PAK_08710466311221_C1N1_s02.png",
    "available": true,
    "promoUntil": null
  },
  {
    "id": "390736BLK",
    "title": "Knorr Smaakverfijner Aromat Tuinkruiden 88 g",
    "category": "Conserven, soepen, sauzen, oliën",
    "price": 2.59,
    "promoPrice": null,
    "pricePerUnit": "29.43 kg",
    "image": "https://www.jumbo.com/dam-images/fit-in/360x360/Products/16062025_1750091566385_1750091573158_8712566237104_1.png",
    "available": true,
    "promoUntil": null
  },
  {
    "id": "97683BUS",
    "title": "Bertolli Classico olijfolie spray",
    "category": "Conserven, soepen, sauzen, oliën",
    "price": 4.94,
    "promoPrice": null,
    "pricePerUnit": "24.7 l",
    "image": "https://www.jumbo.com/dam-images/fit-in/360x360/Products/12092025_1757641462952_1757641473240_97683_BUS_08002470017689_H1N1_R.png",
    "available": true,
    "promoUntil": null
  },
  {
    "id": "681344TRA",
    "title": "Jumbo Plantaardige Kip Schnitzel 2 Stuks",
    "category": "Vlees, vis en vega",
    "price": 2.25,
    "promoPrice": null,
    "pricePerUnit": "11.25 kg",
    "image": "https://www.jumbo.com/dam-images/fit-in/360x360/Products/23062025_1750703547475_1750703552685_8718452928101_1.png",
    "available": true,
    "promoUntil": null
  },
  {
    "id": "575952DS",
    "title": "Biscottes 36 Sneetjes 300 g",
    "category": "Ontbijt, broodbeleg en bakproducten",
    "price": 1.68,
    "promoPrice": null,
    "pricePerUnit": "5.6 kg",
    "image": "https://www.jumbo.com/dam-images/fit-in/360x360/Products/14022024_1707873740748_1707873755215_3182189999799_1.png",
    "available": true,
    "promoUntil": null
  },
  {
    "id": "604852TRA",
    "title": "Jumbo Bokkenpootjes met Crèmevulling 200 g",
    "category": "Koek, snoep, chocolade en chips",
    "price": 1.99,
    "promoPrice": null,
    "pricePerUnit": "9.95 kg",
    "image": "https://www.jumbo.com/dam-images/fit-in/360x360/Products/03042025_1743694347285_1743694353844_8718452887255_1.png",
    "available": true,
    "promoUntil": null
  },
  {
    "id": "464901BLK",
    "title": "Valle Del Sole Baby Maïs 425 g",
    "category": "Conserven, soepen, sauzen, oliën",
    "price": 1.57,
    "promoPrice": null,
    "pricePerUnit": "3.93 kg",
    "image": "https://www.jumbo.com/dam-images/fit-in/360x360/Products/09082023_1691586625277_1691586648261_8715017218820_1.png",
    "available": true,
    "promoUntil": null
  },
  {
    "id": "554732TRA",
    "title": "Jumbo Kaas Jong Belegen 30+ Plakken 190 g",
    "category": "Vleeswaren, kaas en tapas",
    "price": 3.25,
    "promoPrice": null,
    "pricePerUnit": "17.11 kg",
    "image": "https://www.jumbo.com/dam-images/fit-in/360x360/Products/06012025_1736177565727_1736177573587_8718452709052_1.png",
    "available": true,
    "promoUntil": null
  },
  {
    "id": "213537DS",
    "title": "Jumbo Mix voor Boerencake 400 g",
    "category": "Ontbijt, broodbeleg en bakproducten",
    "price": 0.99,
    "promoPrice": null,
    "pricePerUnit": "2.48 kg",
    "image": "https://www.jumbo.com/dam-images/fit-in/360x360/Products/10052024_1715351655560_1715351673993_8718452787906_596.png",
    "available": true,
    "promoUntil": null
  },
  {
    "id": "305903STK",
    "title": "Jumbo - Witte Puntjes - Voordeelverpakking - 12 Stuks",
    "category": "Brood en gebak",
    "price": 2.29,
    "promoPrice": null,
    "pricePerUnit": "0.19 pieces",
    "image": "https://www.jumbo.com/dam-images/fit-in/360x360/Products/10032025_1741620767662_1741620771112_8718452815388_1.png",
    "available": true,
    "promoUntil": null
  },
  {
    "id": "283644STK",
    "title": "Kanzi Appel Nicoter 1 kg",
    "category": "Aardappelen, groente en fruit",
    "price": 3.69,
    "promoPrice": null,
    "pricePerUnit": "3.69 kg",
    "image": "https://www.jumbo.com/dam-images/fit-in/360x360/Products/11062025_1749627208819_1749627240887_8713893017452_1.png",
    "available": true,
    "promoUntil": null
  },
  {
    "id": "639188BKR",
    "title": "Jumbo High Protein Kwark Aardbei Kers Smaak 200 g",
    "category": "Zuivel, eieren, boter",
    "price": 1.19,
    "promoPrice": null,
    "pricePerUnit": "5.95 kg",
    "image": "https://www.jumbo.com/dam-images/fit-in/360x360/Products/14022025_1739539721928_1739539733772_8718452858903_596.png",
    "available": true,
    "promoUntil": null
  },
  {
    "id": "671842CUP",
    "title": "Jumbo Soja Plantaardig Alternatief voor Yoghurt Mango 500 g",
    "category": "Zuivel, eieren, boter",
    "price": 1.79,
    "promoPrice": null,
    "pricePerUnit": "3.58 kg",
    "image": "https://www.jumbo.com/dam-images/fit-in/360x360/Products/14022025_1739539160014_1739539172942_8718452878406_596.png",
    "available": true,
    "promoUntil": null
  },
  {
    "id": "610609TRA",
    "title": "Lipton Sparkling Blik 24x250ML",
    "category": "Frisdrank en sappen",
    "price": 20.16,
    "promoPrice": 17.13,
    "pricePerUnit": "2.86 l",
    "image": "https://www.jumbo.com/dam-images/fit-in/360x360/Products/08711327645165H1N11b0fd13d4-4556-43fd-8fa5-eaa811cf6114-1734536109475.png",
    "available": true,
    "promoUntil": "di 7 okt"
  },
  {
    "id": "654485STK",
    "title": "Jumbo Grillworst 175 g",
    "category": "Vleeswaren, kaas en tapas",
    "price": 2.79,
    "promoPrice": null,
    "pricePerUnit": "15.94 kg",
    "image": "https://www.jumbo.com/dam-images/fit-in/360x360/Products/23072025_1753273980091_1753273986842_8718452916788_1.png",
    "available": true,
    "promoUntil": null
  },
  {
    "id": "566232ZK",
    "title": "Jumbo Snack Worteltjes 300 g",
    "category": "Aardappelen, groente en fruit",
    "price": 1.89,
    "promoPrice": null,
    "pricePerUnit": "6.3 kg",
    "image": "https://www.jumbo.com/dam-images/fit-in/360x360/Products/19092024_1726738397630_1726738405680_8718452788620_1.png",
    "available": true,
    "promoUntil": null
  },
  {
    "id": "681473TRA",
    "title": "Jumbo Vegan Braadworstjes Naturel 5 Stuks",
    "category": "Vlees, vis en vega",
    "price": 2.0,
    "promoPrice": null,
    "pricePerUnit": "8.33 kg",
    "image": "https://www.jumbo.com/dam-images/fit-in/360x360/Products/06032025_1741249974697_1741249979884_8718452803675_1.png",
    "available": true,
    "promoUntil": null
  },
  {
    "id": "81167POT",
    "title": "Hak Gesneden Bonen Bio 340 g",
    "category": "Conserven, soepen, sauzen, oliën",
    "price": 2.39,
    "promoPrice": null,
    "pricePerUnit": "11.95 kg",
    "image": "https://www.jumbo.com/dam-images/fit-in/360x360/Products/11032025_1741661798638_1741661806345_81167_POT_08720600608896_H1N1.png",
    "available": true,
    "promoUntil": null
  },
  {
    "id": "304271PAK",
    "title": "Vifit drinkyoghurt sinaasappel 500 ml",
    "category": "Zuivel, eieren, boter",
    "price": 1.59,
    "promoPrice": null,
    "pricePerUnit": "3.18 l",
    "image": "https://www.jumbo.com/dam-images/fit-in/360x360/Products/03072025_1751505778696_1751505789327_304271_PAK_08712800024873_H1N1.png",
    "available": true,
    "promoUntil": null
  },
  {
    "id": "356961DS",
    "title": "Quaker Cruesli Luchtig Ontbijtgranen 375 gr",
    "category": "Ontbijt, broodbeleg en bakproducten",
    "price": 3.5,
    "promoPrice": null,
    "pricePerUnit": "9.33 kg",
    "image": "https://www.jumbo.com/dam-images/fit-in/360x360/Products/05062025_1749134009021_1749134017496_8710398161635_1.png",
    "available": true,
    "promoUntil": null
  },
  {
    "id": "145382STK",
    "title": "Van Gilse Kristalsuiker Fijn 500 g",
    "category": "Ontbijt, broodbeleg en bakproducten",
    "price": 1.68,
    "promoPrice": null,
    "pricePerUnit": "3.36 kg",
    "image": "https://www.jumbo.com/dam-images/fit-in/360x360/Products/09082023_1691586676003_1691586688185_8710437009461_1.png",
    "available": true,
    "promoUntil": null
  },
  {
    "id": "158566DS",
    "title": "Zonnatura Bio Amandel Notenreep 3 x 25 g",
    "category": "Koek, snoep, chocolade en chips",
    "price": 1.97,
    "promoPrice": null,
    "pricePerUnit": "26.27 kg",
    "image": "https://www.jumbo.com/dam-images/fit-in/360x360/Products/05062025_1749085259147_1749085282444_158566_DS_08711812407780_H1N1.png",
    "available": true,
    "promoUntil": null
  },
  {
    "id": "692794TRA",
    "title": "Jumbo Speklappen Zonder Zwoerd Varken 4 Stuks",
    "category": "Vlees, vis en vega",
    "price": 6.29,
    "promoPrice": null,
    "pricePerUnit": "11.65 kg",
    "image": "https://www.jumbo.com/dam-images/fit-in/360x360/Products/23062025_1750667646355_1750667653046_8718452915965_1.png",
    "available": true,
    "promoUntil": null
  },
  {
    "id": "79459POT",
    "title": "Hak Witte Bonen 365 g",
    "category": "Conserven, soepen, sauzen, oliën",
    "price": 1.99,
    "promoPrice": null,
    "pricePerUnit": "7.8 kg",
    "image": "https://www.jumbo.com/dam-images/fit-in/360x360/Products/10082023_1691677685021_1691677686871_8720600609022_1.png",
    "available": true,
    "promoUntil": null
  },
  {
    "id": "208894STK",
    "title": "Jumbo Doperwten 200 g",
    "category": "Conserven, soepen, sauzen, oliën",
    "price": 0.75,
    "promoPrice": null,
    "pricePerUnit": "5.36 kg",
    "image": "https://www.jumbo.com/dam-images/fit-in/360x360/Products/14022024_1707873559108_1707873571546_8718452764488_596.png",
    "available": true,
    "promoUntil": null
  },
  {
    "id": "585066KGR",
    "title": "Jumbo Fijnproevers Picanha ca. 600 g",
    "category": "Vlees, vis en vega",
    "price": 20.39,
    "promoPrice": null,
    "pricePerUnit": "33.99 kg",
    "image": "https://www.jumbo.com/dam-images/fit-in/360x360/Products/16122024_1734366816185_1734366823125_2336079000000_1.png",
    "available": true,
    "promoUntil": null
  },
  {
    "id": "671749CUP",
    "title": "Jumbo Soja Perzik & Passievrucht Plantaardig 400g",
    "category": "Zuivel, eieren, boter",
    "price": 1.79,
    "promoPrice": null,
    "pricePerUnit": "4.48 kg",
    "image": "https://www.jumbo.com/dam-images/fit-in/360x360/Products/14022025_1739539159798_1739539173349_8718452815081_596.png",
    "available": true,
    "promoUntil": null
  },
  {
    "id": "485257POT",
    "title": "Bonne Maman Aardbeien en Frambozen 370 g",
    "category": "Ontbijt, broodbeleg en bakproducten",
    "price": 2.5,
    "promoPrice": null,
    "pricePerUnit": "6.76 kg",
    "image": "https://www.jumbo.com/dam-images/fit-in/360x360/Products/10082023_1691678360969_1691678376932_3608580792215_1.png",
    "available": true,
    "promoUntil": null
  },
  {
    "id": "590302PAK",
    "title": "Jumbo Extra Sterk & Absorberend Keukenpapier Voordeelverpakking 3 Lagen 8 Rollen",
    "category": "Huishouden en dieren",
    "price": 5.65,
    "promoPrice": null,
    "pricePerUnit": "0.71 pieces",
    "image": "https://www.jumbo.com/dam-images/fit-in/360x360/Products/27032024_1711535593687_1711535608220_8718452789511_1.png",
    "available": true,
    "promoUntil": null
  },
  {
    "id": "623150TRA",
    "title": "Lezziz Kipfiletblokjes Halal 350 g",
    "category": "Vlees, vis en vega",
    "price": 5.95,
    "promoPrice": null,
    "pricePerUnit": "17.0 kg",
    "image": "https://www.jumbo.com/dam-images/fit-in/360x360/Products/19062024_1718814836950_1718814843646_8714798300106_1.png",
    "available": true,
    "promoUntil": null
  },
  {
    "id": "140851FLS",
    "title": "Olijfolie Classico Extra Vergine",
    "category": "Conserven, soepen, sauzen, oliën",
    "price": 11.13,
    "promoPrice": null,
    "pricePerUnit": "14.84 l",
    "image": "https://www.jumbo.com/dam-images/fit-in/360x360/Products/12122024_1734014639905_1734014647155_80508816_1.png",
    "available": true,
    "promoUntil": null
  },
  {
    "id": "586601DS",
    "title": "Koopmans Kaneelbroodjes met kaneelsuiker bakmix 362gr",
    "category": "Ontbijt, broodbeleg en bakproducten",
    "price": 2.86,
    "promoPrice": null,
    "pricePerUnit": "7.9 kg",
    "image": "https://www.jumbo.com/dam-images/fit-in/360x360/Products/17042025_1744853942811_1744853949520_586601_DS_08710466323422_C1N1_s03.png",
    "available": true,
    "promoUntil": null
  },
  {
    "id": "300203STK",
    "title": "Waldkorn -  Volkoren Meergranenbrood - Half",
    "category": "Brood en gebak",
    "price": 1.29,
    "promoPrice": null,
    "pricePerUnit": "2.58 pieces",
    "image": "https://www.jumbo.com/dam-images/fit-in/360x360/Products/22042024_1713800059034_1713800068222_8718452356584_1.png",
    "available": true,
    "promoUntil": null
  },
  {
    "id": "212672STK",
    "title": "Nescafé Dolce Gusto Cortado Espresso Macchiato capsules - 30 koffiecups",
    "category": "Koffie en thee",
    "price": 9.99,
    "promoPrice": null,
    "pricePerUnit": "0.33 pieces",
    "image": "https://www.jumbo.com/dam-images/fit-in/360x360/Products/23092025_1758597214853_1758597221525_212672_STK_07613034374264_C1N1_s02.png",
    "available": true,
    "promoUntil": null
  },
  {
    "id": "697051PAK",
    "title": "Hellenaris Koolzuurvrij Mineraalwater 24 x 330 ML",
    "category": "Frisdrank en sappen",
    "price": 4.98,
    "promoPrice": null,
    "pricePerUnit": "0.63 l",
    "image": "https://www.jumbo.com/dam-images/fit-in/360x360/Products/Hellenaris033L24Pack7bbcb861-a255-4d4b-bffd-6d8f51855a7c-1750937291214.png",
    "available": true,
    "promoUntil": null
  },
  {
    "id": "190023FLS",
    "title": "Monini Witte Wijn Azijn 250ml",
    "category": "Conserven, soepen, sauzen, oliën",
    "price": 2.79,
    "promoPrice": null,
    "pricePerUnit": "11.16 l",
    "image": "https://www.jumbo.com/dam-images/fit-in/360x360/Products/12122023_1702356332948_1702356337564_190023_FLS_08005510005004_C1N1.png",
    "available": true,
    "promoUntil": null
  },
  {
    "id": "560665PAK",
    "title": "Boon Kidney Boon 380 g",
    "category": "Conserven, soepen, sauzen, oliën",
    "price": 1.19,
    "promoPrice": null,
    "pricePerUnit": "5.17 kg",
    "image": "https://www.jumbo.com/dam-images/fit-in/360x360/Products/25032024_1711381521413_1711381526084_8710646900030_1.png",
    "available": true,
    "promoUntil": null
  },
  {
    "id": "124656POT",
    "title": "Kühne Slices Zoetzuur 330 g",
    "category": "Conserven, soepen, sauzen, oliën",
    "price": 1.97,
    "promoPrice": null,
    "pricePerUnit": "10.65 kg",
    "image": "https://www.jumbo.com/dam-images/fit-in/360x360/Products/08082025_1754615298979_1754615311254_124656_POT_04012200401149_C1N1.png",
    "available": true,
    "promoUntil": null
  },
  {
    "id": "673417DS",
    "title": "Jumbo Blauwe Bessen 300 g",
    "category": "Aardappelen, groente en fruit",
    "price": 4.49,
    "promoPrice": null,
    "pricePerUnit": "14.97 kg",
    "image": "https://www.jumbo.com/dam-images/fit-in/360x360/Products/16012025_1737030806265_1737030810633_8718452460885_1.png",
    "available": true,
    "promoUntil": null
  },
  {
    "id": "490188PAK",
    "title": "Oatly The Original Haver Vanillesmaak 1 L",
    "category": "Zuivel, eieren, boter",
    "price": 2.79,
    "promoPrice": null,
    "pricePerUnit": "2.79 kg",
    "image": "https://www.jumbo.com/dam-images/fit-in/360x360/Products/23092025_1758598569344_1758598575511_490188_PAK_07394376619267_C1N1.png",
    "available": true,
    "promoUntil": null
  },
  {
    "id": "530937FLS",
    "title": "Jumbo Vers Geperste Sinaasappelsap 1 L",
    "category": "Aardappelen, groente en fruit",
    "price": 3.99,
    "promoPrice": null,
    "pricePerUnit": "3.99 l",
    "image": "https://www.jumbo.com/dam-images/fit-in/360x360/Products/04112024_1730752386935_1730752390677_8718452863662_1.png",
    "available": true,
    "promoUntil": null
  },
  {
    "id": "898465POT",
    "title": "Maille Dijon Originale 215 g",
    "category": "Conserven, soepen, sauzen, oliën",
    "price": 2.19,
    "promoPrice": null,
    "pricePerUnit": "10.19 kg",
    "image": "https://www.jumbo.com/dam-images/fit-in/360x360/Products/08122023_1702023436341_1702023443811_898465_POT_03036810201280_C1N1.png",
    "available": true,
    "promoUntil": null
  },
  {
    "id": "453626STK",
    "title": "Fairtrade Original Goud Snelfiltermaling 250 g",
    "category": "Koffie en thee",
    "price": 6.19,
    "promoPrice": null,
    "pricePerUnit": "24.76 kg",
    "image": "https://www.jumbo.com/dam-images/fit-in/360x360/Products/08072025_1751937460030_1751937464587_453626_STK_08711741359068_C1N1.png",
    "available": true,
    "promoUntil": null
  },
  {
    "id": "456733DS",
    "title": "Jumbo Basis voor Kippensoep 2 x 54 g",
    "category": "Conserven, soepen, sauzen, oliën",
    "price": 1.25,
    "promoPrice": null,
    "pricePerUnit": "11.57 kg",
    "image": "https://www.jumbo.com/dam-images/fit-in/360x360/Products/456733_8718452606627_1_T1_456733DS1691161282610.png",
    "available": true,
    "promoUntil": null
  },
  {
    "id": "337664FLS",
    "title": "Kewpie Mayonnaise 337 g",
    "category": "Conserven, soepen, sauzen, oliën",
    "price": 5.07,
    "promoPrice": null,
    "pricePerUnit": "14.28 l",
    "image": "https://www.jumbo.com/dam-images/fit-in/360x360/Products/29092023_1695996346357_1695996348804_8719189240177_1.png",
    "available": true,
    "promoUntil": null
  },
  {
    "id": "641085STK",
    "title": "Jumbo Paprika Rood",
    "category": "Aardappelen, groente en fruit",
    "price": 0.65,
    "promoPrice": null,
    "pricePerUnit": "0.65 pieces",
    "image": "https://www.jumbo.com/dam-images/fit-in/360x360/Products/302240_8711715882455_1_T2_129649STK1691482518896.png",
    "available": true,
    "promoUntil": null
  },
  {
    "id": "203674POT",
    "title": "Jumbo Witte Bonen 340 g",
    "category": "Conserven, soepen, sauzen, oliën",
    "price": 1.15,
    "promoPrice": null,
    "pricePerUnit": "5.23 kg",
    "image": "https://www.jumbo.com/dam-images/fit-in/360x360/Products/29052024_1717000393273_1717000400895_8718452830213_1.png",
    "available": true,
    "promoUntil": null
  },
  {
    "id": "200861FLS",
    "title": "Jumbo Kleur Geconcentreerd Vloeibaar Wasmiddel 40 Wasbeurten",
    "category": "Huishouden en dieren",
    "price": 4.69,
    "promoPrice": null,
    "pricePerUnit": "0.12 wb",
    "image": "https://www.jumbo.com/dam-images/fit-in/360x360/Products/09082023_1691584887344_1691584895922_8718452285648_1.png",
    "available": true,
    "promoUntil": null
  },
  {
    "id": "559616DS",
    "title": "De Vegetarische Slager Kipstuckjes Voordeelverpakking Vegan 300 g",
    "category": "Vlees, vis en vega",
    "price": 6.19,
    "promoPrice": null,
    "pricePerUnit": "20.63 kg",
    "image": "https://www.jumbo.com/dam-images/fit-in/360x360/Products/01032025_1740797455493_1740797525683_559616_DS_08720182929488_H1N1.png",
    "available": true,
    "promoUntil": null
  },
  {
    "id": "515063DS",
    "title": "Koopmans Zelfrijzend bakmeel 500 g",
    "category": "Ontbijt, broodbeleg en bakproducten",
    "price": 0.93,
    "promoPrice": null,
    "pricePerUnit": "1.86 kg",
    "image": "https://www.jumbo.com/dam-images/fit-in/360x360/Products/17042025_1744858619738_1744858627814_515063_DS_08710466317728_C1N1_s02.png",
    "available": true,
    "promoUntil": null
  },
  {
    "id": "49079BAK",
    "title": "Jumbo Nectarines Geelvlezig 1KG",
    "category": "Aardappelen, groente en fruit",
    "price": 3.29,
    "promoPrice": null,
    "pricePerUnit": "3.29 kg",
    "image": "https://www.jumbo.com/dam-images/fit-in/360x360/Products/49079BAK17a31fa25-fa16-4070-9232-14b6e470eb64-1718015597678.png",
    "available": true,
    "promoUntil": null
  },
  {
    "id": "655495STK",
    "title": "Jumbo Slagersachterham 140 g",
    "category": "Vleeswaren, kaas en tapas",
    "price": 2.79,
    "promoPrice": null,
    "pricePerUnit": "19.93 kg",
    "image": "https://www.jumbo.com/dam-images/fit-in/360x360/Products/25112024_1732548796275_1732548801939_8718452875528_1.png",
    "available": true,
    "promoUntil": null
  },
  {
    "id": "640595KGR",
    "title": "Jumbo Achterham ca. 100 g",
    "category": "Vleeswaren, kaas en tapas",
    "price": 2.5,
    "promoPrice": null,
    "pricePerUnit": "25.0 kg",
    "image": "https://www.jumbo.com/dam-images/fit-in/360x360/Products/04072025_1751617996275_1751618004139_2348850000000_1.png",
    "available": true,
    "promoUntil": null
  },
  {
    "id": "216698STK",
    "title": "Zonnatura Biologische Thee - 100% Kurkuma Gember",
    "category": "Koffie en thee",
    "price": 2.59,
    "promoPrice": null,
    "pricePerUnit": "0.13 pieces",
    "image": "https://www.jumbo.com/dam-images/fit-in/360x360/Products/11072025_1752196678379_1752196687172_216698_STK_08711812418311_H1N1.png",
    "available": true,
    "promoUntil": null
  },
  {
    "id": "683487BAK",
    "title": "Jumbo Roerbakgarnalen Gemarineerd 190 g",
    "category": "Vlees, vis en vega",
    "price": 5.64,
    "promoPrice": null,
    "pricePerUnit": "29.68 kg",
    "image": "https://www.jumbo.com/dam-images/fit-in/360x360/Products/10042025_1744299169154_1744299185623_8718452901265_1.png",
    "available": true,
    "promoUntil": null
  },
  {
    "id": "336284ZK",
    "title": "Jumbo Aardappelen Kruimig 800 g",
    "category": "Aardappelen, groente en fruit",
    "price": 1.55,
    "promoPrice": null,
    "pricePerUnit": "1.94 kg",
    "image": "https://www.jumbo.com/dam-images/fit-in/360x360/Products/09072024_1720517665261_1720517671435_8718452801527_1.png",
    "available": true,
    "promoUntil": null
  },
  {
    "id": "446158PAK",
    "title": "Jumbo Mineraalwater Bruisend Fles 6 x 1,5 L",
    "category": "Frisdrank en sappen",
    "price": 3.31,
    "promoPrice": null,
    "pricePerUnit": "0.37 l",
    "image": "https://www.jumbo.com/dam-images/fit-in/360x360/Products/10062025_1749547947054_1749547955139_8718452640539_1.png",
    "available": true,
    "promoUntil": null
  },
  {
    "id": "563546PAK",
    "title": "Alpro Plantaardige Variatie Op Drinkyoghurt Mango-Passievrucht Gekoeld 750ml",
    "category": "Zuivel, eieren, boter",
    "price": 2.69,
    "promoPrice": null,
    "pricePerUnit": "3.59 l",
    "image": "https://www.jumbo.com/dam-images/fit-in/360x360/Products/13032025_1741833777561_1741833782095_563546_PAK_05411188138594_H1N1.png",
    "available": true,
    "promoUntil": null
  },
  {
    "id": "638048KRT",
    "title": "Pitt Bier Krat 24 x 300ML",
    "category": "Bier en wijn",
    "price": 6.3,
    "promoPrice": null,
    "pricePerUnit": "0.88 l",
    "image": "https://www.jumbo.com/dam-images/fit-in/360x360/Products/12122024_1734014363590_1734014367475_25002010_1.png",
    "available": true,
    "promoUntil": null
  },
  {
    "id": "139869STK",
    "title": "Zonnatura Bio Oplosthee Groene Thee, Munt & Kamille 200 g",
    "category": "Koffie en thee",
    "price": 2.39,
    "promoPrice": null,
    "pricePerUnit": "11.95 kg",
    "image": "https://www.jumbo.com/dam-images/fit-in/360x360/Products/08122023_1702002991778_1702002996370_139869_STK_08711812407773_C1N1.png",
    "available": true,
    "promoUntil": null
  },
  {
    "id": "455612FLS",
    "title": "Friesche Vlag Goudband Volle Koffiemelk 140 ml",
    "category": "Koffie en thee",
    "price": 0.94,
    "promoPrice": null,
    "pricePerUnit": "6.71 l",
    "image": "https://www.jumbo.com/dam-images/fit-in/360x360/Products/01072025_1751358767609_1751358770926_8712800100898_1.png",
    "available": true,
    "promoUntil": null
  },
  {
    "id": "577176POT",
    "title": "Bonne Maman Aardbeien Fijn Gezeefd Zonder Stukjes 345 g",
    "category": "Ontbijt, broodbeleg en bakproducten",
    "price": 3.55,
    "promoPrice": null,
    "pricePerUnit": "10.29 kg",
    "image": "https://www.jumbo.com/dam-images/fit-in/360x360/Products/14022024_1707873255386_1707873264363_3608580124313_1.png",
    "available": true,
    "promoUntil": null
  },
  {
    "id": "352849DSL",
    "title": "Nescafé Dolce Gusto Latte Macchiato capsules - 3 x 16 koffiecups",
    "category": "Koffie en thee",
    "price": 17.97,
    "promoPrice": 15.27,
    "pricePerUnit": "0.32 pieces",
    "image": "https://www.jumbo.com/dam-images/fit-in/360x360/Products/76130375260281d0cdf03-fd23-48c9-9f88-1d191a464827-1751543766157.png",
    "available": true,
    "promoUntil": "di 7 okt"
  },
  {
    "id": "160184DS",
    "title": "Jumbo Biologisch Rietsuikerklontjes 500 g",
    "category": "Ontbijt, broodbeleg en bakproducten",
    "price": 2.75,
    "promoPrice": null,
    "pricePerUnit": "5.5 kg",
    "image": "https://www.jumbo.com/dam-images/fit-in/360x360/Products/29092023_1695996115683_1695996119738_8718452632367_1.png",
    "available": true,
    "promoUntil": null
  },
  {
    "id": "634433CUP",
    "title": "ísey Skyr Coconut - Lemon Air Mousse 125 g",
    "category": "Zuivel, eieren, boter",
    "price": 1.69,
    "promoPrice": null,
    "pricePerUnit": "13.52 kg",
    "image": "https://www.jumbo.com/dam-images/fit-in/360x360/Products/08082024_1723102459107_1723102462647_5690845002731_1.png",
    "available": true,
    "promoUntil": null
  },
  {
    "id": "434732FLS",
    "title": "AA Drink High Energy met sportcap 330 ml",
    "category": "Frisdrank en sappen",
    "price": 0.99,
    "promoPrice": null,
    "pricePerUnit": "3.0 l",
    "image": "https://www.jumbo.com/dam-images/fit-in/360x360/Products/AA330mlHighEnergySport62d0efe8-8a46-47e6-b87f-619f1492a594-1737625730122.png",
    "available": true,
    "promoUntil": null
  },
  {
    "id": "622899FLS",
    "title": "Jumbo Pittige Knoflook Saus 300 ml",
    "category": "Conserven, soepen, sauzen, oliën",
    "price": 1.29,
    "promoPrice": null,
    "pricePerUnit": "4.3 l",
    "image": "https://www.jumbo.com/dam-images/fit-in/360x360/Products/31052024_1717151660975_1717151664610_8718452804900_1.png",
    "available": true,
    "promoUntil": null
  },
  {
    "id": "352839DS",
    "title": "Clipper Orange & Turmeric Organic Infusion 20 Zakjes 40 g",
    "category": "Koffie en thee",
    "price": 3.69,
    "promoPrice": null,
    "pricePerUnit": "0.18 pieces",
    "image": "https://www.jumbo.com/dam-images/fit-in/360x360/Products/08082025_1754616090143_1754616094664_352839_DS_05021991941566_C1N1.png",
    "available": true,
    "promoUntil": null
  },
  {
    "id": "582813STK",
    "title": "Jumbo Goudse Kaas 48+ Stuk Belegen Voordeelverpakking 950 g",
    "category": "Vleeswaren, kaas en tapas",
    "price": 8.84,
    "promoPrice": null,
    "pricePerUnit": "9.31 kg",
    "image": "https://www.jumbo.com/dam-images/fit-in/360x360/Products/14112023_1699975989586_1699976005776_8718452695201_1.png",
    "available": true,
    "promoUntil": null
  },
  {
    "id": "688758STK",
    "title": "Jumbo Scharrel Kipfilet Ovengebakken 115 g",
    "category": "Vleeswaren, kaas en tapas",
    "price": 2.79,
    "promoPrice": null,
    "pricePerUnit": "24.26 kg",
    "image": "https://www.jumbo.com/dam-images/fit-in/360x360/Products/688758STKa8319b46-12a4-4580-b678-836772ed044e-1755768689130.png",
    "available": true,
    "promoUntil": null
  },
  {
    "id": "202252DSL",
    "title": "Unox Good Pasta Romige Kaassaus 8 x 69 g ",
    "category": "Conserven, soepen, sauzen, oliën",
    "price": 17.52,
    "promoPrice": null,
    "pricePerUnit": "31.74 kg",
    "image": "https://www.jumbo.com/dam-images/fit-in/360x360/Products/87141008297767ff7b6a9-aea3-4214-8c1e-c0526e56f40b-1743771605457.png",
    "available": true,
    "promoUntil": null
  },
  {
    "id": "159052CUP",
    "title": "Cup Noodles Soba Wok Style Teriyaki 90 g",
    "category": "Conserven, soepen, sauzen, oliën",
    "price": 2.49,
    "promoPrice": null,
    "pricePerUnit": "27.67 kg",
    "image": "https://www.jumbo.com/dam-images/fit-in/360x360/Products/05032024_1709608752798_1709608774078_159052_CUP_05997523313159_C1N1.png",
    "available": true,
    "promoUntil": null
  },
  {
    "id": "382709KGR",
    "title": "Jumbo Kalkoen Schnitzel ca. 300 g",
    "category": "Vlees, vis en vega",
    "price": 6.24,
    "promoPrice": null,
    "pricePerUnit": "20.79 kg",
    "image": "https://www.jumbo.com/dam-images/fit-in/360x360/Products/05112024_1730817307093_1730817313726_2328209000000_1.png",
    "available": true,
    "promoUntil": null
  },
  {
    "id": "636180DS",
    "title": "Bolletje Goed Bezig! 22% Proteïne 9 Stuks 200 g",
    "category": "Koek, snoep, chocolade en chips",
    "price": 2.47,
    "promoPrice": null,
    "pricePerUnit": "12.35 kg",
    "image": "https://www.jumbo.com/dam-images/fit-in/360x360/Products/20082025_1755664362273_1755664370912_8710482534871_1.png",
    "available": true,
    "promoUntil": null
  },
  {
    "id": "562229DS",
    "title": "De Vegetarische Slager Kip Krockant Vegan 200 g",
    "category": "Vlees, vis en vega",
    "price": 4.99,
    "promoPrice": null,
    "pricePerUnit": "24.95 kg",
    "image": "https://www.jumbo.com/dam-images/fit-in/360x360/Products/15082025_1755226492885_1755226555133_562229_DS_08720182617057_H1N1.png",
    "available": true,
    "promoUntil": null
  },
  {
    "id": "216697STK",
    "title": "Clipper Detox Organic Green Tea 20 Zakjes 40 g",
    "category": "Koffie en thee",
    "price": 3.62,
    "promoPrice": null,
    "pricePerUnit": "0.18 pieces",
    "image": "https://www.jumbo.com/dam-images/fit-in/360x360/Products/15032025_1742000422087_1742000446796_5021991941368_596.png",
    "available": true,
    "promoUntil": null
  },
  {
    "id": "440948DS",
    "title": "Starbucks® by Nespresso ® Blonde Espresso Roast 18 Koffiecups",
    "category": "Koffie en thee",
    "price": 7.79,
    "promoPrice": null,
    "pricePerUnit": "0.43 pieces",
    "image": "https://www.jumbo.com/dam-images/fit-in/360x360/Products/06052025_1746559968027_1746559973950_7613287417817_1.png",
    "available": true,
    "promoUntil": null
  },
  {
    "id": "693588POT",
    "title": "Nescafe Gold Gemalen koffie 190g",
    "category": "Koffie en thee",
    "price": 8.49,
    "promoPrice": null,
    "pricePerUnit": "44.68 kg",
    "image": "https://www.jumbo.com/dam-images/fit-in/360x360/Products/15042025_1744710233854_1744710238020_693588_POT_08445291784468_C1N1_EMENA_1736422975871.png",
    "available": true,
    "promoUntil": null
  },
  {
    "id": "359189FLS",
    "title": "Raak Vruchtensiroop Aardbeien 0,75 L",
    "category": "Frisdrank en sappen",
    "price": 3.49,
    "promoPrice": null,
    "pricePerUnit": "4.65 l",
    "image": "https://www.jumbo.com/dam-images/fit-in/360x360/Products/25052024_1716604490763_1716604497465_359189_FLS_00000087222814_C1N1.png",
    "available": true,
    "promoUntil": null
  },
  {
    "id": "443515POT",
    "title": "Kesbeke Amsterdamse Zilveruien 495 g",
    "category": "Conserven, soepen, sauzen, oliën",
    "price": 2.39,
    "promoPrice": null,
    "pricePerUnit": "9.96 kg",
    "image": "https://www.jumbo.com/dam-images/fit-in/360x360/Products/14022024_1707872754039_1707872767874_8711271115950_1.png",
    "available": true,
    "promoUntil": null
  },
  {
    "id": "356193CUP",
    "title": "Cup Noodles Soba Wok Style Yakitori Chicken 89 g",
    "category": "Conserven, soepen, sauzen, oliën",
    "price": 2.49,
    "promoPrice": null,
    "pricePerUnit": "27.98 kg",
    "image": "https://www.jumbo.com/dam-images/fit-in/360x360/Products/07032024_1709781148392_1709781188119_356193_CUP_05997523313234_C1N1.png",
    "available": true,
    "promoUntil": null
  },
  {
    "id": "688480STK",
    "title": "Jumbo High Protein Kwark Perzik Passievrucht 200 g",
    "category": "Zuivel, eieren, boter",
    "price": 1.29,
    "promoPrice": null,
    "pricePerUnit": "6.45 kg",
    "image": "https://www.jumbo.com/dam-images/fit-in/360x360/Products/24042025_1745487269071_1745487280686_8718452862627_596.png",
    "available": true,
    "promoUntil": null
  },
  {
    "id": "696501ZK",
    "title": "Jumbo Blauwe Rozijnen 250 g",
    "category": "Ontbijt, broodbeleg en bakproducten",
    "price": 1.89,
    "promoPrice": null,
    "pricePerUnit": "7.56 kg",
    "image": "https://www.jumbo.com/dam-images/fit-in/360x360/Products/30062025_1751293988125_1751293993669_8718452924851_1.png",
    "available": true,
    "promoUntil": null
  },
  {
    "id": "681276TRA",
    "title": "Jumbo Falafel Naturel Voordeelverpakking 360 g",
    "category": "Vlees, vis en vega",
    "price": 2.69,
    "promoPrice": null,
    "pricePerUnit": "7.47 kg",
    "image": "https://www.jumbo.com/dam-images/fit-in/360x360/Products/06032025_1741249973522_1741249983881_8718452854363_1.png",
    "available": true,
    "promoUntil": null
  },
  {
    "id": "80337KRT",
    "title": "De Klok - Pils - Krat - 24 x 300ML",
    "category": "Bier en wijn",
    "price": 11.59,
    "promoPrice": null,
    "pricePerUnit": "1.61 l",
    "image": "https://www.jumbo.com/dam-images/fit-in/360x360/Products/08716700025145C1N18ce799a7-1929-448d-be7b-2637db1294c2-1758096919794.png",
    "available": true,
    "promoUntil": null
  },
  {
    "id": "302245STK",
    "title": "Jumbo Courgette",
    "category": "Aardappelen, groente en fruit",
    "price": 0.65,
    "promoPrice": null,
    "pricePerUnit": "0.65 pieces",
    "image": "https://www.jumbo.com/dam-images/fit-in/360x360/Products/12122024_1734014722570_1734014725364_25003017_1.png",
    "available": true,
    "promoUntil": null
  },
  {
    "id": "416938DS",
    "title": "TastyBasics Low Carb - High Protein Granola Naturel",
    "category": "Ontbijt, broodbeleg en bakproducten",
    "price": 3.54,
    "promoPrice": null,
    "pricePerUnit": "10.11 kg",
    "image": "https://www.jumbo.com/dam-images/fit-in/360x360/Products/09072025_1752064368734_1752064375150_8718868678454_1.png",
    "available": true,
    "promoUntil": null
  },
  {
    "id": "302252ZK",
    "title": "Jumbo Sperziebonen 500 g",
    "category": "Aardappelen, groente en fruit",
    "price": 1.75,
    "promoPrice": 1.49,
    "pricePerUnit": "2.98 kg",
    "image": "https://www.jumbo.com/dam-images/fit-in/360x360/Products/18092023_1695031670249_1695031680461_8718452298525_1.png",
    "available": true,
    "promoUntil": "di 30 sep"
  },
  {
    "id": "144098FLS",
    "title": "Sun d'Or Siroop Framboos 1 L",
    "category": "Frisdrank en sappen",
    "price": 1.99,
    "promoPrice": null,
    "pricePerUnit": "1.99 l",
    "image": "https://www.jumbo.com/dam-images/fit-in/360x360/Products/14022024_1707873214712_1707873218148_8717399846783_1.png",
    "available": true,
    "promoUntil": null
  },
  {
    "id": "410141FLS",
    "title": "Alesie Rijstolie Frituurolie 2 L",
    "category": "Conserven, soepen, sauzen, oliën",
    "price": 8.8,
    "promoPrice": null,
    "pricePerUnit": "4.4 l",
    "image": "https://www.jumbo.com/dam-images/fit-in/360x360/Products/16012024_1705397643022_1705397652591_8906012510129_1.png",
    "available": true,
    "promoUntil": null
  },
  {
    "id": "580175DS",
    "title": "De Vegetarische Slager Zweedsche Gehacktballetjes Vegan 180 g",
    "category": "Vlees, vis en vega",
    "price": 4.15,
    "promoPrice": null,
    "pricePerUnit": "23.06 kg",
    "image": "https://www.jumbo.com/dam-images/fit-in/360x360/Products/24092025_1758676487005_1758676557062_580175_DS_08720182685179_H1N1.png",
    "available": true,
    "promoUntil": null
  },
  {
    "id": "82520FLS",
    "title": "Jumbo Acacia Honing Mild & Zoet 350 g",
    "category": "Koffie en thee",
    "price": 2.75,
    "promoPrice": null,
    "pricePerUnit": "7.86 kg",
    "image": "https://www.jumbo.com/dam-images/fit-in/360x360/Products/18062025_1750257312399_1750257317672_8718452877713_1.png",
    "available": true,
    "promoUntil": null
  },
  {
    "id": "81165POT",
    "title": "Hak Veldertjes Jonge Kapucijners 355 g",
    "category": "Conserven, soepen, sauzen, oliën",
    "price": 2.59,
    "promoPrice": null,
    "pricePerUnit": "11.77 kg",
    "image": "https://www.jumbo.com/dam-images/fit-in/360x360/Products/20082024_1724120392832_1724120395645_81165_POT_08720600608773_H1N1.png",
    "available": true,
    "promoUntil": null
  },
  {
    "id": "391893ZK",
    "title": "Jumbo Minikrieltjes Bistro 600 g",
    "category": "Aardappelen, groente en fruit",
    "price": 1.29,
    "promoPrice": null,
    "pricePerUnit": "2.15 kg",
    "image": "https://www.jumbo.com/dam-images/fit-in/360x360/Products/16072024_1721144059490_1721144068245_8718452819133_1.png",
    "available": true,
    "promoUntil": null
  },
  {
    "id": "385149KP",
    "title": "Kips Vega Paté 125 g",
    "category": "Vleeswaren, kaas en tapas",
    "price": 2.35,
    "promoPrice": null,
    "pricePerUnit": "18.8 kg",
    "image": "https://www.jumbo.com/dam-images/fit-in/360x360/Products/26022025_1740573212532_1740573220222_8710991000874_1.png",
    "available": true,
    "promoUntil": null
  },
  {
    "id": "348219DS",
    "title": "Nature Valley Crunchy Haver en Pure Chocolade 10 Bars 5 x 42 g",
    "category": "Ontbijt, broodbeleg en bakproducten",
    "price": 3.16,
    "promoPrice": null,
    "pricePerUnit": "15.05 kg",
    "image": "https://www.jumbo.com/dam-images/fit-in/360x360/Products/14022024_1707873497290_1707873513397_8410076601421_1.png",
    "available": true,
    "promoUntil": null
  },
  {
    "id": "539042DS",
    "title": "Heineken Premium Pilsener Bier Blik 24 x 330ml Tray",
    "category": "Bier en wijn",
    "price": 23.99,
    "promoPrice": 19.99,
    "pricePerUnit": "3.03 l",
    "image": "https://www.jumbo.com/dam-images/fit-in/360x360/Products/07012025_1736267674396_1736267678455_8712000058937_1.png",
    "available": true,
    "promoUntil": "di 7 okt"
  },
  {
    "id": "94150POT",
    "title": "Hak Worteltjes 190 g",
    "category": "Conserven, soepen, sauzen, oliën",
    "price": 1.49,
    "promoPrice": null,
    "pricePerUnit": "12.42 kg",
    "image": "https://www.jumbo.com/dam-images/fit-in/360x360/Products/20082024_1724121040628_1724121043856_94150_POT_08720600609039_H1N1.png",
    "available": true,
    "promoUntil": null
  },
  {
    "id": "669608PKL",
    "title": "Ariel 3in1 PODS Original, Wasmiddel Capsules 4 x 15",
    "category": "Huishouden en dieren",
    "price": 51.96,
    "promoPrice": 36.37,
    "pricePerUnit": "0.87 pieces",
    "image": "https://www.jumbo.com/dam-images/fit-in/360x360/Products/87002166487765633c548-20ef-411e-b6b1-9adef87b429b-1743403057646.png",
    "available": true,
    "promoUntil": "di 7 okt"
  },
  {
    "id": "685504DS",
    "title": "Clipper Mighty Mint Organic Infusion 20 Stuks 32 g",
    "category": "Koffie en thee",
    "price": 3.69,
    "promoPrice": null,
    "pricePerUnit": "115.31 kg",
    "image": "https://www.jumbo.com/dam-images/fit-in/360x360/Products/24042025_1745459844188_1745459852497_685504_DS_05021991944369_H1N1.png",
    "available": true,
    "promoUntil": null
  },
  {
    "id": "644678ZK",
    "title": "Jumbo Granola Rood Fruit 350 g",
    "category": "Ontbijt, broodbeleg en bakproducten",
    "price": 2.99,
    "promoPrice": null,
    "pricePerUnit": "8.54 kg",
    "image": "https://www.jumbo.com/dam-images/fit-in/360x360/Products/24092024_1727192005664_1727192011869_8718452844708_1.png",
    "available": true,
    "promoUntil": null
  },
  {
    "id": "564532PAK",
    "title": "Jumbo Green Ice Tea Pure 1,5 L",
    "category": "Frisdrank en sappen",
    "price": 1.49,
    "promoPrice": null,
    "pricePerUnit": "0.99 l",
    "image": "https://www.jumbo.com/dam-images/fit-in/360x360/Products/14022024_1707873496105_1707873499833_8718452615964_1.png",
    "available": true,
    "promoUntil": null
  },
  {
    "id": "207032TUB",
    "title": "Zeisner Schaschlik Saus 800 ml",
    "category": "Conserven, soepen, sauzen, oliën",
    "price": 4.49,
    "promoPrice": null,
    "pricePerUnit": "5.61 l",
    "image": "https://www.jumbo.com/dam-images/fit-in/360x360/Products/28092023_1695921059137_1695921063161_4003879130027_1.png",
    "available": true,
    "promoUntil": null
  },
  {
    "id": "624147DS",
    "title": "BioToday Notenmixreep 3 x 25 g",
    "category": "Koek, snoep, chocolade en chips",
    "price": 2.96,
    "promoPrice": null,
    "pricePerUnit": "39.47 kg",
    "image": "https://www.jumbo.com/dam-images/fit-in/360x360/Products/19062025_1750322025057_1750322035705_8718858932900_1.png",
    "available": true,
    "promoUntil": null
  },
  {
    "id": "578770DS",
    "title": "Danone Twix Mix Yoghurt 120 g",
    "category": "Zuivel, eieren, boter",
    "price": 1.29,
    "promoPrice": null,
    "pricePerUnit": "10.75 kg",
    "image": "https://www.jumbo.com/dam-images/fit-in/360x360/Products/07052024_1715047087910_1715047091263_578770_DS_04009700033765_C1N1.png",
    "available": true,
    "promoUntil": null
  },
  {
    "id": "705295ZK",
    "title": "Fijn Volkorenbrood",
    "category": "Brood en gebak",
    "price": 0.94,
    "promoPrice": null,
    "pricePerUnit": "1.18 kg",
    "image": "https://www.jumbo.com/dam-images/fit-in/360x360/Products/22042024_1713800059490_1713800072246_8718452706761_1.png",
    "available": true,
    "promoUntil": null
  },
  {
    "id": "577340CUP",
    "title": "Alpro Protein Pudding Chocolade Smaak 200g",
    "category": "Zuivel, eieren, boter",
    "price": 2.39,
    "promoPrice": null,
    "pricePerUnit": "11.95 kg",
    "image": "https://www.jumbo.com/dam-images/fit-in/360x360/Products/13032025_1741832356883_1741832361384_577340_CUP_05411188137764_H1N1.png",
    "available": true,
    "promoUntil": null
  },
  {
    "id": "646528ZK",
    "title": "Jumbo's Medium Roast Brasil & Colombia Romig & Zacht 500 g",
    "category": "Koffie en thee",
    "price": 11.79,
    "promoPrice": null,
    "pricePerUnit": "23.58 kg",
    "image": "https://www.jumbo.com/dam-images/fit-in/360x360/Products/12122024_1734003202541_1734003211485_8718452850136_1.png",
    "available": true,
    "promoUntil": null
  },
  {
    "id": "529425TRA",
    "title": "Jumbo Custard Cakejes met Roomboter 240 g",
    "category": "Koek, snoep, chocolade en chips",
    "price": 1.69,
    "promoPrice": null,
    "pricePerUnit": "7.04 kg",
    "image": "https://www.jumbo.com/dam-images/fit-in/360x360/Products/03032025_1741030348769_1741030355731_8718452669837_1.png",
    "available": true,
    "promoUntil": null
  },
  {
    "id": "522934DS",
    "title": "Jumbo Ei Salade 200 g",
    "category": "Vleeswaren, kaas en tapas",
    "price": 2.96,
    "promoPrice": null,
    "pricePerUnit": "14.8 kg",
    "image": "https://www.jumbo.com/dam-images/fit-in/360x360/Products/11122023_1702297983972_1702297988548_8718452665365_1.png",
    "available": true,
    "promoUntil": null
  },
  {
    "id": "703834ZK",
    "title": "Maggi Jus Rundvlees 18 g",
    "category": "Conserven, soepen, sauzen, oliën",
    "price": 0.75,
    "promoPrice": null,
    "pricePerUnit": "41.67 kg",
    "image": "https://www.jumbo.com/dam-images/fit-in/360x360/Products/23092025_1758592950395_1758592962387_703834_ZK_08445290408686_C1N1_s01.png",
    "available": true,
    "promoUntil": null
  },
  {
    "id": "294739STK",
    "title": "Jumbo's - Schotel Spelt Bruin - Knapperig en Vers",
    "category": "Brood en gebak",
    "price": 3.09,
    "promoPrice": null,
    "pricePerUnit": "3.09 pieces",
    "image": "https://www.jumbo.com/dam-images/fit-in/360x360/Products/25042025_1745588007863_1745588019142_8718452771974_2.png",
    "available": true,
    "promoUntil": null
  },
  {
    "id": "185052STK",
    "title": "Valess Vega Saté Schnitzel 2 stuks 180g",
    "category": "Vlees, vis en vega",
    "price": 3.79,
    "promoPrice": null,
    "pricePerUnit": "21.06 kg",
    "image": "https://www.jumbo.com/dam-images/fit-in/360x360/Products/12092025_1757680395631_1757680403765_8712800037262_1.png",
    "available": true,
    "promoUntil": null
  },
  {
    "id": "304661BAK",
    "title": "Jumbo Middelgrote Champignons 400 g",
    "category": "Aardappelen, groente en fruit",
    "price": 1.85,
    "promoPrice": null,
    "pricePerUnit": "4.63 kg",
    "image": "https://www.jumbo.com/dam-images/fit-in/360x360/Products/15082024_1723739658689_1723739666419_8718452833085_1.png",
    "available": true,
    "promoUntil": null
  },
  {
    "id": "622910FLS",
    "title": "Jumbo Barbecuesaus 300ML",
    "category": "Conserven, soepen, sauzen, oliën",
    "price": 1.49,
    "promoPrice": null,
    "pricePerUnit": "4.97 l",
    "image": "https://www.jumbo.com/dam-images/fit-in/360x360/Products/09072024_1720517787782_1720517792106_8718452804924_1.png",
    "available": true,
    "promoUntil": null
  },
  {
    "id": "516700DS",
    "title": "De Vegetarische Slager Kiptevree Filet Vegan 180 g",
    "category": "Vlees, vis en vega",
    "price": 4.89,
    "promoPrice": null,
    "pricePerUnit": "27.17 kg",
    "image": "https://www.jumbo.com/dam-images/fit-in/360x360/Products/03042025_1743642527784_1743642602924_516700_DS_08720181254772_H1N1.png",
    "available": true,
    "promoUntil": null
  },
  {
    "id": "463665STK",
    "title": "Jumbo's - Schotel Meergranen Volkoren - Knapperig en Vers",
    "category": "Brood en gebak",
    "price": 2.69,
    "promoPrice": null,
    "pricePerUnit": "2.69 pieces",
    "image": "https://www.jumbo.com/dam-images/fit-in/360x360/Products/14062024_1718368425877_1718368437331_8718452771950_2.png",
    "available": true,
    "promoUntil": null
  },
  {
    "id": "578147CUP",
    "title": "HiPRO Protein Skyr Stijl Stracciatella 160 g",
    "category": "Zuivel, eieren, boter",
    "price": 1.49,
    "promoPrice": 1.11,
    "pricePerUnit": "6.94 kg",
    "image": "https://www.jumbo.com/dam-images/fit-in/360x360/Products/07032025_1741354387857_1741354395551_8713788123862_1.png",
    "available": true,
    "promoUntil": "di 7 okt"
  },
  {
    "id": "505811DS",
    "title": "Koopmans Custard vanillesmaak 300 g",
    "category": "Ontbijt, broodbeleg en bakproducten",
    "price": 0.98,
    "promoPrice": null,
    "pricePerUnit": "3.27 kg",
    "image": "https://www.jumbo.com/dam-images/fit-in/360x360/Products/17042025_1744853052652_1744853057538_505811_DS_08710466315021_C1N1_s02.png",
    "available": true,
    "promoUntil": null
  },
  {
    "id": "428014PAK",
    "title": "Jumbo Mineraalwater Zonder Koolzuur Fles 6 x 1,5 L",
    "category": "Frisdrank en sappen",
    "price": 3.59,
    "promoPrice": null,
    "pricePerUnit": "0.4 l",
    "image": "https://www.jumbo.com/dam-images/fit-in/360x360/Products/27052025_1748349168904_1748349178159_8718452766208_1.png",
    "available": true,
    "promoUntil": null
  },
  {
    "id": "589660ZK",
    "title": "Jumbo Geraspte Kaas Belegen 48+ Voordeelverpakking 500 g",
    "category": "Vleeswaren, kaas en tapas",
    "price": 7.99,
    "promoPrice": null,
    "pricePerUnit": "15.98 kg",
    "image": "https://www.jumbo.com/dam-images/fit-in/360x360/Products/24042024_1713969252790_1713969260105_8718452745456_1.png",
    "available": true,
    "promoUntil": null
  },
  {
    "id": "338075PAK",
    "title": "Jumbo Bakkers Krakelingen met Roomboter 200 g",
    "category": "Koek, snoep, chocolade en chips",
    "price": 1.91,
    "promoPrice": null,
    "pricePerUnit": "9.55 kg",
    "image": "https://www.jumbo.com/dam-images/fit-in/360x360/Products/01042025_1743521632080_1743521636242_8718452805334_1.png",
    "available": true,
    "promoUntil": null
  },
  {
    "id": "598597BLK",
    "title": "Salland Kalfsragout 400 g",
    "category": "Conserven, soepen, sauzen, oliën",
    "price": 1.49,
    "promoPrice": null,
    "pricePerUnit": "3.73 kg",
    "image": "https://www.jumbo.com/dam-images/fit-in/360x360/Products/26022025_1740573214515_1740573223419_8711667001225_1.png",
    "available": true,
    "promoUntil": null
  },
  {
    "id": "73646PAK",
    "title": "Alpro Sojadrink Gekoeld 1L",
    "category": "Zuivel, eieren, boter",
    "price": 2.69,
    "promoPrice": null,
    "pricePerUnit": "2.69 l",
    "image": "https://www.jumbo.com/dam-images/fit-in/360x360/Products/15112023_1700022521093_1700022526253_73646_PAK_.png",
    "available": true,
    "promoUntil": null
  },
  {
    "id": "391875ZK",
    "title": "Jumbo Aardappelschijfjes 600 g",
    "category": "Aardappelen, groente en fruit",
    "price": 1.19,
    "promoPrice": null,
    "pricePerUnit": "1.98 kg",
    "image": "https://www.jumbo.com/dam-images/fit-in/360x360/Products/18062024_1718724829666_1718724837205_8718452801503_1.png",
    "available": true,
    "promoUntil": null
  },
  {
    "id": "420941DS",
    "title": "Pickwick Herbal Super Blends Energy Kruidenthee",
    "category": "Koffie en thee",
    "price": 2.39,
    "promoPrice": null,
    "pricePerUnit": "0.16 pieces",
    "image": "https://www.jumbo.com/dam-images/fit-in/360x360/Products/25032024_1711381275720_1711381286164_8711000484272_1.png",
    "available": true,
    "promoUntil": null
  },
  {
    "id": "478894STK",
    "title": "Compaxo Broodje Rookworst 330 g",
    "category": "Conserven, soepen, sauzen, oliën",
    "price": 4.35,
    "promoPrice": null,
    "pricePerUnit": "13.18 kg",
    "image": "https://www.jumbo.com/dam-images/fit-in/360x360/Products/09082023_1691590701710_1691590714802_8710939017414_1.png",
    "available": true,
    "promoUntil": null
  },
  {
    "id": "514630DS",
    "title": "De Vegetarische Slager Pluimfeestburger Veganistisch 180 g",
    "category": "Vlees, vis en vega",
    "price": 3.99,
    "promoPrice": null,
    "pricePerUnit": "19.37 kg",
    "image": "https://www.jumbo.com/dam-images/fit-in/360x360/Products/08092025_1757334778954_1757334787844_8720182086396_1.png",
    "available": true,
    "promoUntil": null
  },
  {
    "id": "603217CUP",
    "title": "Alpro Protein Red Berries 200g",
    "category": "Zuivel, eieren, boter",
    "price": 2.09,
    "promoPrice": null,
    "pricePerUnit": "10.45 kg",
    "image": "https://www.jumbo.com/dam-images/fit-in/360x360/Products/19012024_1705664110199_1705664114923_5411188139560_1.png",
    "available": true,
    "promoUntil": null
  },
  {
    "id": "427785FLS",
    "title": "Jumbo Cola Zero Sugar 1,5 L",
    "category": "Frisdrank en sappen",
    "price": 0.99,
    "promoPrice": null,
    "pricePerUnit": "0.66 l",
    "image": "https://www.jumbo.com/dam-images/fit-in/360x360/Products/10082023_1691675813326_1691675824637_8718452537280_1.png",
    "available": true,
    "promoUntil": null
  },
  {
    "id": "578365CUP",
    "title": "Almhof Chocolademousse Wit 200 g",
    "category": "Zuivel, eieren, boter",
    "price": 1.89,
    "promoPrice": null,
    "pricePerUnit": "9.45 kg",
    "image": "https://www.jumbo.com/dam-images/fit-in/360x360/Products/12072025_1752284595162_1752284613314_578365_CUP_.png",
    "available": true,
    "promoUntil": null
  },
  {
    "id": "79503POT",
    "title": "Hak Kapucijners 365 g",
    "category": "Conserven, soepen, sauzen, oliën",
    "price": 2.09,
    "promoPrice": null,
    "pricePerUnit": "9.29 kg",
    "image": "https://www.jumbo.com/dam-images/fit-in/360x360/Products/79503_8720600608766_1_T1_79503POT1691391067471.png",
    "available": true,
    "promoUntil": null
  },
  {
    "id": "699003FLS",
    "title": "Bertolli Originale extra vierge olijfolie knijpfles",
    "category": "Conserven, soepen, sauzen, oliën",
    "price": 7.99,
    "promoPrice": null,
    "pricePerUnit": "17.37 l",
    "image": "https://www.jumbo.com/dam-images/fit-in/360x360/Products/08082025_1754652804506_1754652810110_8002470033467_596.png",
    "available": true,
    "promoUntil": null
  },
  {
    "id": "212589ZK",
    "title": "Jumbo Gesneden IJsbergsla 400 g",
    "category": "Aardappelen, groente en fruit",
    "price": 1.99,
    "promoPrice": null,
    "pricePerUnit": "4.98 kg",
    "image": "https://www.jumbo.com/dam-images/fit-in/360x360/Products/12062024_1718202884277_1718202891535_8718452777181_1.png",
    "available": true,
    "promoUntil": null
  },
  {
    "id": "170328ZK",
    "title": "Jumbo Tarwemeel Volkoren 1KG",
    "category": "Ontbijt, broodbeleg en bakproducten",
    "price": 0.85,
    "promoPrice": null,
    "pricePerUnit": "0.85 kg",
    "image": "https://www.jumbo.com/dam-images/fit-in/360x360/Products/10092024_1725978857012_1725978870526_8718452787838_596.png",
    "available": true,
    "promoUntil": null
  },
  {
    "id": "302232BAK",
    "title": "Jumbo Cherry Tomaten 250 g",
    "category": "Aardappelen, groente en fruit",
    "price": 1.15,
    "promoPrice": null,
    "pricePerUnit": "4.6 kg",
    "image": "https://www.jumbo.com/dam-images/fit-in/360x360/Products/09082023_1691581024663_1691581047857_8711715882806_1.png",
    "available": true,
    "promoUntil": null
  },
  {
    "id": "676436DSL",
    "title": "Dreft Platinum Plus All In One Vaatwastabletten Anti-dofheidstechnologie 6 x 19",
    "category": "Huishouden en dieren",
    "price": 83.94,
    "promoPrice": 58.75,
    "pricePerUnit": "0.74 pieces",
    "image": "https://www.jumbo.com/dam-images/fit-in/360x360/Products/87002166525445039e4f9-8202-41af-820b-8a3eb2c3fc2b-1743403057672.png",
    "available": true,
    "promoUntil": "di 7 okt"
  },
  {
    "id": "515060DS",
    "title": "Dr. Oetker Kleurstofstiften (rood, geel, blauw) 45 g",
    "category": "Ontbijt, broodbeleg en bakproducten",
    "price": 2.96,
    "promoPrice": null,
    "pricePerUnit": "65.78 kg",
    "image": "https://www.jumbo.com/dam-images/fit-in/360x360/Products/17042025_1744858699668_1744858703832_515060_DS_08710466315823_C1N1_s02.png",
    "available": true,
    "promoUntil": null
  },
  {
    "id": "634365PAK",
    "title": "Oatly! The Original Barista Light Haverdrank 1 L",
    "category": "Zuivel, eieren, boter",
    "price": 2.89,
    "promoPrice": null,
    "pricePerUnit": "2.89 l",
    "image": "https://www.jumbo.com/dam-images/fit-in/360x360/Products/30082025_1756517171850_1756517176146_634365_PAK_07394376621703_C1N1.png",
    "available": true,
    "promoUntil": null
  },
  {
    "id": "300153STK",
    "title": "Jumbo - Boeren Tijgerbrood Wit",
    "category": "Brood en gebak",
    "price": 1.24,
    "promoPrice": null,
    "pricePerUnit": "1.55 kg",
    "image": "https://www.jumbo.com/dam-images/fit-in/360x360/Products/04092024_1725460582308_1725460595675_8718452825226_1.png",
    "available": true,
    "promoUntil": null
  },
  {
    "id": "410775CUP",
    "title": "Ísey Skyr Licht Gezouten Karamel 400g",
    "category": "Zuivel, eieren, boter",
    "price": 2.99,
    "promoPrice": null,
    "pricePerUnit": "7.48 kg",
    "image": "https://www.jumbo.com/dam-images/fit-in/360x360/Products/07082025_1754559257599_1754559266404_5690845000331_596.png",
    "available": true,
    "promoUntil": null
  },
  {
    "id": "221284BKR",
    "title": "Jumbo Biologisch Halfvolle Biogarde Stand 500 g",
    "category": "Zuivel, eieren, boter",
    "price": 1.49,
    "promoPrice": null,
    "pricePerUnit": "2.98 kg",
    "image": "https://www.jumbo.com/dam-images/fit-in/360x360/Products/24032025_1742833966772_1742833972081_8718452671946_1.png",
    "available": true,
    "promoUntil": null
  },
  {
    "id": "701416DS",
    "title": "Jumbo Mini Kruidnootjesmix Witte Chocolade en Karamelsmaak 300 g",
    "category": "Ontbijt, broodbeleg en bakproducten",
    "price": 2.22,
    "promoPrice": null,
    "pricePerUnit": "7.4 kg",
    "image": "https://www.jumbo.com/dam-images/fit-in/360x360/Products/14082025_1755174816545_1755174829395_8718452928583_596.png",
    "available": true,
    "promoUntil": null
  },
  {
    "id": "621140DSL",
    "title": "Quaker Cruesli Chocolade Ontbijtgranen Voordeelverpakking 4 x 900 gr",
    "category": "Ontbijt, broodbeleg en bakproducten",
    "price": 22.52,
    "promoPrice": null,
    "pricePerUnit": "6.26 kg",
    "image": "https://www.jumbo.com/dam-images/fit-in/360x360/Products/621140DSL189012db8-a29d-49cd-8ffe-6f95859b50ae-1717402804088.png",
    "available": true,
    "promoUntil": null
  },
  {
    "id": "681497STK",
    "title": "Activia Yoghurt Mango 4 x 125 g",
    "category": "Zuivel, eieren, boter",
    "price": 2.89,
    "promoPrice": null,
    "pricePerUnit": "5.78 kg",
    "image": "https://www.jumbo.com/dam-images/fit-in/360x360/Products/30052025_1748568792195_1748568805530_681497_STK_05410146417818_C1N1.png",
    "available": true,
    "promoUntil": null
  },
  {
    "id": "583974DS",
    "title": "Yogi Tea Biologisch Women's Balance 17 Stuks 30,6 g",
    "category": "Koffie en thee",
    "price": 3.99,
    "promoPrice": null,
    "pricePerUnit": "0.23 pieces",
    "image": "https://www.jumbo.com/dam-images/fit-in/360x360/Products/14022024_1707873373921_1707873381624_4012824401600_1.png",
    "available": true,
    "promoUntil": null
  },
  {
    "id": "351631STK",
    "title": "Melvita Biologische Bloemenhoning 500 g",
    "category": "Koffie en thee",
    "price": 4.89,
    "promoPrice": null,
    "pricePerUnit": "9.78 kg",
    "image": "https://www.jumbo.com/dam-images/fit-in/360x360/Products/17012024_1705470536614_1705470543392_351631_STK_08713406450479_C1N1.png",
    "available": true,
    "promoUntil": null
  },
  {
    "id": "588347CUP",
    "title": "Jumbo Naturel 48+ Smeerkaas 200 g",
    "category": "Vleeswaren, kaas en tapas",
    "price": 1.39,
    "promoPrice": null,
    "pricePerUnit": "6.95 kg",
    "image": "https://www.jumbo.com/dam-images/fit-in/360x360/Products/12122024_1734017700109_1734017708696_8718452731077_1.png",
    "available": true,
    "promoUntil": null
  },
  {
    "id": "129391STK",
    "title": "Jumbo IJsbergsla 1 Stuk",
    "category": "Aardappelen, groente en fruit",
    "price": 1.05,
    "promoPrice": null,
    "pricePerUnit": "1.05 pieces",
    "image": "https://www.jumbo.com/dam-images/fit-in/360x360/Products/22102024_1729600446837_1729600455501_8436007010001_1.png",
    "available": true,
    "promoUntil": null
  },
  {
    "id": "576946CUP",
    "title": "Ehrmann High Protein Strawberry Mousse 200 g",
    "category": "Zuivel, eieren, boter",
    "price": 1.99,
    "promoPrice": null,
    "pricePerUnit": "9.95 l",
    "image": "https://www.jumbo.com/dam-images/fit-in/360x360/Products/14022024_1707872837169_1707872845836_4002971207705_1.png",
    "available": true,
    "promoUntil": null
  },
  {
    "id": "487780ZK",
    "title": "Jumbo Wilde Zalm Filet 675 g",
    "category": "Diepvries",
    "price": 7.99,
    "promoPrice": null,
    "pricePerUnit": "11.84 kg",
    "image": "https://www.jumbo.com/dam-images/fit-in/360x360/Products/10082023_1691675814895_1691675824258_8718452581498_1.png",
    "available": true,
    "promoUntil": null
  },
  {
    "id": "144275PAK",
    "title": "Alpro Sojadrink Light Houdbaar 1L",
    "category": "Zuivel, eieren, boter",
    "price": 2.79,
    "promoPrice": null,
    "pricePerUnit": "2.79 l",
    "image": "https://www.jumbo.com/dam-images/fit-in/360x360/Products/29092023_1695955385007_1695955389834_144275_PAK_.png",
    "available": true,
    "promoUntil": null
  },
  {
    "id": "169380TRA",
    "title": "Jumbo Lunetta Spritsen met Cacao en Glazuur 200 g",
    "category": "Koek, snoep, chocolade en chips",
    "price": 1.99,
    "promoPrice": null,
    "pricePerUnit": "9.95 kg",
    "image": "https://www.jumbo.com/dam-images/fit-in/360x360/Products/01042025_1743521631725_1743521635677_8718452887309_1.png",
    "available": true,
    "promoUntil": null
  },
  {
    "id": "583971DS",
    "title": "Yogi Tea Biologisch Classic Thee 17 Stuks 37,4 g",
    "category": "Koffie en thee",
    "price": 3.99,
    "promoPrice": null,
    "pricePerUnit": "0.23 pieces",
    "image": "https://www.jumbo.com/dam-images/fit-in/360x360/Products/14022024_1707873375642_1707873386898_4012824400023_1.png",
    "available": true,
    "promoUntil": null
  },
  {
    "id": "445318STK",
    "title": "Jumbo - Volkoren Bollen - 12 Stuks",
    "category": "Brood en gebak",
    "price": 2.59,
    "promoPrice": null,
    "pricePerUnit": "0.22 pieces",
    "image": "https://www.jumbo.com/dam-images/fit-in/360x360/Products/19032025_1742395989052_1742395994499_8718452815548_1.png",
    "available": true,
    "promoUntil": null
  },
  {
    "id": "30537PAK",
    "title": "Melitta Original Koffiefilters 100 Bruin 40 stuks",
    "category": "Koffie en thee",
    "price": 0.79,
    "promoPrice": null,
    "pricePerUnit": "0.02 pieces",
    "image": "https://www.jumbo.com/dam-images/fit-in/360x360/Products/03042025_1743649762413_1743649767075_30537_PAK_.png",
    "available": true,
    "promoUntil": null
  },
  {
    "id": "387187STK",
    "title": "Jumbo Belegen Kaas 48+ Voordeelverpakking Plakken 400 g",
    "category": "Vleeswaren, kaas en tapas",
    "price": 6.49,
    "promoPrice": null,
    "pricePerUnit": "16.23 kg",
    "image": "https://www.jumbo.com/dam-images/fit-in/360x360/Products/17042025_1744878789918_1744878801509_8718452695256_1.png",
    "available": true,
    "promoUntil": null
  },
  {
    "id": "576943CUP",
    "title": "Ehrmann High Protein Vanilla Mousse 200 g",
    "category": "Zuivel, eieren, boter",
    "price": 1.99,
    "promoPrice": null,
    "pricePerUnit": "9.95 kg",
    "image": "https://www.jumbo.com/dam-images/fit-in/360x360/Products/09082023_1691589984525_1691590139793_4002971283907_1.png",
    "available": true,
    "promoUntil": null
  },
  {
    "id": "654484STK",
    "title": "Jumbo Gekookte Gelderse Worst 200g",
    "category": "Vleeswaren, kaas en tapas",
    "price": 2.79,
    "promoPrice": null,
    "pricePerUnit": "13.95 kg",
    "image": "https://www.jumbo.com/dam-images/fit-in/360x360/Products/13112024_1731515619634_1731515628409_8718452862436_1.png",
    "available": true,
    "promoUntil": null
  },
  {
    "id": "177065STK",
    "title": "Jumbo Kerriesaus 41,2 g",
    "category": "Conserven, soepen, sauzen, oliën",
    "price": 0.5,
    "promoPrice": null,
    "pricePerUnit": "12.14 kg",
    "image": "https://www.jumbo.com/dam-images/fit-in/360x360/Products/28012025_1738074766699_1738074775226_8718452183319_1.png",
    "available": true,
    "promoUntil": null
  },
  {
    "id": "525046ZK",
    "title": "Jumbo Kleine Zoete Appeltjes Voordeelverpakking 1,5 kg",
    "category": "Aardappelen, groente en fruit",
    "price": 4.49,
    "promoPrice": null,
    "pricePerUnit": "2.99 kg",
    "image": "https://www.jumbo.com/dam-images/fit-in/360x360/Products/525046ZK-1692282810690.png",
    "available": true,
    "promoUntil": null
  },
  {
    "id": "683336KGR",
    "title": "Jumbo Gebakken Kibbeling met Saus en Kruiden ca. 300 g",
    "category": "Vlees, vis en vega",
    "price": 4.84,
    "promoPrice": null,
    "pricePerUnit": "16.15 kg",
    "image": "https://www.jumbo.com/dam-images/fit-in/360x360/Products/10012025_1736519628046_1736519634807_2369235000000_1.png",
    "available": true,
    "promoUntil": null
  },
  {
    "id": "626031KGR",
    "title": "Jumbo Varkenshaas ca. 310 g",
    "category": "Vlees, vis en vega",
    "price": 5.42,
    "promoPrice": null,
    "pricePerUnit": "17.5 kg",
    "image": "https://www.jumbo.com/dam-images/fit-in/360x360/Products/12052025_1747049647174_1747049650880_2369618000000_1.png",
    "available": true,
    "promoUntil": null
  },
  {
    "id": "521732FLS",
    "title": "Melkunie Protein Blueberry Yogurt Drink 330 ml",
    "category": "Zuivel, eieren, boter",
    "price": 1.99,
    "promoPrice": null,
    "pricePerUnit": "6.03 l",
    "image": "https://www.jumbo.com/dam-images/fit-in/360x360/Products/22072025_1753150686734_1753150694040_521732_FLS_08718166738195_C1N1.png",
    "available": true,
    "promoUntil": null
  },
  {
    "id": "70130POT",
    "title": "Hak Appelmoes met Kaneel 355 g",
    "category": "Conserven, soepen, sauzen, oliën",
    "price": 2.39,
    "promoPrice": null,
    "pricePerUnit": "6.64 kg",
    "image": "https://www.jumbo.com/dam-images/fit-in/360x360/Products/12092023_1694522163327_1694522166686_8720600607660_1.png",
    "available": true,
    "promoUntil": null
  },
  {
    "id": "399752ZK",
    "title": "Jumbo Chips Uitdeelzak Paprika & Naturel 15 Stuks",
    "category": "Koek, snoep, chocolade en chips",
    "price": 3.69,
    "promoPrice": null,
    "pricePerUnit": "9.84 kg",
    "image": "https://www.jumbo.com/dam-images/fit-in/360x360/Products/04072025_1751617975351_1751617986091_8718452499809_1.png",
    "available": true,
    "promoUntil": null
  },
  {
    "id": "681873KGR",
    "title": "Jumbo Pangasiusfilet Naturel ca. 330 g",
    "category": "Vlees, vis en vega",
    "price": 4.42,
    "promoPrice": null,
    "pricePerUnit": "13.4 kg",
    "image": "https://www.jumbo.com/dam-images/fit-in/360x360/Products/07022025_1738945990229_1738945996432_2369646000000_1.png",
    "available": true,
    "promoUntil": null
  },
  {
    "id": "302231STK",
    "title": "Jumbo Tros Tomaten 5 Stuks",
    "category": "Aardappelen, groente en fruit",
    "price": 2.49,
    "promoPrice": null,
    "pricePerUnit": "0.5 pieces",
    "image": "https://www.jumbo.com/dam-images/fit-in/360x360/Products/18092023_1695043474150_1695043481005_8718452459599_1.png",
    "available": true,
    "promoUntil": null
  },
  {
    "id": "215440STK",
    "title": "Valess Vegetarische Chik'n Crispy Sticks 5 Stuks 160 g",
    "category": "Vlees, vis en vega",
    "price": 3.69,
    "promoPrice": null,
    "pricePerUnit": "23.06 kg",
    "image": "https://www.jumbo.com/dam-images/fit-in/360x360/Products/12092025_1757680395580_1757680405722_8710912300380_1.png",
    "available": true,
    "promoUntil": null
  },
  {
    "id": "153139STK",
    "title": "Knorr Soep Soeppakket groente 95 g",
    "category": "Conserven, soepen, sauzen, oliën",
    "price": 1.69,
    "promoPrice": null,
    "pricePerUnit": "17.79 kg",
    "image": "https://www.jumbo.com/dam-images/fit-in/360x360/Products/16052025_1747366899907_1747366945995_153139_STK_08712566236190_H1N1.png",
    "available": true,
    "promoUntil": null
  },
  {
    "id": "621513DS",
    "title": "Sun All-in 1 Vaatwastabletten Citroen 60 tabletten",
    "category": "Huishouden en dieren",
    "price": 29.69,
    "promoPrice": null,
    "pricePerUnit": "0.49 pieces",
    "image": "https://www.jumbo.com/dam-images/fit-in/360x360/Products/28072025_1753695193435_1753695200396_8720181493607_1.png",
    "available": true,
    "promoUntil": null
  },
  {
    "id": "447912PAK",
    "title": "Dr. Oetker MonChou Taart Naturel Bakmix 385 g",
    "category": "Ontbijt, broodbeleg en bakproducten",
    "price": 3.81,
    "promoPrice": null,
    "pricePerUnit": "9.9 kg",
    "image": "https://www.jumbo.com/dam-images/fit-in/360x360/Products/24092025_1758677141654_1758677150248_447912_PAK_08710466312624_C1N1_s05.png",
    "available": true,
    "promoUntil": null
  },
  {
    "id": "33033FLS",
    "title": "Mezzacorona - Pinot Grigio - 750ML",
    "category": "Bier en wijn",
    "price": 6.79,
    "promoPrice": null,
    "pricePerUnit": "9.05 l",
    "image": "https://www.jumbo.com/dam-images/fit-in/360x360/Products/29102024_1730197986456_1730197990330_8004305000088_1.png",
    "available": true,
    "promoUntil": null
  },
  {
    "id": "18630FLS",
    "title": "Jumbo Volle Koffiemelk 470ML",
    "category": "Zuivel, eieren, boter",
    "price": 1.85,
    "promoPrice": null,
    "pricePerUnit": "3.94 l",
    "image": "https://www.jumbo.com/dam-images/fit-in/360x360/Products/09042025_1744169733466_1744169740569_18630_FLS_08718452871391_C1N1.png",
    "available": true,
    "promoUntil": null
  },
  {
    "id": "200706PAK",
    "title": "Jumbo Varkens Filetlapjes 2 Stuks",
    "category": "Vlees, vis en vega",
    "price": 2.79,
    "promoPrice": null,
    "pricePerUnit": "12.13 kg",
    "image": "https://www.jumbo.com/dam-images/fit-in/360x360/Products/05112024_1730820971642_1730820982728_8718452305858_1.png",
    "available": true,
    "promoUntil": null
  },
  {
    "id": "302290POT",
    "title": "Jumbo Wortelen 180 g",
    "category": "Conserven, soepen, sauzen, oliën",
    "price": 0.69,
    "promoPrice": null,
    "pricePerUnit": "5.75 kg",
    "image": "https://www.jumbo.com/dam-images/fit-in/360x360/Products/08052024_1715182452760_1715182460642_8718452764686_1.png",
    "available": true,
    "promoUntil": null
  },
  {
    "id": "478491PAK",
    "title": "Echte Bakkers Speculaas 450 g",
    "category": "Koek, snoep, chocolade en chips",
    "price": 1.59,
    "promoPrice": null,
    "pricePerUnit": "3.53 kg",
    "image": "https://www.jumbo.com/dam-images/fit-in/360x360/Products/16072025_1752634388317_1752634391501_478491_PAK_08724200100217_C1N1.png",
    "available": true,
    "promoUntil": null
  },
  {
    "id": "562415PAK",
    "title": "Campina Karnemelk 500 ml",
    "category": "Zuivel, eieren, boter",
    "price": 1.09,
    "promoPrice": null,
    "pricePerUnit": "2.18 l",
    "image": "https://www.jumbo.com/dam-images/fit-in/360x360/Products/16012025_1736996401601_1736996415599_562415_PAK_08712800000396_H1N1.png",
    "available": true,
    "promoUntil": null
  },
  {
    "id": "372104DS",
    "title": "illy Espresso Decaffeinato Koffiecups 10 Stuks",
    "category": "Koffie en thee",
    "price": 5.49,
    "promoPrice": null,
    "pricePerUnit": "0.55 pieces",
    "image": "https://www.jumbo.com/dam-images/fit-in/360x360/Products/09082023_1691586930405_1691586947343_8003753168142_1.png",
    "available": true,
    "promoUntil": null
  },
  {
    "id": "428483FLS",
    "title": "Coca-Cola Original Taste 1,5 L",
    "category": "Frisdrank en sappen",
    "price": 2.89,
    "promoPrice": null,
    "pricePerUnit": "1.93 l",
    "image": "https://www.jumbo.com/dam-images/fit-in/360x360/Products/24042025_1745461753529_1745461762318_428483_FLS_05000112646627_H1N1.png",
    "available": true,
    "promoUntil": null
  },
  {
    "id": "582522DS",
    "title": "Jumbo Frambozen 125 g",
    "category": "Aardappelen, groente en fruit",
    "price": 2.49,
    "promoPrice": null,
    "pricePerUnit": "19.92 kg",
    "image": "https://www.jumbo.com/dam-images/fit-in/360x360/Products/12122024_1734014621928_1734014631475_8711715881946_1.png",
    "available": true,
    "promoUntil": null
  },
  {
    "id": "181062BLK",
    "title": "Bonduelle Edamame Bonen 155g",
    "category": "Conserven, soepen, sauzen, oliën",
    "price": 2.39,
    "promoPrice": null,
    "pricePerUnit": "18.38 kg",
    "image": "https://www.jumbo.com/dam-images/fit-in/360x360/Products/19012024_1705664109715_1705664116314_3083681065947_1.png",
    "available": true,
    "promoUntil": null
  },
  {
    "id": "252334STK",
    "title": "Page Compleet Schoon Toiletpapier 24-rollen",
    "category": "Huishouden en dieren",
    "price": 14.99,
    "promoPrice": null,
    "pricePerUnit": "0.62 pieces",
    "image": "https://www.jumbo.com/dam-images/fit-in/360x360/Products/10092025_1757469731967_1757469739744_252334_STK_05029053583303_C1N1.png",
    "available": true,
    "promoUntil": null
  },
  {
    "id": "564773DS",
    "title": "Fruitbox Jonagold Appels 3KG",
    "category": "Aardappelen, groente en fruit",
    "price": 5.99,
    "promoPrice": null,
    "pricePerUnit": "5.99 pieces",
    "image": "https://www.jumbo.com/dam-images/fit-in/360x360/Products/JumboB2BSIMJonagold23dff41de-0250-4f25-aa52-b446a7a3ad89-1701418156983.png",
    "available": true,
    "promoUntil": null
  },
  {
    "id": "653711STK",
    "title": "Jumbo Achterham 140 g",
    "category": "Vleeswaren, kaas en tapas",
    "price": 2.79,
    "promoPrice": null,
    "pricePerUnit": "19.93 kg",
    "image": "https://www.jumbo.com/dam-images/fit-in/360x360/Products/15112024_1731663278802_1731663287131_8718452875436_1.png",
    "available": true,
    "promoUntil": null
  },
  {
    "id": "190168STK",
    "title": "Dr. Oetker Glazuur Roze Taart Versiering 125 g",
    "category": "Ontbijt, broodbeleg en bakproducten",
    "price": 1.79,
    "promoPrice": null,
    "pricePerUnit": "14.32 kg",
    "image": "https://www.jumbo.com/dam-images/fit-in/360x360/Products/17042025_1744854011858_1744854016835_190168_STK_08710466282729_C1N1_s01.png",
    "available": true,
    "promoUntil": null
  },
  {
    "id": "164517ROL",
    "title": "Jumbo Vuilniszakken 60L 15 Stuks",
    "category": "Huishouden en dieren",
    "price": 1.49,
    "promoPrice": null,
    "pricePerUnit": "0.1 pieces",
    "image": "https://www.jumbo.com/dam-images/fit-in/360x360/Products/10082023_1691674957668_1691674996912_8718452119349_1.png",
    "available": true,
    "promoUntil": null
  },
  {
    "id": "155341FLS",
    "title": "Remia Curry Gewurz  300ml",
    "category": "Conserven, soepen, sauzen, oliën",
    "price": 1.79,
    "promoPrice": null,
    "pricePerUnit": "5.97 l",
    "image": "https://www.jumbo.com/dam-images/fit-in/360x360/Products/04042024_1712219709146_1712219713645_8710448692744_1.png",
    "available": true,
    "promoUntil": null
  },
  {
    "id": "638143ZK",
    "title": "Jumbo Biologisch Volkoren Muesli Fruit en Noten 500 g",
    "category": "Ontbijt, broodbeleg en bakproducten",
    "price": 2.31,
    "promoPrice": null,
    "pricePerUnit": "4.62 kg",
    "image": "https://www.jumbo.com/dam-images/fit-in/360x360/Products/13092024_1726245199978_1726245208861_8718452844715_1.png",
    "available": true,
    "promoUntil": null
  },
  {
    "id": "174145KST",
    "title": "Koopmans Pannenkoeken Glutenvrij 400 g",
    "category": "Ontbijt, broodbeleg en bakproducten",
    "price": 2.5,
    "promoPrice": null,
    "pricePerUnit": "6.25 kg",
    "image": "https://www.jumbo.com/dam-images/fit-in/360x360/Products/28062025_1751072936794_1751072945475_174145_KST_08710466276728_C1N1_s03.png",
    "available": true,
    "promoUntil": null
  },
  {
    "id": "215796STK",
    "title": "MAGGI Smaakmaker Groentesoep Pakjes 2 x 26 g",
    "category": "Conserven, soepen, sauzen, oliën",
    "price": 1.75,
    "promoPrice": null,
    "pricePerUnit": "33.65 kg",
    "image": "https://www.jumbo.com/dam-images/fit-in/360x360/Products/10032025_1741573858586_1741573873601_215796_STK_07613036665513_C1N1_s01.png",
    "available": true,
    "promoUntil": null
  },
  {
    "id": "616228FLS",
    "title": "Heinz Tomato Ketchup Hot Chilli 500 ml",
    "category": "Conserven, soepen, sauzen, oliën",
    "price": 3.69,
    "promoPrice": null,
    "pricePerUnit": "7.38 l",
    "image": "https://www.jumbo.com/dam-images/fit-in/360x360/Products/11122024_1733885883288_1733885886496_616228_FLS_08715700125770_H1N1.png",
    "available": true,
    "promoUntil": null
  },
  {
    "id": "430350FLS",
    "title": "Rivella Original 1,5 L",
    "category": "Frisdrank en sappen",
    "price": 2.99,
    "promoPrice": null,
    "pricePerUnit": "1.99 l",
    "image": "https://www.jumbo.com/dam-images/fit-in/360x360/Products/03022024_1706928894994_1706928901848_430350_FLS_08715600243390_H1N1.png",
    "available": true,
    "promoUntil": null
  },
  {
    "id": "605522FLS",
    "title": "Bertolli Classico olijfolie ",
    "category": "Conserven, soepen, sauzen, oliën",
    "price": 8.0,
    "promoPrice": null,
    "pricePerUnit": "16.0 l",
    "image": "https://www.jumbo.com/dam-images/fit-in/360x360/Products/16092025_1758026015026_1758026020595_8002470032330_596.png",
    "available": true,
    "promoUntil": null
  },
  {
    "id": "180681ZK",
    "title": "Jumbo Patat Frites 2,5 kg",
    "category": "Diepvries",
    "price": 3.89,
    "promoPrice": null,
    "pricePerUnit": "1.56 kg",
    "image": "https://www.jumbo.com/dam-images/fit-in/360x360/Products/29092023_1695994882128_1695994891386_8718452295074_1.png",
    "available": true,
    "promoUntil": null
  },
  {
    "id": "513769TRA",
    "title": "Garden Gourmet Falafel",
    "category": "Vlees, vis en vega",
    "price": 3.43,
    "promoPrice": null,
    "pricePerUnit": "18.05 kg",
    "image": "https://www.jumbo.com/dam-images/fit-in/360x360/Products/30012025_1738236770353_1738236800964_7613039944929_596.png",
    "available": true,
    "promoUntil": null
  },
  {
    "id": "554729TRA",
    "title": "Jumbo Komijn Kaas Jong 48+ Plakken 190 g",
    "category": "Vleeswaren, kaas en tapas",
    "price": 3.15,
    "promoPrice": null,
    "pricePerUnit": "16.58 kg",
    "image": "https://www.jumbo.com/dam-images/fit-in/360x360/Products/14022024_1707872533522_1707872574461_8718452709014_1.png",
    "available": true,
    "promoUntil": null
  },
  {
    "id": "679773ZK",
    "title": "Jumbo Romige Aspergesoep 570ML",
    "category": "Conserven, soepen, sauzen, oliën",
    "price": 2.79,
    "promoPrice": null,
    "pricePerUnit": "4.89 l",
    "image": "https://www.jumbo.com/dam-images/fit-in/360x360/Products/25042025_1745584348732_1745584364935_8718452873371_596.png",
    "available": true,
    "promoUntil": null
  },
  {
    "id": "546684VAT",
    "title": "Hertog Jan - Pils - Vat - 6L",
    "category": "Bier en wijn",
    "price": 19.49,
    "promoPrice": null,
    "pricePerUnit": "3.25 l",
    "image": "https://www.jumbo.com/dam-images/fit-in/360x360/Products/17022024_1708136865381_1708136872405_546684_VAT_08725000638030_C1N1.png",
    "available": true,
    "promoUntil": null
  },
  {
    "id": "386954PAK",
    "title": "Koopmans Pannenkoekenmix Meergranen 400 g",
    "category": "Ontbijt, broodbeleg en bakproducten",
    "price": 1.5,
    "promoPrice": null,
    "pricePerUnit": "3.75 kg",
    "image": "https://www.jumbo.com/dam-images/fit-in/360x360/Products/17042025_1744860018303_1744860023931_386954_PAK_08710466301321_C1N1_s02.png",
    "available": true,
    "promoUntil": null
  },
  {
    "id": "580082ZK",
    "title": "Jumbo Geraspte Goudse Kaas 30+ Mild 250 g",
    "category": "Vleeswaren, kaas en tapas",
    "price": 2.99,
    "promoPrice": null,
    "pricePerUnit": "11.96 kg",
    "image": "https://www.jumbo.com/dam-images/fit-in/360x360/Products/20112023_1700498044672_1700498054105_8718452745470_1.png",
    "available": true,
    "promoUntil": null
  },
  {
    "id": "167284TUB",
    "title": "Zaanse Mayonaise Natriumarm 160 ml",
    "category": "Conserven, soepen, sauzen, oliën",
    "price": 2.49,
    "promoPrice": null,
    "pricePerUnit": "14.65 l",
    "image": "https://www.jumbo.com/dam-images/fit-in/360x360/Products/17012024_1705456897832_1705456900973_167284_TUB_08710716012007_C1N1.png",
    "available": true,
    "promoUntil": null
  },
  {
    "id": "609529DS",
    "title": "Yogi Tea Biologisch Ginger Lemon Thee 17 Stuks 30,6 g",
    "category": "Koffie en thee",
    "price": 3.99,
    "promoPrice": null,
    "pricePerUnit": "0.23 pieces",
    "image": "https://www.jumbo.com/dam-images/fit-in/360x360/Products/14022024_1707873374180_1707873381364_4012824401310_1.png",
    "available": true,
    "promoUntil": null
  },
  {
    "id": "449245KRT",
    "title": "Warsteiner - Premium Pilsener - Krat - 24 x 300ML",
    "category": "Bier en wijn",
    "price": 18.99,
    "promoPrice": null,
    "pricePerUnit": "2.64 l",
    "image": "https://www.jumbo.com/dam-images/fit-in/360x360/Products/31102023_1698780842551_1698780851029_4000856255834_1.png",
    "available": true,
    "promoUntil": null
  },
  {
    "id": "672535DS",
    "title": "De Ruijter Witte Vlokken 200g",
    "category": "Ontbijt, broodbeleg en bakproducten",
    "price": 2.47,
    "promoPrice": null,
    "pricePerUnit": "12.35 kg",
    "image": "https://www.jumbo.com/dam-images/fit-in/360x360/Products/09012025_1736426914209_1736426921467_672535_DS_08715700127941_C1N1.png",
    "available": true,
    "promoUntil": null
  },
  {
    "id": "580323ZK",
    "title": "Cheetos Nibb-it Sticks Naturel Chips 150 gr",
    "category": "Koek, snoep, chocolade en chips",
    "price": 2.79,
    "promoPrice": null,
    "pricePerUnit": "18.6 kg",
    "image": "https://www.jumbo.com/dam-images/fit-in/360x360/Products/14052025_1747225993440_1747225999420_8710398510662_1.png",
    "available": true,
    "promoUntil": null
  },
  {
    "id": "64836BLK",
    "title": "Canisius Rinse Appelstroop 450 g",
    "category": "Ontbijt, broodbeleg en bakproducten",
    "price": 2.81,
    "promoPrice": null,
    "pricePerUnit": "6.24 kg",
    "image": "https://www.jumbo.com/dam-images/fit-in/360x360/Products/12082025_1754960533528_1754960546245_64836_BLK_08710742300109_C1N1.png",
    "available": true,
    "promoUntil": null
  },
  {
    "id": "378683ZK",
    "title": "Jumbo Gemalen Kokos 200 g",
    "category": "Ontbijt, broodbeleg en bakproducten",
    "price": 2.59,
    "promoPrice": null,
    "pricePerUnit": "12.95 kg",
    "image": "https://www.jumbo.com/dam-images/fit-in/360x360/Products/09082023_1691587284637_1691587301936_8718452469369_1.png",
    "available": true,
    "promoUntil": null
  },
  {
    "id": "448026ZK",
    "title": "Unox Biologische Soep Biologische Pompoen 570 ml",
    "category": "Conserven, soepen, sauzen, oliën",
    "price": 5.19,
    "promoPrice": null,
    "pricePerUnit": "9.11 l",
    "image": "https://www.jumbo.com/dam-images/fit-in/360x360/Products/29082025_1756429489134_1756429520015_448026_ZK_08720182123213_C1N1.png",
    "available": true,
    "promoUntil": null
  },
  {
    "id": "262380POT",
    "title": "Jumbo Tomatenbouillon 340 ml",
    "category": "Conserven, soepen, sauzen, oliën",
    "price": 1.59,
    "promoPrice": null,
    "pricePerUnit": "4.68 l",
    "image": "https://www.jumbo.com/dam-images/fit-in/360x360/Products/09082023_1691585276969_1691585291023_8718452375578_1.png",
    "available": true,
    "promoUntil": null
  },
  {
    "id": "629781PAK",
    "title": "Jumbo - Stokbrood Kruidenboter - 2 Stuks",
    "category": "Brood en gebak",
    "price": 1.99,
    "promoPrice": null,
    "pricePerUnit": "5.69 kg",
    "image": "https://www.jumbo.com/dam-images/fit-in/360x360/Products/12122024_1734017683485_1734017688345_8718452470792_1.png",
    "available": true,
    "promoUntil": null
  },
  {
    "id": "449991PAK",
    "title": "Jumbo Mineraalwater Bruisend 6 x 500ML",
    "category": "Frisdrank en sappen",
    "price": 2.22,
    "promoPrice": null,
    "pricePerUnit": "0.74 l",
    "image": "https://www.jumbo.com/dam-images/fit-in/360x360/Products/10062025_1749547947182_1749547955083_8718452640485_1.png",
    "available": true,
    "promoUntil": null
  },
  {
    "id": "213007NET",
    "title": "Jumbo Uien 1 kg",
    "category": "Aardappelen, groente en fruit",
    "price": 0.99,
    "promoPrice": null,
    "pricePerUnit": "0.99 kg",
    "image": "https://www.jumbo.com/dam-images/fit-in/360x360/Products/09082023_1691585249827_1691585268134_8711715871503_1.png",
    "available": true,
    "promoUntil": null
  },
  {
    "id": "582063TRA",
    "title": "Jumbo Soepballetjes Biologisch Rund 150 g",
    "category": "Vlees, vis en vega",
    "price": 2.99,
    "promoPrice": null,
    "pricePerUnit": "19.93 kg",
    "image": "https://www.jumbo.com/dam-images/fit-in/360x360/Products/18062025_1750260788982_1750260794933_8718452923618_1.png",
    "available": true,
    "promoUntil": null
  },
  {
    "id": "647634CUP",
    "title": "Jumbo Zuivelspread Naturel 200 g",
    "category": "Vleeswaren, kaas en tapas",
    "price": 1.69,
    "promoPrice": null,
    "pricePerUnit": "8.45 kg",
    "image": "https://www.jumbo.com/dam-images/fit-in/360x360/Products/29042025_1745940769047_1745940785218_8718452839551_596.png",
    "available": true,
    "promoUntil": null
  },
  {
    "id": "22543FLS",
    "title": "RAAK Vruchtensiroop Multivruchten 0,75 L",
    "category": "Frisdrank en sappen",
    "price": 3.49,
    "promoPrice": null,
    "pricePerUnit": "4.65 l",
    "image": "https://www.jumbo.com/dam-images/fit-in/360x360/Products/25052024_1716602077687_1716602085413_22543_FLS_00000087222555_C1N1.png",
    "available": true,
    "promoUntil": null
  },
  {
    "id": "348218DS",
    "title": "Nature Valley Crunchy Haver en Honing 5 x 42 g",
    "category": "Ontbijt, broodbeleg en bakproducten",
    "price": 2.9,
    "promoPrice": null,
    "pricePerUnit": "13.81 kg",
    "image": "https://www.jumbo.com/dam-images/fit-in/360x360/Products/14022024_1707873215247_1707873222756_8410076601414_1.png",
    "available": true,
    "promoUntil": null
  },
  {
    "id": "158160DS",
    "title": "Zonnatura Bio 100% Brandnetel Citroengras 20 Zakjes 32 g",
    "category": "Koffie en thee",
    "price": 2.59,
    "promoPrice": null,
    "pricePerUnit": "0.13 pieces",
    "image": "https://www.jumbo.com/dam-images/fit-in/360x360/Products/19092025_1758288802449_1758288806969_8711812407988_1.png",
    "available": true,
    "promoUntil": null
  },
  {
    "id": "606769DS",
    "title": "Starbucks® by Nespresso® Blonde Espresso Roast Decaf 10 Koffiecups",
    "category": "Koffie en thee",
    "price": 4.69,
    "promoPrice": null,
    "pricePerUnit": "0.47 pieces",
    "image": "https://www.jumbo.com/dam-images/fit-in/360x360/Products/06052025_1746559967915_1746559970515_8445290815859_1.png",
    "available": true,
    "promoUntil": null
  },
  {
    "id": "539117DSL",
    "title": "Sourcy Rood mineraalwater Blik 24 X 330 ml",
    "category": "Frisdrank en sappen",
    "price": 11.52,
    "promoPrice": null,
    "pricePerUnit": "1.45 l",
    "image": "https://www.jumbo.com/dam-images/fit-in/360x360/Products/539117_8715600247886_1_T1_261911DSL1691135879264.png",
    "available": true,
    "promoUntil": null
  },
  {
    "id": "532722ZK",
    "title": "Jumbo Fijngesneden Andijvie 500 g",
    "category": "Aardappelen, groente en fruit",
    "price": 2.49,
    "promoPrice": null,
    "pricePerUnit": "4.98 kg",
    "image": "https://www.jumbo.com/dam-images/fit-in/360x360/Products/09072024_1720517665981_1720517678678_8718452797851_1.png",
    "available": true,
    "promoUntil": null
  },
  {
    "id": "440940BLK",
    "title": "illy Intenso Filterkoffie 250 g",
    "category": "Koffie en thee",
    "price": 7.99,
    "promoPrice": null,
    "pricePerUnit": "31.96 kg",
    "image": "https://www.jumbo.com/dam-images/fit-in/360x360/Products/24102024_1729739659529_1729739669402_440940_BLK_08003753900469_C1N1.png",
    "available": true,
    "promoUntil": null
  },
  {
    "id": "843989BLK",
    "title": "John West Tonijnpaté 125g",
    "category": "Conserven, soepen, sauzen, oliën",
    "price": 3.16,
    "promoPrice": null,
    "pricePerUnit": "25.28 kg",
    "image": "https://www.jumbo.com/dam-images/fit-in/360x360/Products/23082023_1692760623362_1692760629899_843989_BLK_05000171033086_C1N1.png",
    "available": true,
    "promoUntil": null
  },
  {
    "id": "585915PAK",
    "title": "Sprite Zero Sugar Lemon-Lime 24 x 330 ml",
    "category": "Frisdrank en sappen",
    "price": 18.72,
    "promoPrice": null,
    "pricePerUnit": "2.36 l",
    "image": "https://www.jumbo.com/dam-images/fit-in/360x360/Products/23022024_1708706046003_1708706052195_5000112603132_1.png",
    "available": true,
    "promoUntil": null
  },
  {
    "id": "597957DS",
    "title": "Jumbo Rundvlees Kroketten Airfryer & Oven 10 Stuks",
    "category": "Diepvries",
    "price": 6.53,
    "promoPrice": null,
    "pricePerUnit": "8.16 kg",
    "image": "https://www.jumbo.com/dam-images/fit-in/360x360/Products/06022024_1707237252724_1707237277928_8718452772742_596.png",
    "available": true,
    "promoUntil": null
  },
  {
    "id": "394226PKL",
    "title": "Jumbo Franse Kwark Halfvol 6 x 500 g",
    "category": "Zuivel, eieren, boter",
    "price": 9.9,
    "promoPrice": null,
    "pricePerUnit": "3.3 kg",
    "image": "https://www.jumbo.com/dam-images/fit-in/360x360/Products/394226PKL1ddbd3d97-c294-44db-9fb6-4f87e0939f0b-1717400575558.png",
    "available": true,
    "promoUntil": null
  },
  {
    "id": "669562KRT",
    "title": "Hertog Jan 0.0% Alcoholvrij Bier - Krat - 24 x 300ML",
    "category": "Bier en wijn",
    "price": 18.99,
    "promoPrice": null,
    "pricePerUnit": "2.64 l",
    "image": "https://www.jumbo.com/dam-images/fit-in/360x360/Products/HertogJan0-1742898386552.png",
    "available": true,
    "promoUntil": null
  },
  {
    "id": "638320TRA",
    "title": "Lezziz Hamburgers Rund 2 Stuks",
    "category": "Vlees, vis en vega",
    "price": 3.5,
    "promoPrice": null,
    "pricePerUnit": "17.5 kg",
    "image": "https://www.jumbo.com/dam-images/fit-in/360x360/Products/07072025_1751902647442_1751902652935_8714798300199_1.png",
    "available": true,
    "promoUntil": null
  },
  {
    "id": "634954PAK",
    "title": "Jumbo Sinas Fresh & Fruity 6 x 1,5 L",
    "category": "Frisdrank en sappen",
    "price": 4.64,
    "promoPrice": null,
    "pricePerUnit": "0.52 l",
    "image": "https://www.jumbo.com/dam-images/fit-in/360x360/Products/17072024_1721205200870_1721205216246_8718452800575_596.png",
    "available": true,
    "promoUntil": null
  },
  {
    "id": "167680STK",
    "title": "Goldsteig Mozzarella Classic 220 g",
    "category": "Vleeswaren, kaas en tapas",
    "price": 0.98,
    "promoPrice": null,
    "pricePerUnit": "7.84 kg",
    "image": "https://www.jumbo.com/dam-images/fit-in/360x360/Products/167680_4008432023945_1_T1_167680STK1691043558489.png",
    "available": true,
    "promoUntil": null
  },
  {
    "id": "160061FLS",
    "title": "Jumbo Verzorgende Handzeep Amandel 500 ml",
    "category": "Drogisterij en baby",
    "price": 1.09,
    "promoPrice": null,
    "pricePerUnit": "2.18 l",
    "image": "https://www.jumbo.com/dam-images/fit-in/360x360/Products/10082023_1691674929304_1691674974391_8718452092963_1.png",
    "available": true,
    "promoUntil": null
  },
  {
    "id": "515064DS",
    "title": "Koopmans Glutenvrij basismeel 400 g",
    "category": "Ontbijt, broodbeleg en bakproducten",
    "price": 3.85,
    "promoPrice": null,
    "pricePerUnit": "9.63 kg",
    "image": "https://www.jumbo.com/dam-images/fit-in/360x360/Products/17042025_1744858642737_1744858651119_515064_DS_08710466317520_C1N1_s02.png",
    "available": true,
    "promoUntil": null
  },
  {
    "id": "97355POT",
    "title": "Hak Spinazie met Room Bio 345 g",
    "category": "Conserven, soepen, sauzen, oliën",
    "price": 2.89,
    "promoPrice": null,
    "pricePerUnit": "8.38 kg",
    "image": "https://www.jumbo.com/dam-images/fit-in/360x360/Products/17062025_1750124868060_1750124871517_97355_POT_08720600608964_A1N1.png",
    "available": true,
    "promoUntil": null
  },
  {
    "id": "575263ZK",
    "title": "Unox Extra Rijkgevuld Soep In Zak Pompoen Rode Linzen 570 ml",
    "category": "Conserven, soepen, sauzen, oliën",
    "price": 4.99,
    "promoPrice": null,
    "pricePerUnit": "8.75 l",
    "image": "https://www.jumbo.com/dam-images/fit-in/360x360/Products/29032025_1743218975784_1743219125586_575263_ZK_08720182658845_C1N1.png",
    "available": true,
    "promoUntil": null
  },
  {
    "id": "391418DS",
    "title": "Zonnatura Biologische Groene Thee Gember",
    "category": "Koffie en thee",
    "price": 2.59,
    "promoPrice": null,
    "pricePerUnit": "0.13 pieces",
    "image": "https://www.jumbo.com/dam-images/fit-in/360x360/Products/28072025_1753713236575_1753713244186_8711812425838_596.png",
    "available": true,
    "promoUntil": null
  },
  {
    "id": "705433ZK",
    "title": "Jumbo - Mini Roomboter Rozijnenbollen - 9 Stuks",
    "category": "Brood en gebak",
    "price": 1.99,
    "promoPrice": null,
    "pricePerUnit": "0.22 pieces",
    "image": "https://www.jumbo.com/dam-images/fit-in/360x360/Products/19032025_1742395988528_1742395993422_8718452874026_1.png",
    "available": true,
    "promoUntil": null
  },
  {
    "id": "623926DS",
    "title": "Bolletje Krokante Notenmix Muesli 375 g",
    "category": "Ontbijt, broodbeleg en bakproducten",
    "price": 3.09,
    "promoPrice": null,
    "pricePerUnit": "8.24 kg",
    "image": "https://www.jumbo.com/dam-images/fit-in/360x360/Products/03062024_1717420815327_1717420826506_8710482534833_1.png",
    "available": true,
    "promoUntil": null
  },
  {
    "id": "134930PAK",
    "title": "Amstel Radler Citroen 0.0 Bier Fles 6 x 300ml",
    "category": "Bier en wijn",
    "price": 5.79,
    "promoPrice": null,
    "pricePerUnit": "3.22 l",
    "image": "https://www.jumbo.com/dam-images/fit-in/360x360/Products/07012025_1736267692041_1736267696295_8712000034160_1.png",
    "available": true,
    "promoUntil": null
  },
  {
    "id": "158359POT",
    "title": "Grand'Italia Bolognese met Rundvlees 260 g",
    "category": "Conserven, soepen, sauzen, oliën",
    "price": 3.0,
    "promoPrice": null,
    "pricePerUnit": "11.54 kg",
    "image": "https://www.jumbo.com/dam-images/fit-in/360x360/Products/07082025_1754532378140_1754532386697_158359_POT_00000080023111_H1N1.png",
    "available": true,
    "promoUntil": null
  },
  {
    "id": "565463ZK",
    "title": "TastyBasics Low Carb - High Protein Cracker Meerzaden",
    "category": "Ontbijt, broodbeleg en bakproducten",
    "price": 3.0,
    "promoPrice": null,
    "pricePerUnit": "15.0 kg",
    "image": "https://www.jumbo.com/dam-images/fit-in/360x360/Products/10072025_1752110207423_1752110214984_565463_ZK_08718868678324_C1N1.png",
    "available": true,
    "promoUntil": null
  },
  {
    "id": "535531PAK",
    "title": "Indomie Instant Noodles Soup Vegetable Flavour 5 x 75 g",
    "category": "Conserven, soepen, sauzen, oliën",
    "price": 2.99,
    "promoPrice": null,
    "pricePerUnit": "7.97 kg",
    "image": "https://www.jumbo.com/dam-images/fit-in/360x360/Products/12122024_1734014485174_1734014494866_89686170269_1.png",
    "available": true,
    "promoUntil": null
  },
  {
    "id": "688387BAK",
    "title": "Jumbo Hollandse Garnalen Naturel 100 g",
    "category": "Vlees, vis en vega",
    "price": 7.49,
    "promoPrice": null,
    "pricePerUnit": "74.9 kg",
    "image": "https://www.jumbo.com/dam-images/fit-in/360x360/Products/27032025_1743082411844_1743082418612_8718452529995_1.png",
    "available": true,
    "promoUntil": null
  },
  {
    "id": "387991BLK",
    "title": "Bonduelle Mexico Melange 400 g",
    "category": "Conserven, soepen, sauzen, oliën",
    "price": 2.59,
    "promoPrice": null,
    "pricePerUnit": "9.25 kg",
    "image": "https://www.jumbo.com/dam-images/fit-in/360x360/Products/02032024_1709349808228_1709349817403_387991_BLK_03083680597159_H1N1.png",
    "available": true,
    "promoUntil": null
  },
  {
    "id": "544638TRL",
    "title": "Jumbo Cola Zero Blik 24 x 330 ML",
    "category": "Frisdrank en sappen",
    "price": 8.76,
    "promoPrice": null,
    "pricePerUnit": "1.11 l",
    "image": "https://www.jumbo.com/dam-images/fit-in/360x360/Products/224781TRL-1692362408354.png",
    "available": true,
    "promoUntil": null
  },
  {
    "id": "637921ZK",
    "title": "Holie's Gluten Free Buckwheat & Nuts Granola 330g",
    "category": "Ontbijt, broodbeleg en bakproducten",
    "price": 4.11,
    "promoPrice": null,
    "pricePerUnit": "12.45 kg",
    "image": "https://www.jumbo.com/dam-images/fit-in/360x360/Products/12022025_1739332200072_1739332207255_637921_ZK_08720256082835_C1N1.png",
    "available": true,
    "promoUntil": null
  },
  {
    "id": "58327KGR",
    "title": "Jumbo Kogelbiefstuk 1 Stuk ca. 135 g",
    "category": "Vlees, vis en vega",
    "price": 4.93,
    "promoPrice": null,
    "pricePerUnit": "36.5 kg",
    "image": "https://www.jumbo.com/dam-images/fit-in/360x360/Products/24092025_1758717259341_1758717264764_2322588000000_1.png",
    "available": true,
    "promoUntil": null
  },
  {
    "id": "703839ZK",
    "title": "Maggi Jus Stamppot 24 g",
    "category": "Conserven, soepen, sauzen, oliën",
    "price": 0.79,
    "promoPrice": null,
    "pricePerUnit": "32.92 kg",
    "image": "https://www.jumbo.com/dam-images/fit-in/360x360/Products/17092025_1758112417915_1758112424705_8445291981263_1.png",
    "available": true,
    "promoUntil": null
  },
  {
    "id": "426851FLS",
    "title": "Melvita Biologische Agave Siroop 500 g",
    "category": "Koffie en thee",
    "price": 4.79,
    "promoPrice": null,
    "pricePerUnit": "9.58 kg",
    "image": "https://www.jumbo.com/dam-images/fit-in/360x360/Products/14022025_1739539173943_1739539179296_8713406450516_1.png",
    "available": true,
    "promoUntil": null
  },
  {
    "id": "577187BAK",
    "title": "Ehrmann Grand Dessert Café au Lait 190 g",
    "category": "Zuivel, eieren, boter",
    "price": 1.19,
    "promoPrice": null,
    "pricePerUnit": "6.26 kg",
    "image": "https://www.jumbo.com/dam-images/fit-in/360x360/Products/09082023_1691589011918_1691589016875_4002971253801_1.png",
    "available": true,
    "promoUntil": null
  },
  {
    "id": "643794BUS",
    "title": "TooTea Appel & Sinaasappel Bio Vanaf 6 Maanden 100 g",
    "category": "Koffie en thee",
    "price": 9.95,
    "promoPrice": null,
    "pricePerUnit": "99.5 kg",
    "image": "https://www.jumbo.com/dam-images/fit-in/360x360/Products/31102024_1730388786314_1730388794248_8721225490101_1.png",
    "available": true,
    "promoUntil": null
  },
  {
    "id": "144275KSL",
    "title": "Alpro Sojadrink Light Houdbaar 4 x 1 L",
    "category": "Zuivel, eieren, boter",
    "price": 11.16,
    "promoPrice": null,
    "pricePerUnit": "2.79 l",
    "image": "https://www.jumbo.com/dam-images/fit-in/360x360/Products/144275KSL4packAlproSojadrinkLight4d7af87f-bdff-42a6-b2a7-1d512bb4b9f6-1703666005238.png",
    "available": true,
    "promoUntil": null
  },
  {
    "id": "840785STK",
    "title": "Dr. Oetker Gist Instant 3 x 7 g",
    "category": "Ontbijt, broodbeleg en bakproducten",
    "price": 0.93,
    "promoPrice": null,
    "pricePerUnit": "44.29 kg",
    "image": "https://www.jumbo.com/dam-images/fit-in/360x360/Products/09042025_1744168845024_1744168853575_840785_STK_08710466017024_C1N1_s01.png",
    "available": true,
    "promoUntil": null
  },
  {
    "id": "538518DSL",
    "title": "De Klok - Pils - Blik - 24 x 500ML",
    "category": "Bier en wijn",
    "price": 21.29,
    "promoPrice": null,
    "pricePerUnit": "1.77 l",
    "image": "https://www.jumbo.com/dam-images/fit-in/360x360/Products/48039DSL-1692362328623.png",
    "available": true,
    "promoUntil": null
  },
  {
    "id": "611512TRA",
    "title": "Boterhamworst 175 g",
    "category": "Vleeswaren, kaas en tapas",
    "price": 1.74,
    "promoPrice": null,
    "pricePerUnit": "9.94 kg",
    "image": "https://www.jumbo.com/dam-images/fit-in/360x360/Products/12122024_1734021199603_1734021204656_8710939006418_1.png",
    "available": true,
    "promoUntil": null
  },
  {
    "id": "522659SC",
    "title": "Jumbo Snackgroente Paprikaatjes Mix 300 g",
    "category": "Aardappelen, groente en fruit",
    "price": 2.79,
    "promoPrice": null,
    "pricePerUnit": "9.3 kg",
    "image": "https://www.jumbo.com/dam-images/fit-in/360x360/Products/09082023_1691591218998_1691591260706_8718452687084_1.png",
    "available": true,
    "promoUntil": null
  },
  {
    "id": "94827FLS",
    "title": "Marne Zoete Honing Mosterdsaus 350 ml",
    "category": "Conserven, soepen, sauzen, oliën",
    "price": 2.29,
    "promoPrice": null,
    "pricePerUnit": "6.54 l",
    "image": "https://www.jumbo.com/dam-images/fit-in/360x360/Products/26062024_1719383634529_1719383639599_8710638001363_1.png",
    "available": true,
    "promoUntil": null
  },
  {
    "id": "105622ZK",
    "title": "Yum Yum Instant Noedels Groentensmaak 60 g",
    "category": "Conserven, soepen, sauzen, oliën",
    "price": 0.65,
    "promoPrice": null,
    "pricePerUnit": "10.83 kg",
    "image": "https://www.jumbo.com/dam-images/fit-in/360x360/Products/09082023_1691584436473_1691584477966_8852018101062_1.png",
    "available": true,
    "promoUntil": null
  },
  {
    "id": "513913FLS",
    "title": "Karvan Cévitam Aardbei Original Siroop, 600 ml",
    "category": "Frisdrank en sappen",
    "price": 4.29,
    "promoPrice": null,
    "pricePerUnit": "7.15 l",
    "image": "https://www.jumbo.com/dam-images/fit-in/360x360/Products/08082025_1754616250383_1754616257406_513913_FLS_08715700122434_H1N1.png",
    "available": true,
    "promoUntil": null
  },
  {
    "id": "672028DS",
    "title": "Jumbo Granenbiscuits Melkchocolade 9 x 2 Stuks",
    "category": "Koek, snoep, chocolade en chips",
    "price": 1.89,
    "promoPrice": null,
    "pricePerUnit": "6.47 kg",
    "image": "https://www.jumbo.com/dam-images/fit-in/360x360/Products/14022025_1739539160155_1739539172167_8718452879755_596.png",
    "available": true,
    "promoUntil": null
  },
  {
    "id": "577793CUP",
    "title": "Dodoni Authentieke Griekse Yoghurt 0% Vet 170 g",
    "category": "Zuivel, eieren, boter",
    "price": 1.19,
    "promoPrice": null,
    "pricePerUnit": "7.0 kg",
    "image": "https://www.jumbo.com/dam-images/fit-in/360x360/Products/22092025_1758540896407_1758540901982_5201168415810_1.png",
    "available": true,
    "promoUntil": null
  },
  {
    "id": "644220PAK",
    "title": "Spa Intense Bruisend Natuurlijk Mineraalwater 24x500ML",
    "category": "Frisdrank en sappen",
    "price": 16.94,
    "promoPrice": null,
    "pricePerUnit": "1.41 l",
    "image": "https://www.jumbo.com/dam-images/fit-in/360x360/Products/05082024_1722848909210_1722848912026_644220_PAK_05410013116653_H1N1.png",
    "available": true,
    "promoUntil": null
  },
  {
    "id": "699144POT",
    "title": "The Flower Farm Hazelnootpasta zonder palmolie 375g",
    "category": "Ontbijt, broodbeleg en bakproducten",
    "price": 3.75,
    "promoPrice": null,
    "pricePerUnit": "10.0 kg",
    "image": "https://www.jumbo.com/dam-images/fit-in/360x360/Products/23092025_1758599999975_1758600006730_699144_POT_08710472001116_C1N1.png",
    "available": true,
    "promoUntil": null
  },
  {
    "id": "197641STK",
    "title": "Bertolli Bio Originale extra vierge olijfolie ",
    "category": "Conserven, soepen, sauzen, oliën",
    "price": 10.59,
    "promoPrice": null,
    "pricePerUnit": "21.18 l",
    "image": "https://www.jumbo.com/dam-images/fit-in/360x360/Products/08082025_1754652803898_1754652810129_8002470014848_596.png",
    "available": true,
    "promoUntil": null
  },
  {
    "id": "33119DSL",
    "title": "Excellence - Chardonnay 6 x 750ml",
    "category": "Bier en wijn",
    "price": 29.94,
    "promoPrice": null,
    "pricePerUnit": "6.65 l",
    "image": "https://www.jumbo.com/dam-images/fit-in/360x360/Products/33119DSL-1692362518385.png",
    "available": true,
    "promoUntil": null
  },
  {
    "id": "533235PAK",
    "title": "Fanta Orange 10+2 Gratis 12 x 250 ml",
    "category": "Frisdrank en sappen",
    "price": 8.1,
    "promoPrice": null,
    "pricePerUnit": "2.7 l",
    "image": "https://www.jumbo.com/dam-images/fit-in/360x360/Products/29012024_1706542443645_1706542450196_5000112659436_1.png",
    "available": true,
    "promoUntil": null
  },
  {
    "id": "33033DSL",
    "title": "Mezzacorona – Pinot Grigio 6 x 750 ml",
    "category": "Bier en wijn",
    "price": 40.74,
    "promoPrice": null,
    "pricePerUnit": "9.05 l",
    "image": "https://www.jumbo.com/dam-images/fit-in/360x360/Products/33033DSL-1692282657301.png",
    "available": true,
    "promoUntil": null
  },
  {
    "id": "422940STK",
    "title": "Jumbo Avocado",
    "category": "Aardappelen, groente en fruit",
    "price": 1.35,
    "promoPrice": null,
    "pricePerUnit": "1.35 pieces",
    "image": "https://www.jumbo.com/dam-images/fit-in/360x360/Products/12122024_1734014461782_1734014468187_25003314_1.png",
    "available": true,
    "promoUntil": null
  },
  {
    "id": "681126TRA",
    "title": "Jumbo Curry Indiase Stijl Pangasiusfilet",
    "category": "Vlees, vis en vega",
    "price": 4.0,
    "promoPrice": null,
    "pricePerUnit": "14.81 kg",
    "image": "https://www.jumbo.com/dam-images/fit-in/360x360/Products/20062024_1718894210304_1718894217769_8718452838585_1.png",
    "available": true,
    "promoUntil": null
  },
  {
    "id": "676437ZK",
    "title": "Dreft Platinum Plus All In One Vaatwastabletten Anti-dofheidstechnologie 59 X",
    "category": "Huishouden en dieren",
    "price": 39.99,
    "promoPrice": null,
    "pricePerUnit": "0.68 pieces",
    "image": "https://www.jumbo.com/dam-images/fit-in/360x360/Products/15082025_1755216105150_1755216112262_8700216652438_1.png",
    "available": true,
    "promoUntil": null
  },
  {
    "id": "640539KGR",
    "title": "Jumbo Boterhamworst ca. 135 g",
    "category": "Vleeswaren, kaas en tapas",
    "price": 2.0,
    "promoPrice": null,
    "pricePerUnit": "14.81 kg",
    "image": "https://www.jumbo.com/dam-images/fit-in/360x360/Products/04072025_1751617977053_1751617985363_2335988000000_1.png",
    "available": true,
    "promoUntil": null
  },
  {
    "id": "94831FLS",
    "title": "Remia Fritessaus Halfvol XL 1 L",
    "category": "Conserven, soepen, sauzen, oliën",
    "price": 3.39,
    "promoPrice": null,
    "pricePerUnit": "3.39 l",
    "image": "https://www.jumbo.com/dam-images/fit-in/360x360/Products/10122023_1702174660557_1702174666416_94831_FLS_08710448691570_C1N1.png",
    "available": true,
    "promoUntil": null
  },
  {
    "id": "686798POT",
    "title": "Pranutti Duopasta 600g",
    "category": "Ontbijt, broodbeleg en bakproducten",
    "price": 2.89,
    "promoPrice": null,
    "pricePerUnit": "4.82 kg",
    "image": "https://www.jumbo.com/dam-images/fit-in/360x360/Products/3DPRANUTTIHazelnutSpreadDUO220425321f8e55-c368-4673-8b5d-ca3863a65327-1754299991280.png",
    "available": true,
    "promoUntil": null
  },
  {
    "id": "674457FLS",
    "title": "Jumbo Fruitsiroop Aardbei met Appel 0% Suiker Toegevoegd 750ML",
    "category": "Frisdrank en sappen",
    "price": 2.99,
    "promoPrice": null,
    "pricePerUnit": "3.99 l",
    "image": "https://www.jumbo.com/dam-images/fit-in/360x360/Products/28042025_1745850768349_1745850772353_8718452889174_1.png",
    "available": true,
    "promoUntil": null
  },
  {
    "id": "554733TRA",
    "title": "Jumbo Komijn Kaas Jong Belegen 30+ Plakken 190 g",
    "category": "Vleeswaren, kaas en tapas",
    "price": 3.79,
    "promoPrice": null,
    "pricePerUnit": "19.95 kg",
    "image": "https://www.jumbo.com/dam-images/fit-in/360x360/Products/03122024_1733240040866_1733240048700_8718452709038_1.png",
    "available": true,
    "promoUntil": null
  },
  {
    "id": "489263DS",
    "title": "Jumbo Mini Snacks Airfryer & Oven ca. 32 Stuks",
    "category": "Diepvries",
    "price": 6.49,
    "promoPrice": null,
    "pricePerUnit": "10.14 kg",
    "image": "https://www.jumbo.com/dam-images/fit-in/360x360/Products/04022025_1738686825886_1738686841342_8718452767052_596.png",
    "available": true,
    "promoUntil": null
  },
  {
    "id": "421580BUS",
    "title": "Jumbo Plantaardige Topping variatie op Slagroom 250 g",
    "category": "Zuivel, eieren, boter",
    "price": 1.59,
    "promoPrice": null,
    "pricePerUnit": "6.36 kg",
    "image": "https://www.jumbo.com/dam-images/fit-in/360x360/Products/09082023_1691588243798_1691588247774_8718452549863_1.png",
    "available": true,
    "promoUntil": null
  },
  {
    "id": "180612DS",
    "title": "Dr. Oetker Kloppudding Frambozen 74 g",
    "category": "Ontbijt, broodbeleg en bakproducten",
    "price": 1.26,
    "promoPrice": null,
    "pricePerUnit": "17.03 kg",
    "image": "https://www.jumbo.com/dam-images/fit-in/360x360/Products/17042025_1744861807822_1744861815353_180612_DS_08710466277220_C1N1_s01.png",
    "available": true,
    "promoUntil": null
  },
  {
    "id": "534542BAK",
    "title": "De Ballen van Dries Gehaktballen 280 g",
    "category": "Vlees, vis en vega",
    "price": 4.79,
    "promoPrice": null,
    "pricePerUnit": "17.11 kg",
    "image": "https://www.jumbo.com/dam-images/fit-in/360x360/Products/14042025_1744641187869_1744641195294_8715395181549_1.png",
    "available": true,
    "promoUntil": null
  },
  {
    "id": "214570ZK",
    "title": "Knorr Champignon Saus Mix 40 g",
    "category": "Conserven, soepen, sauzen, oliën",
    "price": 1.0,
    "promoPrice": null,
    "pricePerUnit": "25.0 kg",
    "image": "https://www.jumbo.com/dam-images/fit-in/360x360/Products/29082025_1756433406122_1756433455285_214570_ZK_08711200399161_C1N1.png",
    "available": true,
    "promoUntil": null
  },
  {
    "id": "215800STK",
    "title": "MAGGI Opkikker Drinkbouillon Pikante Kip 7 x 3,7 g",
    "category": "Conserven, soepen, sauzen, oliën",
    "price": 1.49,
    "promoPrice": null,
    "pricePerUnit": "57.31 kg",
    "image": "https://www.jumbo.com/dam-images/fit-in/360x360/Products/17092024_1726541164806_1726541179547_215800_STK_07613036657266_C1N1_s01.png",
    "available": true,
    "promoUntil": null
  },
  {
    "id": "634334DS",
    "title": "Hak Mais 190 g",
    "category": "Conserven, soepen, sauzen, oliën",
    "price": 3.21,
    "promoPrice": null,
    "pricePerUnit": "8.92 kg",
    "image": "https://www.jumbo.com/dam-images/fit-in/360x360/Products/12122024_1734014863469_1734014866804_8720600665875_1.png",
    "available": true,
    "promoUntil": null
  },
  {
    "id": "757411BLK",
    "title": "Del Monte Halve Perziken op Sap 415 g",
    "category": "Conserven, soepen, sauzen, oliën",
    "price": 2.15,
    "promoPrice": null,
    "pricePerUnit": "9.15 kg",
    "image": "https://www.jumbo.com/dam-images/fit-in/360x360/Products/12122024_1734014423065_1734014431683_24000124948_1.png",
    "available": true,
    "promoUntil": null
  },
  {
    "id": "277842POT",
    "title": "Jumbo Mayonaise met Truffel 180 g",
    "category": "Conserven, soepen, sauzen, oliën",
    "price": 2.83,
    "promoPrice": null,
    "pricePerUnit": "15.72 kg",
    "image": "https://www.jumbo.com/dam-images/fit-in/360x360/Products/21112024_1732214220728_1732214227121_8718452395293_1.png",
    "available": true,
    "promoUntil": null
  },
  {
    "id": "584566KGR",
    "title": "Wapenaer Goudse Kaas Jong Belegen 48+ Stuk ca. 423 g",
    "category": "Vleeswaren, kaas en tapas",
    "price": 6.76,
    "promoPrice": null,
    "pricePerUnit": "15.99 kg",
    "image": "https://www.jumbo.com/dam-images/fit-in/360x360/Products/19092024_1726760058492_1726760067223_2336164000000_1.png",
    "available": true,
    "promoUntil": null
  },
  {
    "id": "583650FLS",
    "title": "Jumbo Sinaasappel Nectar 1,5 L",
    "category": "Frisdrank en sappen",
    "price": 2.19,
    "promoPrice": null,
    "pricePerUnit": "1.46 l",
    "image": "https://www.jumbo.com/dam-images/fit-in/360x360/Products/12122024_1734014783026_1734014786532_8718452646333_1.png",
    "available": true,
    "promoUntil": null
  },
  {
    "id": "626034KGR",
    "title": "Jumbo Fijnproevers Entrecote Gerijpt ca. 210 g",
    "category": "Vlees, vis en vega",
    "price": 9.45,
    "promoPrice": null,
    "pricePerUnit": "44.99 kg",
    "image": "https://www.jumbo.com/dam-images/fit-in/360x360/Products/12122024_1734014884918_1734014891120_2336075000000_1.png",
    "available": true,
    "promoUntil": null
  },
  {
    "id": "571377BKR",
    "title": "Almhof 0% vet yoghurt aardbei",
    "category": "Zuivel, eieren, boter",
    "price": 2.19,
    "promoPrice": null,
    "pricePerUnit": "4.38 kg",
    "image": "https://www.jumbo.com/dam-images/fit-in/360x360/Products/15042025_1744727549035_1744727556492_4025500114114_1.png",
    "available": true,
    "promoUntil": null
  },
  {
    "id": "226787DS",
    "title": "Jumbo Lekkerbek Krokant 2 stuks 250 g",
    "category": "Diepvries",
    "price": 2.49,
    "promoPrice": null,
    "pricePerUnit": "9.96 kg",
    "image": "https://www.jumbo.com/dam-images/fit-in/360x360/Products/29092023_1695995409229_1695995419871_8718452581429_1.png",
    "available": true,
    "promoUntil": null
  },
  {
    "id": "570972DS",
    "title": "Weetabix Crispy Minis Choco 500g",
    "category": "Ontbijt, broodbeleg en bakproducten",
    "price": 4.94,
    "promoPrice": null,
    "pricePerUnit": "9.88 kg",
    "image": "https://www.jumbo.com/dam-images/fit-in/360x360/Products/24102024_1729736227042_1729736234919_570972_DS_05010029229110_C1N1.png",
    "available": true,
    "promoUntil": null
  },
  {
    "id": "510228FLS",
    "title": "Heinz Tomaten Ketchup Zero 400 ml",
    "category": "Conserven, soepen, sauzen, oliën",
    "price": 3.29,
    "promoPrice": null,
    "pricePerUnit": "7.74 kg",
    "image": "https://www.jumbo.com/dam-images/fit-in/360x360/Products/21082025_1755741748941_1755741751130_510228_FLS_08715700122151_A1N1.png",
    "available": true,
    "promoUntil": null
  },
  {
    "id": "177375DS",
    "title": "Jumbo Biologisch Earl Grey Thee 35 g",
    "category": "Koffie en thee",
    "price": 1.49,
    "promoPrice": null,
    "pricePerUnit": "0.07 pieces",
    "image": "https://www.jumbo.com/dam-images/fit-in/360x360/Products/14022024_1707872529757_1707872534180_8718452581160_1.png",
    "available": true,
    "promoUntil": null
  },
  {
    "id": "655339STK",
    "title": "Jumbo Scharrel Kipfilet Tuinkruiden 115 g",
    "category": "Vleeswaren, kaas en tapas",
    "price": 2.75,
    "promoPrice": null,
    "pricePerUnit": "23.91 kg",
    "image": "https://www.jumbo.com/dam-images/fit-in/360x360/Products/15112024_1731663278941_1731663285492_8718452875481_1.png",
    "available": true,
    "promoUntil": null
  },
  {
    "id": "608185FLS",
    "title": "Powerade Cherry Isotonic Sports Drink 500 ml",
    "category": "Frisdrank en sappen",
    "price": 1.75,
    "promoPrice": null,
    "pricePerUnit": "3.5 l",
    "image": "https://www.jumbo.com/dam-images/fit-in/360x360/Products/01032025_1740800857979_1740800864333_608185_FLS_05000112668339_H1N1.png",
    "available": true,
    "promoUntil": null
  },
  {
    "id": "360350STK",
    "title": "ERU Goudkuipje Naturel 200 g",
    "category": "Vleeswaren, kaas en tapas",
    "price": 2.89,
    "promoPrice": null,
    "pricePerUnit": "14.45 kg",
    "image": "https://www.jumbo.com/dam-images/fit-in/360x360/Products/09052025_1746758959434_1746758962877_360350_STK_08718700498448_C1N1.png",
    "available": true,
    "promoUntil": null
  },
  {
    "id": "533152DS",
    "title": "Coca-Cola Zero Sugar Mini 12 x 150 ml",
    "category": "Frisdrank en sappen",
    "price": 7.99,
    "promoPrice": null,
    "pricePerUnit": "4.44 l",
    "image": "https://www.jumbo.com/dam-images/fit-in/360x360/Products/09082023_1691592920302_1691592964622_5000112658811_1.png",
    "available": true,
    "promoUntil": null
  },
  {
    "id": "684358DS",
    "title": "Starbucks® by Nespresso® Ristretto Shot 10 Koffiecups",
    "category": "Koffie en thee",
    "price": 4.69,
    "promoPrice": null,
    "pricePerUnit": "0.47 pieces",
    "image": "https://www.jumbo.com/dam-images/fit-in/360x360/Products/23092025_1758590770626_1758590785910_684358_DS_08445291452626_H1N1_s01.png",
    "available": true,
    "promoUntil": null
  },
  {
    "id": "680652FLS",
    "title": "Starbucks Caramel Hazelnut Flavour Protein Drink with Coffee 330 ml",
    "category": "Zuivel, eieren, boter",
    "price": 2.69,
    "promoPrice": null,
    "pricePerUnit": "8.15 l",
    "image": "https://www.jumbo.com/dam-images/fit-in/360x360/Products/06032025_1741267947839_1741267952704_5711953194115_1.png",
    "available": true,
    "promoUntil": null
  },
  {
    "id": "232654FLS",
    "title": "Mezzacorona - Pinot Grigio - Rosé - 750ML",
    "category": "Bier en wijn",
    "price": 6.79,
    "promoPrice": null,
    "pricePerUnit": "9.05 l",
    "image": "https://www.jumbo.com/dam-images/fit-in/360x360/Products/22042025_1745335948037_1745335952084_8004305000613_1.png",
    "available": true,
    "promoUntil": null
  },
  {
    "id": "552366ZK",
    "title": "Jumbo Extra Zacht & Sterk 4-Laags Toiletpapier 12 Stuks",
    "category": "Huishouden en dieren",
    "price": 5.32,
    "promoPrice": null,
    "pricePerUnit": "0.44 pieces",
    "image": "https://www.jumbo.com/dam-images/fit-in/360x360/Products/09082023_1691593426924_1691593429983_8718452717279_1.png",
    "available": true,
    "promoUntil": null
  },
  {
    "id": "535538POT",
    "title": "Jumbo Yogonaise met Yoghurt 350 ML",
    "category": "Conserven, soepen, sauzen, oliën",
    "price": 1.29,
    "promoPrice": null,
    "pricePerUnit": "3.69 l",
    "image": "https://www.jumbo.com/dam-images/fit-in/360x360/Products/09082023_1691591815318_1691591822667_8718452659296_1.png",
    "available": true,
    "promoUntil": null
  },
  {
    "id": "428470FLS",
    "title": "Coca-Cola Original Taste 1 L",
    "category": "Frisdrank en sappen",
    "price": 2.44,
    "promoPrice": null,
    "pricePerUnit": "2.44 l",
    "image": "https://www.jumbo.com/dam-images/fit-in/360x360/Products/22052025_1747878201082_1747878207646_428470_FLS_05000112646634_H1N1.png",
    "available": true,
    "promoUntil": null
  },
  {
    "id": "564772DS",
    "title": "Fruitbox Conference Peren 3KG",
    "category": "Aardappelen, groente en fruit",
    "price": 5.99,
    "promoPrice": null,
    "pricePerUnit": "5.99 pieces",
    "image": "https://www.jumbo.com/dam-images/fit-in/360x360/Products/JumboB2BSIMConference29976b6e1-e841-4926-9f23-cc9d956ed45b-1701418161997.png",
    "available": true,
    "promoUntil": null
  },
  {
    "id": "131167FLS",
    "title": "Langnese Bee Easy Wilde Bloemenhoning 250g",
    "category": "Koffie en thee",
    "price": 3.66,
    "promoPrice": null,
    "pricePerUnit": "14.64 kg",
    "image": "https://www.jumbo.com/dam-images/fit-in/360x360/Products/09082023_1691587848152_1691587856290_4023300738301_1.png",
    "available": true,
    "promoUntil": null
  },
  {
    "id": "445169PAK",
    "title": "Lipton Ice Tea Green Original 4 x 1,5L",
    "category": "Frisdrank en sappen",
    "price": 9.27,
    "promoPrice": null,
    "pricePerUnit": "1.55 l",
    "image": "https://www.jumbo.com/dam-images/fit-in/360x360/Products/09072024_1720517720520_1720517724850_8711327510166_1.png",
    "available": true,
    "promoUntil": null
  },
  {
    "id": "359747POT",
    "title": "Hak Kidneybonen 365 g",
    "category": "Conserven, soepen, sauzen, oliën",
    "price": 2.19,
    "promoPrice": null,
    "pricePerUnit": "6.0 kg",
    "image": "https://www.jumbo.com/dam-images/fit-in/360x360/Products/10082023_1691677686903_1691677697211_8720600615221_1.png",
    "available": true,
    "promoUntil": null
  },
  {
    "id": "632282POT",
    "title": "Rio Sucralose Zoetstof 200 g",
    "category": "Koffie en thee",
    "price": 2.96,
    "promoPrice": null,
    "pricePerUnit": "14.8 kg",
    "image": "https://www.jumbo.com/dam-images/fit-in/360x360/Products/12122024_1734014744856_1734014750694_7640122995209_1.png",
    "available": true,
    "promoUntil": null
  },
  {
    "id": "305433PAK",
    "title": "Barebells Protein Bar White Chocolate Almond 55 g",
    "category": "Ontbijt, broodbeleg en bakproducten",
    "price": 2.81,
    "promoPrice": 2.1,
    "pricePerUnit": "38.18 kg",
    "image": "https://www.jumbo.com/dam-images/fit-in/360x360/Products/20032024_1710902317867_1710902326816_305433_PAK_07340001801101_C1N1.png",
    "available": true,
    "promoUntil": "di 7 okt"
  },
  {
    "id": "677287ZK",
    "title": "Jumbo Biologisch Stevige Linzensoep met Koriander 300ML",
    "category": "Conserven, soepen, sauzen, oliën",
    "price": 2.39,
    "promoPrice": null,
    "pricePerUnit": "7.97 l",
    "image": "https://www.jumbo.com/dam-images/fit-in/360x360/Products/26022025_1740583966561_1740583989234_8718452845767_596.png",
    "available": true,
    "promoUntil": null
  },
  {
    "id": "606354DS",
    "title": "Holie's Crunchy Muesli Protein 400g",
    "category": "Ontbijt, broodbeleg en bakproducten",
    "price": 4.15,
    "promoPrice": null,
    "pricePerUnit": "10.38 kg",
    "image": "https://www.jumbo.com/dam-images/fit-in/360x360/Products/11042025_1744337801796_1744337837947_606354_DS_08720256082408_C1N1.png",
    "available": true,
    "promoUntil": null
  },
  {
    "id": "684612TRA",
    "title": "Jumbo Filetlapjes a la Minute Varken Gemarineerd 5 Stuks",
    "category": "Vlees, vis en vega",
    "price": 4.49,
    "promoPrice": null,
    "pricePerUnit": "11.97 kg",
    "image": "https://www.jumbo.com/dam-images/fit-in/360x360/Products/23062025_1750681987098_1750681994666_8718452915941_1.png",
    "available": true,
    "promoUntil": null
  },
  {
    "id": "670971TRA",
    "title": "Jumbo Speklappen met Zwoerd 3 Stuks",
    "category": "Vlees, vis en vega",
    "price": 3.99,
    "promoPrice": null,
    "pricePerUnit": "13.3 kg",
    "image": "https://www.jumbo.com/dam-images/fit-in/360x360/Products/14022025_1739539723634_1739539729895_8718452895151_1.png",
    "available": true,
    "promoUntil": null
  },
  {
    "id": "540434DS",
    "title": "La Place Koffiecups Espresso Intenso 10 Stuks",
    "category": "Koffie en thee",
    "price": 3.29,
    "promoPrice": null,
    "pricePerUnit": "0.33 pieces",
    "image": "https://www.jumbo.com/dam-images/fit-in/360x360/Products/26042024_1714127650736_1714127658892_8718452560561_1.png",
    "available": true,
    "promoUntil": null
  },
  {
    "id": "648638FLS",
    "title": "Carbonell Zon & Olijf",
    "category": "Conserven, soepen, sauzen, oliën",
    "price": 6.99,
    "promoPrice": null,
    "pricePerUnit": "6.99 l",
    "image": "https://www.jumbo.com/dam-images/fit-in/360x360/Products/11092025_1757588675684_1757588682066_8410010511694_596.png",
    "available": true,
    "promoUntil": null
  },
  {
    "id": "543359STK",
    "title": "Jumbo Prei",
    "category": "Aardappelen, groente en fruit",
    "price": 0.65,
    "promoPrice": null,
    "pricePerUnit": "0.65 pieces",
    "image": "https://www.jumbo.com/dam-images/fit-in/360x360/Products/18092023_1695059507098_1695059511451_8718452689743_1.png",
    "available": true,
    "promoUntil": null
  },
  {
    "id": "608276CUP",
    "title": "Almhof roomyoghurt framboos granaatappel special edition 500 g",
    "category": "Zuivel, eieren, boter",
    "price": 2.49,
    "promoPrice": null,
    "pricePerUnit": "4.98 kg",
    "image": "https://www.jumbo.com/dam-images/fit-in/360x360/Products/15042025_1744727550126_1744727556780_8717982008635_1.png",
    "available": true,
    "promoUntil": null
  },
  {
    "id": "211892STK",
    "title": "Go-Tan Sweet Loempia Sauce Springroll 270 ml",
    "category": "Conserven, soepen, sauzen, oliën",
    "price": 2.69,
    "promoPrice": null,
    "pricePerUnit": "9.96 l",
    "image": "https://www.jumbo.com/dam-images/fit-in/360x360/Products/20122023_1703048391601_1703048396358_211892_STK_08710605021110_C1N1.png",
    "available": true,
    "promoUntil": null
  },
  {
    "id": "499628FLS",
    "title": "Zaanse Pittige Mayonaise 325 ml",
    "category": "Conserven, soepen, sauzen, oliën",
    "price": 2.99,
    "promoPrice": null,
    "pricePerUnit": "9.2 l",
    "image": "https://www.jumbo.com/dam-images/fit-in/360x360/Products/10082023_1691677307934_1691677318838_8710716030384_1.png",
    "available": true,
    "promoUntil": null
  },
  {
    "id": "680920DS",
    "title": "Pampers Premium Protection Maat 5, 68 Luiers",
    "category": "Drogisterij en baby",
    "price": 44.49,
    "promoPrice": null,
    "pricePerUnit": "0.65 pieces",
    "image": "https://www.jumbo.com/dam-images/fit-in/360x360/Products/14082025_1755192783675_1755192788516_8700216664981_1.png",
    "available": true,
    "promoUntil": null
  },
  {
    "id": "694754TRA",
    "title": "Jumbo Kipflakes Ketjap Voorgegaard 140 g",
    "category": "Vlees, vis en vega",
    "price": 2.5,
    "promoPrice": null,
    "pricePerUnit": "17.86 kg",
    "image": "https://www.jumbo.com/dam-images/fit-in/360x360/Products/13082025_1755095615681_1755095622442_8718452898152_1.png",
    "available": true,
    "promoUntil": null
  },
  {
    "id": "677288ZK",
    "title": "Jumbo Romige Bospaddenstoelensoep 300ML",
    "category": "Conserven, soepen, sauzen, oliën",
    "price": 1.79,
    "promoPrice": null,
    "pricePerUnit": "5.97 l",
    "image": "https://www.jumbo.com/dam-images/fit-in/360x360/Products/25042025_1745580811875_1745580830606_8718452872954_596.png",
    "available": true,
    "promoUntil": null
  },
  {
    "id": "202093DS",
    "title": "Jumbo Groene Thee Kokos 20 Stuks 30 g",
    "category": "Koffie en thee",
    "price": 1.19,
    "promoPrice": null,
    "pricePerUnit": "0.06 pieces",
    "image": "https://www.jumbo.com/dam-images/fit-in/360x360/Products/09082023_1691584970470_1691584982728_8718452250417_1.png",
    "available": true,
    "promoUntil": null
  },
  {
    "id": "196685FLS",
    "title": "Jumbo Biologisch Halfvolle Koffiemelk 186 ml",
    "category": "Zuivel, eieren, boter",
    "price": 0.99,
    "promoPrice": null,
    "pricePerUnit": "5.32 l",
    "image": "https://www.jumbo.com/dam-images/fit-in/360x360/Products/24052024_1716514954713_1716514957021_196685_FLS_08718452276189_C1N1.png",
    "available": true,
    "promoUntil": null
  },
  {
    "id": "302291POT",
    "title": "Jumbo Gesneden Sperziebonen Witte Bonen 680 g",
    "category": "Conserven, soepen, sauzen, oliën",
    "price": 1.99,
    "promoPrice": null,
    "pricePerUnit": "4.42 kg",
    "image": "https://www.jumbo.com/dam-images/fit-in/360x360/Products/08052024_1715182452952_1715182459577_8718452764648_1.png",
    "available": true,
    "promoUntil": null
  },
  {
    "id": "541291DS",
    "title": "Bolletje Ciabatta Crackers Rozemarijn 8 x 2 Stuks 190 g",
    "category": "Ontbijt, broodbeleg en bakproducten",
    "price": 2.56,
    "promoPrice": null,
    "pricePerUnit": "13.47 kg",
    "image": "https://www.jumbo.com/dam-images/fit-in/360x360/Products/06012025_1736152387022_1736152395172_8710482534154_1.png",
    "available": true,
    "promoUntil": null
  },
  {
    "id": "484083BAK",
    "title": "Westland Rundvleessalade Voordeelverpakking 560 g",
    "category": "Vleeswaren, kaas en tapas",
    "price": 4.59,
    "promoPrice": null,
    "pricePerUnit": "8.2 kg",
    "image": "https://www.jumbo.com/dam-images/fit-in/360x360/Products/12062025_1749691927231_1749691955457_484083_BAK_08710846314026_H1N1_v01.png",
    "available": true,
    "promoUntil": null
  },
  {
    "id": "672955BAK",
    "title": "Lochtman Oma's Stoverij 500 g",
    "category": "Vlees, vis en vega",
    "price": 5.99,
    "promoPrice": null,
    "pricePerUnit": "11.98 kg",
    "image": "https://www.jumbo.com/dam-images/fit-in/360x360/Products/10062024_1718026390579_1718026399506_8717056393186_1.png",
    "available": true,
    "promoUntil": null
  },
  {
    "id": "178416ZK",
    "title": "Jumbo Blokjes Jong Belegen Kaas 48+ 300 g",
    "category": "Vleeswaren, kaas en tapas",
    "price": 3.35,
    "promoPrice": null,
    "pricePerUnit": "11.17 kg",
    "image": "https://www.jumbo.com/dam-images/fit-in/360x360/Products/178416_8718452188345_1_T7_178416ZK1691290969987.png",
    "available": true,
    "promoUntil": null
  },
  {
    "id": "176260FLS",
    "title": "Koopmans Pannenkoekenmix Compleet Schudfles 210g",
    "category": "Ontbijt, broodbeleg en bakproducten",
    "price": 2.27,
    "promoPrice": null,
    "pricePerUnit": "10.81 kg",
    "image": "https://www.jumbo.com/dam-images/fit-in/360x360/Products/17042025_1744861153214_1744861158929_176260_FLS_08710466277725_C1N1_s02.png",
    "available": true,
    "promoUntil": null
  },
  {
    "id": "557688ZK",
    "title": "Jordans Simply Crunchy Honey Baked Granola Maxi Pack 700 g",
    "category": "Ontbijt, broodbeleg en bakproducten",
    "price": 3.46,
    "promoPrice": null,
    "pricePerUnit": "4.94 kg",
    "image": "https://www.jumbo.com/dam-images/fit-in/360x360/Products/25042025_1745588008678_1745588016629_5010477363497_1.png",
    "available": true,
    "promoUntil": null
  },
  {
    "id": "624608TRA",
    "title": "Lezziz Kipshoarma Halal 300 g",
    "category": "Vlees, vis en vega",
    "price": 4.29,
    "promoPrice": null,
    "pricePerUnit": "14.3 kg",
    "image": "https://www.jumbo.com/dam-images/fit-in/360x360/Products/11112024_1731342777283_1731342786168_8714798300083_1.png",
    "available": true,
    "promoUntil": null
  },
  {
    "id": "493860STK",
    "title": "Jumbo Biologisch Rijstwafels Pure Chocolade 100 g",
    "category": "Ontbijt, broodbeleg en bakproducten",
    "price": 1.89,
    "promoPrice": null,
    "pricePerUnit": "18.9 kg",
    "image": "https://www.jumbo.com/dam-images/fit-in/360x360/Products/09082023_1691590435462_1691590513187_8718452641802_1.png",
    "available": true,
    "promoUntil": null
  },
  {
    "id": "208254DS",
    "title": "Pickwick Slaap Lekker Kruiden Thee 20 Stuks",
    "category": "Koffie en thee",
    "price": 2.39,
    "promoPrice": null,
    "pricePerUnit": "0.12 pieces",
    "image": "https://www.jumbo.com/dam-images/fit-in/360x360/Products/08062024_1717819840813_1717819848290_208254_DS_08711000306482_C1N1.png",
    "available": true,
    "promoUntil": null
  },
  {
    "id": "522943CUP",
    "title": "Jumbo Kip Mambo Salade 200 g",
    "category": "Vleeswaren, kaas en tapas",
    "price": 2.96,
    "promoPrice": null,
    "pricePerUnit": "14.8 kg",
    "image": "https://www.jumbo.com/dam-images/fit-in/360x360/Products/11122023_1702297984038_1702297989507_8718452665488_1.png",
    "available": true,
    "promoUntil": null
  },
  {
    "id": "464834ZK",
    "title": "Smaakt Bio Volkoren Havervlokken 1500 g",
    "category": "Ontbijt, broodbeleg en bakproducten",
    "price": 7.12,
    "promoPrice": null,
    "pricePerUnit": "4.75 kg",
    "image": "https://www.jumbo.com/dam-images/fit-in/360x360/Products/18092024_1726651997301_1726652001025_8718924016404_1.png",
    "available": true,
    "promoUntil": null
  },
  {
    "id": "680921DS",
    "title": "Pampers Premium Protection Maat 4, 78 Luiers",
    "category": "Drogisterij en baby",
    "price": 51.55,
    "promoPrice": null,
    "pricePerUnit": "0.66 pieces",
    "image": "https://www.jumbo.com/dam-images/fit-in/360x360/Products/14082025_1755196421809_1755196427510_8700216664851_1.png",
    "available": true,
    "promoUntil": null
  },
  {
    "id": "683331BAK",
    "title": "Jumbo Garnalen Naturel 150 g",
    "category": "Vlees, vis en vega",
    "price": 3.89,
    "promoPrice": null,
    "pricePerUnit": "25.93 kg",
    "image": "https://www.jumbo.com/dam-images/fit-in/360x360/Products/29092023_1695995259172_1695995268599_8718452529971_1.png",
    "available": true,
    "promoUntil": null
  },
  {
    "id": "558896ZK",
    "title": "Jumbo Jus Naturel 29 g",
    "category": "Conserven, soepen, sauzen, oliën",
    "price": 0.45,
    "promoPrice": null,
    "pricePerUnit": "15.52 kg",
    "image": "https://www.jumbo.com/dam-images/fit-in/360x360/Products/10082023_1691678617815_1691678628501_8718452645480_1.png",
    "available": true,
    "promoUntil": null
  },
  {
    "id": "227465POT",
    "title": "Jumbo Witte Bonen in Tomatensaus 180 g",
    "category": "Conserven, soepen, sauzen, oliën",
    "price": 0.59,
    "promoPrice": null,
    "pricePerUnit": "3.28 kg",
    "image": "https://www.jumbo.com/dam-images/fit-in/360x360/Products/29052024_1717000393615_1717000403136_8718452835980_1.png",
    "available": true,
    "promoUntil": null
  },
  {
    "id": "602147PAK",
    "title": "Jumbo Soja Plantaardig Alternatief voor Kookroom 200ML",
    "category": "Zuivel, eieren, boter",
    "price": 0.99,
    "promoPrice": null,
    "pricePerUnit": "4.95 l",
    "image": "https://www.jumbo.com/dam-images/fit-in/360x360/Products/01112024_1730471707344_1730471717042_8718452799725_596.png",
    "available": true,
    "promoUntil": null
  },
  {
    "id": "79126DSL",
    "title": "Los Gansos - Sauvignon Blanc 6 x 750 ml",
    "category": "Bier en wijn",
    "price": 35.94,
    "promoPrice": null,
    "pricePerUnit": "7.99 l",
    "image": "https://www.jumbo.com/dam-images/fit-in/360x360/Products/3780432032842479de1cc5-b10a-49e4-b39d-bcd36dfbba53-1750860429883.png",
    "available": true,
    "promoUntil": null
  },
  {
    "id": "485371BAK",
    "title": "Jumbo Biologische Verse Gember",
    "category": "Aardappelen, groente en fruit",
    "price": 2.19,
    "promoPrice": null,
    "pricePerUnit": "14.6 kg",
    "image": "https://www.jumbo.com/dam-images/fit-in/360x360/Products/03072025_1751538775745_1751538782206_8718452633517_1.png",
    "available": true,
    "promoUntil": null
  },
  {
    "id": "705294ZK",
    "title": "Bruinbrood",
    "category": "Brood en gebak",
    "price": 0.98,
    "promoPrice": null,
    "pricePerUnit": "1.23 kg",
    "image": "https://www.jumbo.com/dam-images/fit-in/360x360/Products/22042024_1713800058771_1713800062878_8718452652839_1.png",
    "available": true,
    "promoUntil": null
  },
  {
    "id": "514627DS",
    "title": "De Vegetarische Slager Lecker Burgerlijk Vegan 160 g",
    "category": "Vlees, vis en vega",
    "price": 3.99,
    "promoPrice": null,
    "pricePerUnit": "24.94 kg",
    "image": "https://www.jumbo.com/dam-images/fit-in/360x360/Products/23092025_1758594985455_1758595020320_514627_DS_08720182920195_C1N1.png",
    "available": true,
    "promoUntil": null
  },
  {
    "id": "681471TRA",
    "title": "Jumbo Plantaardig Gehakt Rul Gegaard 200g",
    "category": "Vlees, vis en vega",
    "price": 1.65,
    "promoPrice": null,
    "pricePerUnit": "8.25 kg",
    "image": "https://www.jumbo.com/dam-images/fit-in/360x360/Products/06032025_1741249974571_1741249981897_8718452817535_1.png",
    "available": true,
    "promoUntil": null
  },
  {
    "id": "614385ZK",
    "title": "Jumbo Special Crunchy Muesli Chocolicious 425 g",
    "category": "Ontbijt, broodbeleg en bakproducten",
    "price": 2.99,
    "promoPrice": null,
    "pricePerUnit": "7.04 kg",
    "image": "https://www.jumbo.com/dam-images/fit-in/360x360/Products/04042024_1712223251273_1712223263555_8718452794546_1.png",
    "available": true,
    "promoUntil": null
  },
  {
    "id": "140388KRT",
    "title": "Brand Pilsener Bier 24 x 300ml Krat",
    "category": "Bier en wijn",
    "price": 19.98,
    "promoPrice": null,
    "pricePerUnit": "2.78 l",
    "image": "https://www.jumbo.com/dam-images/fit-in/360x360/Products/07012025_1736267672481_1736267677688_8712000034887_1.png",
    "available": true,
    "promoUntil": null
  },
  {
    "id": "102850BLK",
    "title": "Unox Ragout Champignon 4 Porties 400 g",
    "category": "Conserven, soepen, sauzen, oliën",
    "price": 2.76,
    "promoPrice": null,
    "pricePerUnit": "6.9 kg",
    "image": "https://www.jumbo.com/dam-images/fit-in/360x360/Products/21082025_1755739119874_1755739192031_102850_BLK_08712100379529_H1N1.png",
    "available": true,
    "promoUntil": null
  },
  {
    "id": "666339TRA",
    "title": "Jumbo Feestkoeken met Karamelvulling 200 g",
    "category": "Koek, snoep, chocolade en chips",
    "price": 2.69,
    "promoPrice": null,
    "pricePerUnit": "13.45 kg",
    "image": "https://www.jumbo.com/dam-images/fit-in/360x360/Products/24042025_1745487268903_1745487275578_8718452862788_1.png",
    "available": true,
    "promoUntil": null
  },
  {
    "id": "285530STK",
    "title": "Garlan Roomkaas Knoflook & Kruiden 150 g",
    "category": "Vleeswaren, kaas en tapas",
    "price": 1.19,
    "promoPrice": null,
    "pricePerUnit": "7.93 kg",
    "image": "https://www.jumbo.com/dam-images/fit-in/360x360/Products/19122023_1702974843545_1702974850319_5760466739924_1.png",
    "available": true,
    "promoUntil": null
  },
  {
    "id": "672994PAK",
    "title": "Lochtman Hongaarse Goulash Rund 500 g",
    "category": "Verse maaltijden en gemak",
    "price": 5.49,
    "promoPrice": null,
    "pricePerUnit": "10.98 kg",
    "image": "https://www.jumbo.com/dam-images/fit-in/360x360/Products/09082023_1691587083888_1691587093766_8717056390024_1.png",
    "available": true,
    "promoUntil": null
  },
  {
    "id": "510855ZK",
    "title": "Van Gilse Kristalsuiker Fijn 750 g",
    "category": "Ontbijt, broodbeleg en bakproducten",
    "price": 1.68,
    "promoPrice": null,
    "pricePerUnit": "2.24 kg",
    "image": "https://www.jumbo.com/dam-images/fit-in/360x360/Products/09082023_1691585790300_1691585800082_8710437002172_1.png",
    "available": true,
    "promoUntil": null
  },
  {
    "id": "580780TRA",
    "title": "Jumbo Shoarma Flakes 500 g",
    "category": "Vlees, vis en vega",
    "price": 6.5,
    "promoPrice": null,
    "pricePerUnit": "13.0 kg",
    "image": "https://www.jumbo.com/dam-images/fit-in/360x360/Products/05112024_1730820972790_1730820993628_8718452775842_1.png",
    "available": true,
    "promoUntil": null
  },
  {
    "id": "533127DS",
    "title": "Coca-Cola Original Taste Mini 12 x 150 ML",
    "category": "Frisdrank en sappen",
    "price": 7.69,
    "promoPrice": null,
    "pricePerUnit": "4.27 l",
    "image": "https://www.jumbo.com/dam-images/fit-in/360x360/Products/09082023_1691592667840_1691592708406_5000112658828_1.png",
    "available": true,
    "promoUntil": null
  },
  {
    "id": "617249FLS",
    "title": "Beautiful Immunity Kefir ondersteunt de darmflora Bosvruchten 500 ml",
    "category": "Zuivel, eieren, boter",
    "price": 2.39,
    "promoPrice": null,
    "pricePerUnit": "4.78 l",
    "image": "https://www.jumbo.com/dam-images/fit-in/360x360/Products/05082025_1754356034654_1754356044142_617249_FLS_05060337222785_C1N1.png",
    "available": true,
    "promoUntil": null
  },
  {
    "id": "484775POT",
    "title": "Mellona Biologische Bloemenhoning Vloeibare 450 g",
    "category": "Koffie en thee",
    "price": 7.22,
    "promoPrice": null,
    "pricePerUnit": "16.04 kg",
    "image": "https://www.jumbo.com/dam-images/fit-in/360x360/Products/10082023_1691675104186_1691675149916_4055500012318_1.png",
    "available": true,
    "promoUntil": null
  },
  {
    "id": "237673POT",
    "title": "Jumbo Runderfond 350 ml",
    "category": "Conserven, soepen, sauzen, oliën",
    "price": 2.99,
    "promoPrice": null,
    "pricePerUnit": "8.54 l",
    "image": "https://www.jumbo.com/dam-images/fit-in/360x360/Products/09082023_1691585251905_1691585262744_8718452349937_1.png",
    "available": true,
    "promoUntil": null
  },
  {
    "id": "660841CUP",
    "title": "Zuivelhoeve Fityogurt XXL Nutrition Peach Protein Yogurt 200 g",
    "category": "Zuivel, eieren, boter",
    "price": 1.99,
    "promoPrice": null,
    "pricePerUnit": "9.95 kg",
    "image": "https://www.jumbo.com/dam-images/fit-in/360x360/Products/20092025_1758335538940_1758335542640_660841_CUP_08711399024738_C1N1.png",
    "available": true,
    "promoUntil": null
  },
  {
    "id": "398358ZK",
    "title": "Jumbo Ribbel Naturel Big Pack 335 g",
    "category": "Koek, snoep, chocolade en chips",
    "price": 1.8,
    "promoPrice": null,
    "pricePerUnit": "5.37 kg",
    "image": "https://www.jumbo.com/dam-images/fit-in/360x360/Products/25112024_1732552455971_1732552474584_8718452836307_596.png",
    "available": true,
    "promoUntil": null
  },
  {
    "id": "583969DS",
    "title": "Yogi Tea Biologisch Bedtime Thee 17 Stuks 30,6 g",
    "category": "Koffie en thee",
    "price": 3.99,
    "promoPrice": null,
    "pricePerUnit": "0.23 pieces",
    "image": "https://www.jumbo.com/dam-images/fit-in/360x360/Products/14022024_1707873373768_1707873381768_4012824401228_1.png",
    "available": true,
    "promoUntil": null
  },
  {
    "id": "508102KRT",
    "title": "Grolsch - Pils - Krat - 16 x 450ML",
    "category": "Bier en wijn",
    "price": 19.29,
    "promoPrice": null,
    "pricePerUnit": "2.68 l",
    "image": "https://www.jumbo.com/dam-images/fit-in/360x360/Products/08716700025800H1N1600f67a7-f4f8-48b1-b2e4-4b88f38efa02-1758094135201.png",
    "available": true,
    "promoUntil": null
  },
  {
    "id": "680085TRA",
    "title": "Jumbo Varkensfiletsteak BBQ 200 g",
    "category": "Vlees, vis en vega",
    "price": 3.29,
    "promoPrice": null,
    "pricePerUnit": "16.45 kg",
    "image": "https://www.jumbo.com/dam-images/fit-in/360x360/Products/06052025_1746538407739_1746538415163_8718452911776_1.png",
    "available": true,
    "promoUntil": null
  },
  {
    "id": "550302PAK",
    "title": "Starbucks Chilled Coffee Caramel Macchiato ijskoffie 750ml",
    "category": "Zuivel, eieren, boter",
    "price": 3.99,
    "promoPrice": null,
    "pricePerUnit": "5.32 l",
    "image": "https://www.jumbo.com/dam-images/fit-in/360x360/Products/12122024_1733992439566_1733992444887_4100290025564_1.png",
    "available": true,
    "promoUntil": null
  },
  {
    "id": "174246KP",
    "title": "ERU Kids 100 g",
    "category": "Vleeswaren, kaas en tapas",
    "price": 1.69,
    "promoPrice": null,
    "pricePerUnit": "16.9 kg",
    "image": "https://www.jumbo.com/dam-images/fit-in/360x360/Products/19082025_1755565363506_1755565371682_174246_KP_00000087187069_C1N1.png",
    "available": true,
    "promoUntil": null
  },
  {
    "id": "642001POT",
    "title": "Raw Organic Food Cacaopoeder 100 g",
    "category": "Ontbijt, broodbeleg en bakproducten",
    "price": 5.24,
    "promoPrice": null,
    "pricePerUnit": "52.4 kg",
    "image": "https://www.jumbo.com/dam-images/fit-in/360x360/Products/09092025_1757410418662_1757410426040_8718546991189_1.png",
    "available": true,
    "promoUntil": null
  },
  {
    "id": "22544PAK",
    "title": "RAAK Vruchtensiroop Zwarte Bessen 0,75 L",
    "category": "Frisdrank en sappen",
    "price": 3.49,
    "promoPrice": null,
    "pricePerUnit": "4.65 l",
    "image": "https://www.jumbo.com/dam-images/fit-in/360x360/Products/24022024_1708742756891_1708742762592_22544_PAK_00000087222548_C1N1.png",
    "available": true,
    "promoUntil": null
  },
  {
    "id": "512203FLS",
    "title": "Raak Vruchtensiroop Bosvruchten Zero Sugar 750ML",
    "category": "Frisdrank en sappen",
    "price": 3.49,
    "promoPrice": null,
    "pricePerUnit": "4.65 l",
    "image": "https://www.jumbo.com/dam-images/fit-in/360x360/Products/24022024_1708742683202_1708742688446_512203_FLS_00000087342673_C1N1.png",
    "available": true,
    "promoUntil": null
  },
  {
    "id": "181065BLK",
    "title": "Bonduelle Bonenmix Crispy Mais, Rode Kidney, Lima & Black Eyed Bonen 160g",
    "category": "Conserven, soepen, sauzen, oliën",
    "price": 1.69,
    "promoPrice": null,
    "pricePerUnit": "13.0 kg",
    "image": "https://www.jumbo.com/dam-images/fit-in/360x360/Products/19012024_1705664109713_1705664116377_3083681065916_1.png",
    "available": true,
    "promoUntil": null
  },
  {
    "id": "31699PAK",
    "title": "Kinder Pingui Cacao 4 Stuks 120 g",
    "category": "Zuivel, eieren, boter",
    "price": 2.49,
    "promoPrice": null,
    "pricePerUnit": "20.75 kg",
    "image": "https://www.jumbo.com/dam-images/fit-in/360x360/Products/12032025_1741749926517_1741749932390_31699_PAK_04008400290423_H1N1.png",
    "available": true,
    "promoUntil": null
  },
  {
    "id": "522656SC",
    "title": "Jumbo Snackgroente Tomaatjes Mix 400 g",
    "category": "Aardappelen, groente en fruit",
    "price": 2.79,
    "promoPrice": null,
    "pricePerUnit": "6.98 kg",
    "image": "https://www.jumbo.com/dam-images/fit-in/360x360/Products/09082023_1691591218997_1691591263854_8718452687060_1.png",
    "available": true,
    "promoUntil": null
  },
  {
    "id": "514880DS",
    "title": "Quaker Cruesli Zero Sugar Added Cacao & Banaan 400 gr",
    "category": "Ontbijt, broodbeleg en bakproducten",
    "price": 3.95,
    "promoPrice": null,
    "pricePerUnit": "9.88 kg",
    "image": "https://www.jumbo.com/dam-images/fit-in/360x360/Products/29052025_1748511205596_1748511213239_8710398525826_1.png",
    "available": true,
    "promoUntil": null
  },
  {
    "id": "588195CUP",
    "title": "Jumbo Witte Chocolade Mousse met Witte- en Pure Chocoladekrullen 75 g",
    "category": "Zuivel, eieren, boter",
    "price": 1.55,
    "promoPrice": null,
    "pricePerUnit": "20.67 kg",
    "image": "https://www.jumbo.com/dam-images/fit-in/360x360/Products/27032024_1711535593185_1711535601195_8718452716845_1.png",
    "available": true,
    "promoUntil": null
  },
  {
    "id": "191797DS",
    "title": "Jumbo Biologisch Groene Thee Citroen 20 Stuks",
    "category": "Koffie en thee",
    "price": 1.79,
    "promoPrice": null,
    "pricePerUnit": "0.09 pieces",
    "image": "https://www.jumbo.com/dam-images/fit-in/360x360/Products/14022024_1707872529845_1707872573056_8718452581177_1.png",
    "available": true,
    "promoUntil": null
  },
  {
    "id": "275132ROL",
    "title": "Leev Chickpea with Rice 100 g",
    "category": "Ontbijt, broodbeleg en bakproducten",
    "price": 2.27,
    "promoPrice": null,
    "pricePerUnit": "22.7 kg",
    "image": "https://www.jumbo.com/dam-images/fit-in/360x360/Products/29042025_1745940768879_1745940773164_8718215835691_1.png",
    "available": true,
    "promoUntil": null
  },
  {
    "id": "585919PAK",
    "title": "FuzeTea Green Tea 24 x 330 ml",
    "category": "Frisdrank en sappen",
    "price": 24.09,
    "promoPrice": null,
    "pricePerUnit": "3.04 l",
    "image": "https://www.jumbo.com/dam-images/fit-in/360x360/Products/14022024_1707873436256_1707873447613_5000112659979_1.png",
    "available": true,
    "promoUntil": null
  },
  {
    "id": "136030PAK",
    "title": "Jumbo Multifruit Sap 1,5 L",
    "category": "Frisdrank en sappen",
    "price": 2.59,
    "promoPrice": null,
    "pricePerUnit": "1.73 l",
    "image": "https://www.jumbo.com/dam-images/fit-in/360x360/Products/12122024_1734014959555_1734014972194_8718452648894_596.png",
    "available": true,
    "promoUntil": null
  },
  {
    "id": "661566STK",
    "title": "Chatar 280 g",
    "category": "Vleeswaren, kaas en tapas",
    "price": 1.45,
    "promoPrice": null,
    "pricePerUnit": "5.18 kg",
    "image": "https://www.jumbo.com/dam-images/fit-in/360x360/Products/12122024_1734017683787_1734017690026_5411123600261_1.png",
    "available": true,
    "promoUntil": null
  },
  {
    "id": "194040STK",
    "title": "Alpro Sojadrink Chocolade Smaak Houdbaar 3 x 250 ml",
    "category": "Frisdrank en sappen",
    "price": 2.49,
    "promoPrice": null,
    "pricePerUnit": "3.32 l",
    "image": "https://www.jumbo.com/dam-images/fit-in/360x360/Products/25052024_1716603595875_1716603605556_194040_STK_05411188121978_H1N1.png",
    "available": true,
    "promoUntil": null
  },
  {
    "id": "201598BAK",
    "title": "Jumbo Shoarma met Paprika 440 g",
    "category": "Vlees, vis en vega",
    "price": 5.0,
    "promoPrice": null,
    "pricePerUnit": "11.36 kg",
    "image": "https://www.jumbo.com/dam-images/fit-in/360x360/Products/05112024_1730820971676_1730821016540_8718452235889_1.png",
    "available": true,
    "promoUntil": null
  },
  {
    "id": "183988ZK",
    "title": "Céréal Zonder Suikers Mini Cakes Stukjes Chocolade 7 x 28 g",
    "category": "Ontbijt, broodbeleg en bakproducten",
    "price": 3.99,
    "promoPrice": null,
    "pricePerUnit": "20.36 kg",
    "image": "https://www.jumbo.com/dam-images/fit-in/360x360/Products/21082025_1755738764377_1755738774953_183988_ZK_05410063033078_C1N1.png",
    "available": true,
    "promoUntil": null
  },
  {
    "id": "481296ROL",
    "title": "Komo Huisvuilzakken + Sluitstrips 20 Stuks",
    "category": "Huishouden en dieren",
    "price": 2.06,
    "promoPrice": null,
    "pricePerUnit": "0.1 pieces",
    "image": "https://www.jumbo.com/dam-images/fit-in/360x360/Products/09082023_1691586931861_1691586942786_8710672889118_1.png",
    "available": true,
    "promoUntil": null
  },
  {
    "id": "681102STK",
    "title": "Jumbo Zalm Flakes Warmgerookt 150 g",
    "category": "Vlees, vis en vega",
    "price": 5.99,
    "promoPrice": null,
    "pricePerUnit": "39.93 kg",
    "image": "https://www.jumbo.com/dam-images/fit-in/360x360/Products/29092023_1695995259453_1695995267871_8718452529940_1.png",
    "available": true,
    "promoUntil": null
  },
  {
    "id": "398357ZK",
    "title": "Jumbo Ribbel Paprika Chips 335 g",
    "category": "Koek, snoep, chocolade en chips",
    "price": 1.81,
    "promoPrice": null,
    "pricePerUnit": "5.4 kg",
    "image": "https://www.jumbo.com/dam-images/fit-in/360x360/Products/11112024_1731324766296_1731324783169_8718452836291_596.png",
    "available": true,
    "promoUntil": null
  },
  {
    "id": "190969ZK",
    "title": "Jumbo Biologische Appels 1KG",
    "category": "Aardappelen, groente en fruit",
    "price": 3.99,
    "promoPrice": null,
    "pricePerUnit": "3.99 kg",
    "image": "https://www.jumbo.com/dam-images/fit-in/360x360/Products/27032025_1743086029293_1743086036301_8718452155408_1.png",
    "available": true,
    "promoUntil": null
  },
  {
    "id": "643793BUS",
    "title": "TooTea Mango Passievrucht Kokos voor Kinderen vanaf 6 Maanden 100 g",
    "category": "Koffie en thee",
    "price": 9.95,
    "promoPrice": null,
    "pricePerUnit": "99.5 kg",
    "image": "https://www.jumbo.com/dam-images/fit-in/360x360/Products/31102024_1730388786334_1730388797192_8721225490125_1.png",
    "available": true,
    "promoUntil": null
  },
  {
    "id": "637069PAK",
    "title": "Upfront Vegan Eiwitreep Speculaas 60 g",
    "category": "Ontbijt, broodbeleg en bakproducten",
    "price": 2.69,
    "promoPrice": 2.01,
    "pricePerUnit": "33.5 kg",
    "image": "https://www.jumbo.com/dam-images/fit-in/360x360/Products/12122024_1734014744937_1734014749452_8720828249079_1.png",
    "available": true,
    "promoUntil": "di 7 okt"
  },
  {
    "id": "484772ZK",
    "title": "Jumbo Broccoli Roosjes 750 g",
    "category": "Diepvries",
    "price": 1.89,
    "promoPrice": null,
    "pricePerUnit": "2.52 kg",
    "image": "https://www.jumbo.com/dam-images/fit-in/360x360/Products/14022024_1707872789662_1707872793316_8718452722662_1.png",
    "available": true,
    "promoUntil": null
  },
  {
    "id": "430908FLS",
    "title": "Reddy Zonnebloemolie 1 L",
    "category": "Conserven, soepen, sauzen, oliën",
    "price": 3.32,
    "promoPrice": null,
    "pricePerUnit": "3.32 l",
    "image": "https://www.jumbo.com/dam-images/fit-in/360x360/Products/22062025_1750557812206_1750557818574_430908_FLS_.png",
    "available": true,
    "promoUntil": null
  },
  {
    "id": "513654TRA",
    "title": "Garden Gourmet Groenteschijf",
    "category": "Vlees, vis en vega",
    "price": 3.89,
    "promoPrice": null,
    "pricePerUnit": "21.61 kg",
    "image": "https://www.jumbo.com/dam-images/fit-in/360x360/Products/11072025_1752199215045_1752199215866_513654_TRA_07613039676707_A1N1_s01.png",
    "available": true,
    "promoUntil": null
  },
  {
    "id": "388033BLK",
    "title": "Bonduelle Crispy Maïs 300g",
    "category": "Conserven, soepen, sauzen, oliën",
    "price": 2.09,
    "promoPrice": null,
    "pricePerUnit": "7.33 kg",
    "image": "https://www.jumbo.com/dam-images/fit-in/360x360/Products/17102024_1729129224886_1729129233564_388033_BLK_03083681025484_H1N1.png",
    "available": true,
    "promoUntil": null
  },
  {
    "id": "623101CUP",
    "title": "Cremette Zuivelspread Naturel 200 g",
    "category": "Vleeswaren, kaas en tapas",
    "price": 1.39,
    "promoPrice": null,
    "pricePerUnit": "6.95 kg",
    "image": "https://www.jumbo.com/dam-images/fit-in/360x360/Products/12122024_1734014463071_1734014470147_4002671156631_1.png",
    "available": true,
    "promoUntil": null
  },
  {
    "id": "76859DS",
    "title": "Venz Rimboe kroko vlokken puur/vanille 200 g",
    "category": "Ontbijt, broodbeleg en bakproducten",
    "price": 3.95,
    "promoPrice": null,
    "pricePerUnit": "19.75 kg",
    "image": "https://www.jumbo.com/dam-images/fit-in/360x360/Products/20062025_1750383205159_1750383213627_76859_DS_08710391937350_H1N1.png",
    "available": true,
    "promoUntil": null
  },
  {
    "id": "671750CUP",
    "title": "Jumbo Soja Bosvruchten Plantaardig 400g",
    "category": "Zuivel, eieren, boter",
    "price": 1.79,
    "promoPrice": null,
    "pricePerUnit": "4.48 kg",
    "image": "https://www.jumbo.com/dam-images/fit-in/360x360/Products/14022025_1739539159843_1739539172744_8718452815098_596.png",
    "available": true,
    "promoUntil": null
  },
  {
    "id": "699361ZK",
    "title": "Upfront Whey Milkshake Vanille 300g",
    "category": "Ontbijt, broodbeleg en bakproducten",
    "price": 14.84,
    "promoPrice": null,
    "pricePerUnit": "49.47 kg",
    "image": "https://www.jumbo.com/dam-images/fit-in/360x360/Products/16052025_1747380470675_1747380472809_699361_ZK_08720986891134_A1N1.png",
    "available": true,
    "promoUntil": null
  },
  {
    "id": "441267PAK",
    "title": "Koopmans Broodmix Waldkorn Meergranen 450 g",
    "category": "Ontbijt, broodbeleg en bakproducten",
    "price": 1.79,
    "promoPrice": null,
    "pricePerUnit": "3.98 kg",
    "image": "https://www.jumbo.com/dam-images/fit-in/360x360/Products/17042025_1744854191255_1744854199615_441267_PAK_08710466311924_C1N1_s02.png",
    "available": true,
    "promoUntil": null
  },
  {
    "id": "677851SC",
    "title": "Jumbo Snackgroente Komkommertjes 700 g",
    "category": "Aardappelen, groente en fruit",
    "price": 5.49,
    "promoPrice": null,
    "pricePerUnit": "7.84 kg",
    "image": "https://www.jumbo.com/dam-images/fit-in/360x360/Products/07072025_1751887997687_1751888002558_8718452912469_1.png",
    "available": true,
    "promoUntil": null
  },
  {
    "id": "397027POT",
    "title": "Jean Bâton Mayonaise Belgisch Recept 385 ml",
    "category": "Conserven, soepen, sauzen, oliën",
    "price": 2.99,
    "promoPrice": null,
    "pricePerUnit": "7.77 l",
    "image": "https://www.jumbo.com/dam-images/fit-in/360x360/Products/25072025_1753405212801_1753405224129_397027_POT_08718403014488_C1N1.png",
    "available": true,
    "promoUntil": null
  },
  {
    "id": "47701PAK",
    "title": "Jumbo Mix voor Kruidcake 450 g",
    "category": "Ontbijt, broodbeleg en bakproducten",
    "price": 1.69,
    "promoPrice": null,
    "pricePerUnit": "3.76 kg",
    "image": "https://www.jumbo.com/dam-images/fit-in/360x360/Products/10052024_1715351654795_1715351671212_8718452787937_596.png",
    "available": true,
    "promoUntil": null
  },
  {
    "id": "516412ZK",
    "title": "Dr. Oetker Bladgelatine helder (14 stuks)",
    "category": "Ontbijt, broodbeleg en bakproducten",
    "price": 1.36,
    "promoPrice": null,
    "pricePerUnit": "59.13 kg",
    "image": "https://www.jumbo.com/dam-images/fit-in/360x360/Products/24072025_1753320670956_1753320679063_516412_ZK_08710466315922_C1N1_s03.png",
    "available": true,
    "promoUntil": null
  },
  {
    "id": "681225STK",
    "title": "Jumbo Sockeye Wilde Zalm Hout Gerookt 100 g",
    "category": "Vlees, vis en vega",
    "price": 5.49,
    "promoPrice": null,
    "pricePerUnit": "54.9 kg",
    "image": "https://www.jumbo.com/dam-images/fit-in/360x360/Products/09082023_1691588186123_1691588201981_8718452530328_1.png",
    "available": true,
    "promoUntil": null
  },
  {
    "id": "341833DS",
    "title": "Jumbo Hamburgers 12 Stuks",
    "category": "Diepvries",
    "price": 2.99,
    "promoPrice": null,
    "pricePerUnit": "3.56 kg",
    "image": "https://www.jumbo.com/dam-images/fit-in/360x360/Products/06022024_1707237250952_1707237287411_8718452766956_596.png",
    "available": true,
    "promoUntil": null
  }
]