[
  {
    "id": "512206FLS",
    "title": "Karvan Cévitam Sinaasappel Original Siroop, 600 ml",
    "category": "Frisdrank en sappen",
    "price": 4.29,
    "promoPrice": null,
    "pricePerUnit": "7.15 l",
    "image": "https://www.jumbo.com/dam-images/fit-in/360x360/Products/25042025_1745546654386_1745546659723_512206_FLS_08715700122410_H1N1.png",
    "available": true,
    "promoUntil": null
  },
  {
    "id": "478568DS",
    "title": "Dr. Oetker Ristorante Pizza Speciale 345 g",
    "category": "Diepvries",
    "price": 3.89,
    "promoPrice": null,
    "pricePerUnit": "11.28 kg",
    "image": "https://www.jumbo.com/dam-images/fit-in/360x360/Products/17042025_1744853607187_1744853615466_478568_DS_04001724039051_C1N1_s06.png",
    "available": true,
    "promoUntil": null
  },
  {
    "id": "594608SC",
    "title": "Vers Aan Tafel Tagliatelle met Kip en Bospaddestoelen 515 g",
    "category": "Verse maaltijden en gemak",
    "price": 5.99,
    "promoPrice": null,
    "pricePerUnit": "11.63 kg",
    "image": "https://www.jumbo.com/dam-images/fit-in/360x360/Products/14022024_1707873858785_1707873869680_8717568249407_1.png",
    "available": true,
    "promoUntil": null
  },
  {
    "id": "533241TRA",
    "title": "Fanta Exotic zero sugar 4 x 250 ml",
    "category": "Frisdrank en sappen",
    "price": 3.25,
    "promoPrice": null,
    "pricePerUnit": "3.25 l",
    "image": "https://www.jumbo.com/dam-images/fit-in/360x360/Products/08012024_1704713584746_1704713595381_5000112659375_1.png",
    "available": true,
    "promoUntil": null
  },
  {
    "id": "622579DS",
    "title": "Jumbo Blauwe Bessen 125 g",
    "category": "Aardappelen, groente en fruit",
    "price": 2.65,
    "promoPrice": null,
    "pricePerUnit": "21.2 kg",
    "image": "https://www.jumbo.com/dam-images/fit-in/360x360/Products/12122024_1734014623743_1734014633456_8718449039070_1.png",
    "available": true,
    "promoUntil": null
  },
  {
    "id": "608211PAK",
    "title": "Fuerza Energy Drink met Taurine & Cafeïne Sugar Free 6 x 250 ml",
    "category": "Frisdrank en sappen",
    "price": 4.74,
    "promoPrice": null,
    "pricePerUnit": "3.16 l",
    "image": "https://www.jumbo.com/dam-images/fit-in/360x360/Products/30042024_1714469647245_1714469654105_8718452797509_1.png",
    "available": true,
    "promoUntil": null
  },
  {
    "id": "672485STK",
    "title": "Jumbo AAA 10 Stuks",
    "category": "Non-food en servicebalie",
    "price": 8.49,
    "promoPrice": null,
    "pricePerUnit": "0.85 pieces",
    "image": "https://www.jumbo.com/dam-images/fit-in/360x360/Products/05042025_1743811236093_1743811241636_8718452182046_1.png",
    "available": true,
    "promoUntil": null
  },
  {
    "id": "159500BAK",
    "title": "Jumbo Biologisch Fruit Peren 4 Stuks",
    "category": "Aardappelen, groente en fruit",
    "price": 2.99,
    "promoPrice": null,
    "pricePerUnit": "0.75 pieces",
    "image": "https://www.jumbo.com/dam-images/fit-in/360x360/Products/09082023_1691596138031_1691596142068_8718452107445_1.png",
    "available": true,
    "promoUntil": null
  },
  {
    "id": "629659PAK",
    "title": "Jumbo Cola Regular 6 x 330 ml",
    "category": "Frisdrank en sappen",
    "price": 2.19,
    "promoPrice": null,
    "pricePerUnit": "1.11 l",
    "image": "https://www.jumbo.com/dam-images/fit-in/360x360/Products/23102024_1729711991736_1729711997697_8718452829453_1.png",
    "available": true,
    "promoUntil": null
  },
  {
    "id": "158833FLS",
    "title": "Jumbo Handzeep Rose & White-Tea 300 ml",
    "category": "Drogisterij en baby",
    "price": 1.75,
    "promoPrice": null,
    "pricePerUnit": "5.83 l",
    "image": "https://www.jumbo.com/dam-images/fit-in/360x360/Products/10082023_1691674929117_1691674951950_8718452091041_1.png",
    "available": true,
    "promoUntil": null
  },
  {
    "id": "274969STK",
    "title": "Vers Aan Tafel Gepaneerde Schnitzel met Sperziebonen en Gekruide Aardappelkubus 475 g",
    "category": "Verse maaltijden en gemak",
    "price": 5.49,
    "promoPrice": null,
    "pricePerUnit": "11.68 kg",
    "image": "https://www.jumbo.com/dam-images/fit-in/360x360/Products/14022024_1707873856796_1707873864735_8717568249568_1.png",
    "available": true,
    "promoUntil": null
  },
  {
    "id": "574829PAK",
    "title": "Jumbo Aardappel Gratin met Kaasgarnering 425 g",
    "category": "Aardappelen, groente en fruit",
    "price": 2.17,
    "promoPrice": null,
    "pricePerUnit": "5.11 kg",
    "image": "https://www.jumbo.com/dam-images/fit-in/360x360/Products/17042025_1744878790240_1744878796417_8718452809882_1.png",
    "available": true,
    "promoUntil": null
  },
  {
    "id": "687329BAK",
    "title": "Vetspekblokjes Gerookt 2 x 125 g",
    "category": "Vlees, vis en vega",
    "price": 1.99,
    "promoPrice": null,
    "pricePerUnit": "7.96 kg",
    "image": "https://www.jumbo.com/dam-images/fit-in/360x360/Products/16072025_1752629495704_1752629504316_687329_BAK_05707196361445_C1N1.png",
    "available": true,
    "promoUntil": null
  },
  {
    "id": "484489DS",
    "title": "Jumbo Gesneden Verspakket Indiase Curry Madras 2-3 Personen",
    "category": "Wereldkeukens, kruiden, pasta en rijst",
    "price": 6.89,
    "promoPrice": null,
    "pricePerUnit": "7.1 kg",
    "image": "https://www.jumbo.com/dam-images/fit-in/360x360/Products/03092025_1756884834432_1756884842658_8718452623167_1.png",
    "available": true,
    "promoUntil": null
  },
  {
    "id": "32833DSL",
    "title": "Doritos Nacho Cheese Tortilla Chips 20 x 44 g",
    "category": "Koek, snoep, chocolade en chips",
    "price": 15.8,
    "promoPrice": null,
    "pricePerUnit": "17.95 kg",
    "image": "https://www.jumbo.com/dam-images/fit-in/360x360/Products/DoritosNachoCheese20x44grTUCUHERO08710398302960H1N1c2faefb1-be8d-42f5-8e45-b83fd9d42c0b-1752053553584.png",
    "available": true,
    "promoUntil": null
  },
  {
    "id": "223151STK",
    "title": "Jumbo Jong Kaas 48+ Stuk 545 g",
    "category": "Vleeswaren, kaas en tapas",
    "price": 7.13,
    "promoPrice": null,
    "pricePerUnit": "13.08 kg",
    "image": "https://www.jumbo.com/dam-images/fit-in/360x360/Products/07122023_1701966842716_1701966853798_8718452695355_1.png",
    "available": true,
    "promoUntil": null
  },
  {
    "id": "300156STK",
    "title": "Jumbo - Boeren Tijgerbrood Bruin - Half",
    "category": "Brood en gebak",
    "price": 0.68,
    "promoPrice": null,
    "pricePerUnit": "1.7 kg",
    "image": "https://www.jumbo.com/dam-images/fit-in/360x360/Products/24032025_1742833966916_1742833974695_8718452639342_1.png",
    "available": true,
    "promoUntil": null
  },
  {
    "id": "638992DS",
    "title": "Jumbo Verspakket Chili Con Carne 4 Personen",
    "category": "Verse maaltijden en gemak",
    "price": 5.89,
    "promoPrice": null,
    "pricePerUnit": "4.6 kg",
    "image": "https://www.jumbo.com/dam-images/fit-in/360x360/Products/03092025_1756888444760_1756888451562_8718452794461_1.png",
    "available": true,
    "promoUntil": null
  },
  {
    "id": "497043CUP",
    "title": "Jumbo Mascarpone 250 g",
    "category": "Vleeswaren, kaas en tapas",
    "price": 1.99,
    "promoPrice": null,
    "pricePerUnit": "7.96 kg",
    "image": "https://www.jumbo.com/dam-images/fit-in/360x360/Products/10082023_1691677661117_1691677672103_8718452637492_1.png",
    "available": true,
    "promoUntil": null
  },
  {
    "id": "447776DS",
    "title": "Lekker&Anders Streetfood Lahmacun Family Pack 5 x 180 g",
    "category": "Diepvries",
    "price": 5.89,
    "promoPrice": null,
    "pricePerUnit": "6.54 kg",
    "image": "https://www.jumbo.com/dam-images/fit-in/360x360/Products/06112024_1730866531683_1730866541363_447776_DS_04026279922351_C1N1.png",
    "available": true,
    "promoUntil": null
  },
  {
    "id": "498553KGR",
    "title": "Beemster Kaas Jong Belegen 48+ Plakken ca. 220 g",
    "category": "Vleeswaren, kaas en tapas",
    "price": 4.6,
    "promoPrice": null,
    "pricePerUnit": "20.9 kg",
    "image": "https://www.jumbo.com/dam-images/fit-in/360x360/Products/10052024_1715351655797_1715351662923_2353096000000_1.png",
    "available": true,
    "promoUntil": null
  },
  {
    "id": "470257TRA",
    "title": "Pink Lady Kids Appels 8 Stuks",
    "category": "Aardappelen, groente en fruit",
    "price": 3.99,
    "promoPrice": null,
    "pricePerUnit": "0.5 pieces",
    "image": "https://www.jumbo.com/dam-images/fit-in/360x360/Products/30072025_1753900395692_1753900402566_3700476661824_1.png",
    "available": true,
    "promoUntil": null
  },
  {
    "id": "135043PAK",
    "title": "Jumbo 100% Puur Druivensap 1 L",
    "category": "Frisdrank en sappen",
    "price": 1.99,
    "promoPrice": null,
    "pricePerUnit": "1.99 l",
    "image": "https://www.jumbo.com/dam-images/fit-in/360x360/Products/29092023_1695995553123_1695995555864_8718452646678_1.png",
    "available": true,
    "promoUntil": null
  },
  {
    "id": "283353STK",
    "title": "Kips Magere Crème Paté 125 g",
    "category": "Vleeswaren, kaas en tapas",
    "price": 1.99,
    "promoPrice": null,
    "pricePerUnit": "15.92 kg",
    "image": "https://www.jumbo.com/dam-images/fit-in/360x360/Products/14062025_1749863391505_1749863399991_283353_STK_08710991001383_C1N1.png",
    "available": true,
    "promoUntil": null
  },
  {
    "id": "615298BAK",
    "title": "Jumbo Rundvleessalade met Aardappel, Rundvlees, Augurk en Wortel 1kg",
    "category": "Verse maaltijden en gemak",
    "price": 2.99,
    "promoPrice": null,
    "pricePerUnit": "2.99 kg",
    "image": "https://www.jumbo.com/dam-images/fit-in/360x360/Products/03102024_1727955274447_1727955286134_8718452830749_1.png",
    "available": true,
    "promoUntil": null
  },
  {
    "id": "618362DS",
    "title": "Jumbo Fruitmix Kiwi - Aardbei Cantaloupe Druif - Appel 175 g",
    "category": "Aardappelen, groente en fruit",
    "price": 2.29,
    "promoPrice": null,
    "pricePerUnit": "13.09 kg",
    "image": "https://www.jumbo.com/dam-images/fit-in/360x360/Products/01052024_1714559649248_1714559661011_8718452835584_1.png",
    "available": true,
    "promoUntil": null
  },
  {
    "id": "673586DS",
    "title": "Sonrisa - Bobal Rosado - 3 L",
    "category": "Bier en wijn",
    "price": 7.99,
    "promoPrice": null,
    "pricePerUnit": "2.66 l",
    "image": "https://www.jumbo.com/dam-images/fit-in/360x360/Products/26032025_1742974367048_1742974374716_8420202008093_1.png",
    "available": true,
    "promoUntil": null
  },
  {
    "id": "665226KGR",
    "title": "Jumbo Zwan Boterhamworst ca. 140 g",
    "category": "Vleeswaren, kaas en tapas",
    "price": 2.5,
    "promoPrice": null,
    "pricePerUnit": "17.86 kg",
    "image": "https://www.jumbo.com/dam-images/fit-in/360x360/Products/14022025_1739539374227_1739539382008_2369258000000_1.png",
    "available": true,
    "promoUntil": null
  },
  {
    "id": "533230TRA",
    "title": "Fuze Tea Infused Ice Tea Green Tea Mango Chamomile 4 x 250 ml",
    "category": "Frisdrank en sappen",
    "price": 3.25,
    "promoPrice": null,
    "pricePerUnit": "3.25 l",
    "image": "https://www.jumbo.com/dam-images/fit-in/360x360/Products/29012024_1706542443461_1706542455518_5000112659818_1.png",
    "available": true,
    "promoUntil": null
  },
  {
    "id": "82847FLS",
    "title": "De Castellane - Champagne - Brut - 750 ML",
    "category": "Bier en wijn",
    "price": 24.99,
    "promoPrice": null,
    "pricePerUnit": "33.32 l",
    "image": "https://www.jumbo.com/dam-images/fit-in/360x360/Products/09082023_1691586971200_1691586974537_3113870000029_1.png",
    "available": true,
    "promoUntil": null
  },
  {
    "id": "420554PAK",
    "title": "CoolBest 100% Juice Mango Dream Value Pack 1,5 L",
    "category": "Frisdrank en sappen",
    "price": 4.69,
    "promoPrice": null,
    "pricePerUnit": "3.13 l",
    "image": "https://www.jumbo.com/dam-images/fit-in/360x360/Products/26022025_1740569589025_1740569603261_8720157464570_1.png",
    "available": true,
    "promoUntil": null
  },
  {
    "id": "629537DSL",
    "title": "Glorix Citrus PowerClean WC Blok 9 x 50 g",
    "category": "Huishouden en dieren",
    "price": 37.71,
    "promoPrice": 18.85,
    "pricePerUnit": "2.09 pieces",
    "image": "https://www.jumbo.com/dam-images/fit-in/360x360/Products/629537DSL145ec1b73-a4e1-4bd1-b8de-6eb2c0ff50ed-1724058681084.png",
    "available": true,
    "promoUntil": "di 7 okt"
  },
  {
    "id": "673394DS",
    "title": "De Vegetarische Slager Let it Beef Vegan 160 g",
    "category": "Vlees, vis en vega",
    "price": 3.99,
    "promoPrice": null,
    "pricePerUnit": "24.94 kg",
    "image": "https://www.jumbo.com/dam-images/fit-in/360x360/Products/20082025_1755654474292_1755654517807_673394_DS_08721201925283_C1N1.png",
    "available": true,
    "promoUntil": null
  },
  {
    "id": "592434PAK",
    "title": "Jumbo Tintelfris Framboos-Cranberry 1 Kcal - 1,5L",
    "category": "Frisdrank en sappen",
    "price": 1.29,
    "promoPrice": null,
    "pricePerUnit": "0.86 l",
    "image": "https://www.jumbo.com/dam-images/fit-in/360x360/Products/26042024_1714145595996_1714145610038_8718452676170_596.png",
    "available": true,
    "promoUntil": null
  },
  {
    "id": "211743ZK",
    "title": "Jumbo Minikrieltjes 450 g",
    "category": "Aardappelen, groente en fruit",
    "price": 0.95,
    "promoPrice": null,
    "pricePerUnit": "2.11 kg",
    "image": "https://www.jumbo.com/dam-images/fit-in/360x360/Products/17052024_1715942050654_1715942057540_8718452801558_1.png",
    "available": true,
    "promoUntil": null
  },
  {
    "id": "680144TRA",
    "title": "Jumbo Mini Sparerib BBQ 200 g",
    "category": "Vlees, vis en vega",
    "price": 3.5,
    "promoPrice": null,
    "pricePerUnit": "17.5 kg",
    "image": "https://www.jumbo.com/dam-images/fit-in/360x360/Products/30042025_1746001985765_1746001993147_8718452911639_1.png",
    "available": true,
    "promoUntil": null
  },
  {
    "id": "200547DS",
    "title": "WAGNER Piccolinis mini pizza salami 9 stuks 270 g",
    "category": "Diepvries",
    "price": 3.49,
    "promoPrice": null,
    "pricePerUnit": "12.93 kg",
    "image": "https://www.jumbo.com/dam-images/fit-in/360x360/Products/02032024_1709348342888_1709348351752_200547_DS_04009233014002_C1N1_s06.png",
    "available": true,
    "promoUntil": null
  },
  {
    "id": "521319TRA",
    "title": "Jumbo's Verse Maaltijd Roti Kip Masala 450 g",
    "category": "Verse maaltijden en gemak",
    "price": 6.29,
    "promoPrice": null,
    "pricePerUnit": "13.98 kg",
    "image": "https://www.jumbo.com/dam-images/fit-in/360x360/Products/16092024_1726444821434_1726444829138_8718452868186_1.png",
    "available": true,
    "promoUntil": null
  },
  {
    "id": "617472DS",
    "title": "Milner Jong 30+ Kaas Voordeelpak",
    "category": "Vleeswaren, kaas en tapas",
    "price": 4.73,
    "promoPrice": null,
    "pricePerUnit": "18.92 kg",
    "image": "https://www.jumbo.com/dam-images/fit-in/360x360/Products/18112024_1731918756179_1731918777116_8710912059431_6.png",
    "available": true,
    "promoUntil": null
  },
  {
    "id": "138997ZK",
    "title": "Red Band Schatkistjes Uitdeelverpakking Zacht Zoet Snoep 228 g",
    "category": "Koek, snoep, chocolade en chips",
    "price": 2.35,
    "promoPrice": null,
    "pricePerUnit": "10.31 kg",
    "image": "https://www.jumbo.com/dam-images/fit-in/360x360/Products/09082023_1691590819907_1691590827556_8713800122521_1.png",
    "available": true,
    "promoUntil": null
  },
  {
    "id": "551763ZK",
    "title": "Jumbo Toiletpapier Zacht & Sterk 3 Laags 4 Rollen",
    "category": "Huishouden en dieren",
    "price": 1.85,
    "promoPrice": null,
    "pricePerUnit": "0.46 pieces",
    "image": "https://www.jumbo.com/dam-images/fit-in/360x360/Products/09082023_1691595580870_1691595594203_8718452717262_1.png",
    "available": true,
    "promoUntil": null
  },
  {
    "id": "157049STK",
    "title": "Mora Oven & Airfryer Rundvlees Kroketten 4 x 80 g",
    "category": "Diepvries",
    "price": 4.49,
    "promoPrice": null,
    "pricePerUnit": "14.03 kg",
    "image": "https://www.jumbo.com/dam-images/fit-in/360x360/Products/08052025_1746672258218_1746672270737_157049_STK_08710861995248_H1N1.png",
    "available": true,
    "promoUntil": null
  },
  {
    "id": "563309PAK",
    "title": "Dr Pepper 6 x 33 cl",
    "category": "Frisdrank en sappen",
    "price": 5.69,
    "promoPrice": 4.55,
    "pricePerUnit": "2.3 l",
    "image": "https://www.jumbo.com/dam-images/fit-in/360x360/Products/04082025_1754292813170_1754292818471_3124480197375_1.png",
    "available": true,
    "promoUntil": "di 14 okt"
  },
  {
    "id": "539064TRL",
    "title": "Bullit Energy Drink Suikervrij Tray - 24 x 250ml",
    "category": "Frisdrank en sappen",
    "price": 23.49,
    "promoPrice": null,
    "pricePerUnit": "3.92 l",
    "image": "https://www.jumbo.com/dam-images/fit-in/360x360/Products/539064_9008703000854_1_T1_47218TRL1691076966027.png",
    "available": true,
    "promoUntil": null
  },
  {
    "id": "591488ZK",
    "title": "Jumbo Geschoonde Spruitjes 350 g",
    "category": "Aardappelen, groente en fruit",
    "price": 2.59,
    "promoPrice": null,
    "pricePerUnit": "7.4 kg",
    "image": "https://www.jumbo.com/dam-images/fit-in/360x360/Products/31052024_1717151660559_1717151667552_8718452776542_1.png",
    "available": true,
    "promoUntil": null
  },
  {
    "id": "605237ZK",
    "title": "Jumbo Eierkoeken 10 Stuks",
    "category": "Koek, snoep, chocolade en chips",
    "price": 1.33,
    "promoPrice": null,
    "pricePerUnit": "4.43 kg",
    "image": "https://www.jumbo.com/dam-images/fit-in/360x360/Products/14022025_1739547167366_1739547173291_8718452786831_1.png",
    "available": true,
    "promoUntil": null
  },
  {
    "id": "543427PAK",
    "title": "Jumbo Cola Zero Sugar - Blik 12 x 150ML",
    "category": "Frisdrank en sappen",
    "price": 3.78,
    "promoPrice": null,
    "pricePerUnit": "2.1 l",
    "image": "https://www.jumbo.com/dam-images/fit-in/360x360/Products/02052025_1746196386460_1746196396849_8718452660575_596.png",
    "available": true,
    "promoUntil": null
  },
  {
    "id": "478201DS",
    "title": "Jumbo Verspakket Indonesische Nasi Speciaal 4 Personen",
    "category": "Wereldkeukens, kruiden, pasta en rijst",
    "price": 5.69,
    "promoPrice": null,
    "pricePerUnit": "5.58 kg",
    "image": "https://www.jumbo.com/dam-images/fit-in/360x360/Products/03092025_1756884834238_1756884842071_8718452660407_1.png",
    "available": true,
    "promoUntil": null
  },
  {
    "id": "498387PAK",
    "title": "DubbelFrisss 1Kcal Appel - Perzik 6-pack 0,2L",
    "category": "Frisdrank en sappen",
    "price": 2.99,
    "promoPrice": null,
    "pricePerUnit": "2.49 l",
    "image": "https://www.jumbo.com/dam-images/fit-in/360x360/Products/26052025_1748277172576_1748277183699_8720157467618_1.png",
    "available": true,
    "promoUntil": null
  },
  {
    "id": "589652DSL",
    "title": "Pampers Harmonie Aqua Babydoekjes 14 verpakkingen = 672 Doekjes",
    "category": "Drogisterij en baby",
    "price": 47.46,
    "promoPrice": 33.22,
    "pricePerUnit": "0.05 pieces",
    "image": "https://www.jumbo.com/dam-images/fit-in/360x360/Products/16042024_1713267308628_1713267314420_8006540458556_1.png",
    "available": true,
    "promoUntil": "di 7 okt"
  },
  {
    "id": "513651TRA",
    "title": "Garden Gourmet Toscaanse Carré",
    "category": "Vlees, vis en vega",
    "price": 3.89,
    "promoPrice": null,
    "pricePerUnit": "24.31 kg",
    "image": "https://www.jumbo.com/dam-images/fit-in/360x360/Products/23092025_1758595020658_1758595028498_513651_TRA_07290012521379_C1N1_s01.png",
    "available": true,
    "promoUntil": null
  },
  {
    "id": "532616KGR",
    "title": "Wapenaer Goudse Kaas Overjarig 48+ Stuk ca. 372 g",
    "category": "Vleeswaren, kaas en tapas",
    "price": 8.74,
    "promoPrice": null,
    "pricePerUnit": "23.49 kg",
    "image": "https://www.jumbo.com/dam-images/fit-in/360x360/Products/24042025_1745494386127_1745494393598_2336156000000_1.png",
    "available": true,
    "promoUntil": null
  },
  {
    "id": "621512DS",
    "title": "Sun All-in 1 Vaatwastabletten Citroen 46 tabletten",
    "category": "Huishouden en dieren",
    "price": 22.99,
    "promoPrice": null,
    "pricePerUnit": "0.5 pieces",
    "image": "https://www.jumbo.com/dam-images/fit-in/360x360/Products/28082025_1756370018603_1756370024726_8720181493584_1.png",
    "available": true,
    "promoUntil": null
  },
  {
    "id": "487201DS",
    "title": "Tony's Chocolonely Tiny's Mix 200 g",
    "category": "Koek, snoep, chocolade en chips",
    "price": 6.85,
    "promoPrice": null,
    "pricePerUnit": "34.25 kg",
    "image": "https://www.jumbo.com/dam-images/fit-in/360x360/Products/25062024_1719279714858_1719279720188_487201_DS_08719956498992_C1N1.png",
    "available": true,
    "promoUntil": null
  },
  {
    "id": "160842BAK",
    "title": "Maza Hoemoes Rode Biet",
    "category": "Vleeswaren, kaas en tapas",
    "price": 2.69,
    "promoPrice": null,
    "pricePerUnit": "13.45 kg",
    "image": "https://www.jumbo.com/dam-images/fit-in/360x360/Products/28082025_1756398807737_1756398812879_8714779009967_1.png",
    "available": true,
    "promoUntil": null
  },
  {
    "id": "539046TRL",
    "title": "Heineken - Premium Pilsener 0.0% - Blik - 4 x 6 x 330ML",
    "category": "Bier en wijn",
    "price": 25.99,
    "promoPrice": null,
    "pricePerUnit": "3.28 l",
    "image": "https://www.jumbo.com/dam-images/fit-in/360x360/Products/181413TRL-1692362339782.png",
    "available": true,
    "promoUntil": null
  },
  {
    "id": "167282DSL",
    "title": "Grand Sud - Merlot 6 x 1 L",
    "category": "Bier en wijn",
    "price": 35.94,
    "promoPrice": null,
    "pricePerUnit": "5.99 l",
    "image": "https://www.jumbo.com/dam-images/fit-in/360x360/Products/167282DSL-1692282924783.png",
    "available": true,
    "promoUntil": null
  },
  {
    "id": "669603DS",
    "title": "Ariel 3in1 PODS Color, Wasmiddel Capsules 26",
    "category": "Huishouden en dieren",
    "price": 20.19,
    "promoPrice": null,
    "pricePerUnit": "0.78 pieces",
    "image": "https://www.jumbo.com/dam-images/fit-in/360x360/Products/14082025_1755196422095_1755196427908_8700216683951_1.png",
    "available": true,
    "promoUntil": null
  },
  {
    "id": "300201STK",
    "title": "Waldkorn - The Original Authentic Meergranenbrood",
    "category": "Brood en gebak",
    "price": 1.29,
    "promoPrice": null,
    "pricePerUnit": "2.58 pieces",
    "image": "https://www.jumbo.com/dam-images/fit-in/360x360/Products/22042024_1713800058927_1713800068685_8718452638437_1.png",
    "available": true,
    "promoUntil": null
  },
  {
    "id": "205517ZK",
    "title": "Haribo Starmix Uitdeelzakjes 375 g",
    "category": "Koek, snoep, chocolade en chips",
    "price": 4.09,
    "promoPrice": null,
    "pricePerUnit": "10.91 kg",
    "image": "https://www.jumbo.com/dam-images/fit-in/360x360/Products/20092025_1758330350004_1758330366929_205517_ZK_05012035956400_H1N1.png",
    "available": true,
    "promoUntil": null
  },
  {
    "id": "478573DS",
    "title": "Dr. Oetker Ristorante Pizza Margherita 295 g",
    "category": "Diepvries",
    "price": 3.89,
    "promoPrice": null,
    "pricePerUnit": "13.19 kg",
    "image": "https://www.jumbo.com/dam-images/fit-in/360x360/Products/17042025_1744853178191_1744853185864_478573_DS_04001724039563_C1N1_s02.png",
    "available": true,
    "promoUntil": null
  },
  {
    "id": "285592STK",
    "title": "Jumbo Bospeen 2-3 Personen",
    "category": "Aardappelen, groente en fruit",
    "price": 1.55,
    "promoPrice": null,
    "pricePerUnit": "1.55 pieces",
    "image": "https://www.jumbo.com/dam-images/fit-in/360x360/Products/18092023_1695031625739_1695031632009_8711715882226_1.png",
    "available": true,
    "promoUntil": null
  },
  {
    "id": "33117DSL",
    "title": "Excellence - Sauvignon Blanc 6 x 750 ml",
    "category": "Bier en wijn",
    "price": 29.94,
    "promoPrice": null,
    "pricePerUnit": "6.65 l",
    "image": "https://www.jumbo.com/dam-images/fit-in/360x360/Products/33117DSL-1692283030649.png",
    "available": true,
    "promoUntil": null
  },
  {
    "id": "181305DS",
    "title": "Beckers Oven & Airfryer Rundvlees Kroketten 4 x 80 g",
    "category": "Diepvries",
    "price": 3.99,
    "promoPrice": null,
    "pricePerUnit": "12.47 kg",
    "image": "https://www.jumbo.com/dam-images/fit-in/360x360/Products/05042024_1712279450416_1712279467598_181305_DS_08710555148448_C1N1.png",
    "available": true,
    "promoUntil": null
  },
  {
    "id": "693703KGR",
    "title": "Wapenaer Roem Kaas Oud 50+ Stuk ca. 300 g",
    "category": "Vleeswaren, kaas en tapas",
    "price": 6.9,
    "promoPrice": null,
    "pricePerUnit": "22.99 kg",
    "image": "https://www.jumbo.com/dam-images/fit-in/360x360/Products/31072025_1753972505828_1753972512914_2369377000000_1.png",
    "available": true,
    "promoUntil": null
  },
  {
    "id": "686197CAN",
    "title": "Fruity Juice Sinaasappel Drink 2 L",
    "category": "Frisdrank en sappen",
    "price": 3.19,
    "promoPrice": null,
    "pricePerUnit": "1.6 l",
    "image": "https://www.jumbo.com/dam-images/fit-in/360x360/Products/12032025_1741807987474_1741807991781_4006220019491_1.png",
    "available": true,
    "promoUntil": null
  },
  {
    "id": "532045STK",
    "title": "Danone Hüttenkäse 400g",
    "category": "Vleeswaren, kaas en tapas",
    "price": 3.75,
    "promoPrice": null,
    "pricePerUnit": "9.38 kg",
    "image": "https://www.jumbo.com/dam-images/fit-in/360x360/Products/12122024_1734014722846_1734014732208_40097176_1.png",
    "available": true,
    "promoUntil": null
  },
  {
    "id": "175443PAK",
    "title": "Hertog Jan - Pils - Fles - 6 x 300ML",
    "category": "Bier en wijn",
    "price": 6.19,
    "promoPrice": null,
    "pricePerUnit": "3.44 l",
    "image": "https://www.jumbo.com/dam-images/fit-in/360x360/Products/08725000647803C1N1731de77b-fd52-4943-9b8b-ca584ad6e092-1712233480220.png",
    "available": true,
    "promoUntil": null
  },
  {
    "id": "539075PAK",
    "title": "Red Bull Energy Drink voordeelverpakking - 6 x 250ml",
    "category": "Frisdrank en sappen",
    "price": 9.89,
    "promoPrice": null,
    "pricePerUnit": "6.59 l",
    "image": "https://www.jumbo.com/dam-images/fit-in/360x360/Products/09012025_1736433168697_1736433178735_9002490259006_1.png",
    "available": true,
    "promoUntil": null
  },
  {
    "id": "376475ZK",
    "title": "Jumbo Basmatirijst 4,5 kg",
    "category": "Wereldkeukens, kruiden, pasta en rijst",
    "price": 10.64,
    "promoPrice": null,
    "pricePerUnit": "2.36 kg",
    "image": "https://www.jumbo.com/dam-images/fit-in/360x360/Products/17062025_1750178008533_1750178022767_8718452841820_596.png",
    "available": true,
    "promoUntil": null
  },
  {
    "id": "675928STK",
    "title": "Vivera Plantaardige Zalmfilet 2 Stuks 200 g",
    "category": "Vlees, vis en vega",
    "price": 3.79,
    "promoPrice": null,
    "pricePerUnit": "18.95 kg",
    "image": "https://www.jumbo.com/dam-images/fit-in/360x360/Products/14062025_1749865881426_1749865887990_675928_STK_08718300883941_C1N1.png",
    "available": true,
    "promoUntil": null
  },
  {
    "id": "634956PAK",
    "title": "Jumbo Sinas - Fles 6 x 500ML",
    "category": "Frisdrank en sappen",
    "price": 3.89,
    "promoPrice": null,
    "pricePerUnit": "1.3 l",
    "image": "https://www.jumbo.com/dam-images/fit-in/360x360/Products/11112024_1731339258015_1731339267299_8718452800582_1.png",
    "available": true,
    "promoUntil": null
  },
  {
    "id": "194922NET",
    "title": "Jumbo Perssinaasappelen 4 kg - Voordeelverpakking",
    "category": "Aardappelen, groente en fruit",
    "price": 6.09,
    "promoPrice": null,
    "pricePerUnit": "1.52 kg",
    "image": "https://www.jumbo.com/dam-images/fit-in/360x360/Products/Pers4kg1690ef7ad-cade-445c-a2ab-60ad1f32f98b-1710836052901.png",
    "available": true,
    "promoUntil": null
  },
  {
    "id": "641385KGR",
    "title": "Jumbo Brabantse Slagersachterham ca. 110 g",
    "category": "Vleeswaren, kaas en tapas",
    "price": 3.46,
    "promoPrice": null,
    "pricePerUnit": "31.5 kg",
    "image": "https://www.jumbo.com/dam-images/fit-in/360x360/Products/07072025_1751887997020_1751888002433_2378333000000_1.png",
    "available": true,
    "promoUntil": null
  },
  {
    "id": "431083DSL",
    "title": "Spa Touch Bruisend Lemon 6 x 50 cl",
    "category": "Frisdrank en sappen",
    "price": 6.66,
    "promoPrice": null,
    "pricePerUnit": "2.22 l",
    "image": "https://www.jumbo.com/dam-images/fit-in/360x360/Products/16082023_1692178383807_1692178389737_5410013194019_1.png",
    "available": true,
    "promoUntil": null
  },
  {
    "id": "707472STK",
    "title": "Jumbo Ananas Eetrijp",
    "category": "Aardappelen, groente en fruit",
    "price": 2.19,
    "promoPrice": null,
    "pricePerUnit": "2.19 pieces",
    "image": "https://www.jumbo.com/dam-images/fit-in/360x360/Products/17072025_1752762804877_1752762813586_25029468_1.png",
    "available": true,
    "promoUntil": null
  },
  {
    "id": "548285STK",
    "title": "HEMA Papier Bord 23CM - 20 Stuks",
    "category": "Non-food en servicebalie",
    "price": 1.89,
    "promoPrice": null,
    "pricePerUnit": "0.09 pieces",
    "image": "https://www.jumbo.com/dam-images/fit-in/360x360/Products/09082023_1691587978450_1691588031475_8718537956258_1.png",
    "available": true,
    "promoUntil": null
  },
  {
    "id": "539046PAK",
    "title": "Heineken Premium Pilsener 0.0 Bier Blik 6 x 330ml",
    "category": "Bier en wijn",
    "price": 6.65,
    "promoPrice": null,
    "pricePerUnit": "3.36 l",
    "image": "https://www.jumbo.com/dam-images/fit-in/360x360/Products/07012025_1736267694036_1736267697050_8712000058678_1.png",
    "available": true,
    "promoUntil": null
  },
  {
    "id": "669619FLS",
    "title": "Ariel Vloeibaar Wasmiddel Original, 30 Wasbeurten",
    "category": "Huishouden en dieren",
    "price": 19.99,
    "promoPrice": null,
    "pricePerUnit": "0.67 wb",
    "image": "https://www.jumbo.com/dam-images/fit-in/360x360/Products/15092025_1757894411960_1757894415016_8700216603232_1.png",
    "available": true,
    "promoUntil": null
  },
  {
    "id": "175227DS",
    "title": "Warsteiner - Alcoholvrij <0.5% - Fles - 6 x 330ML",
    "category": "Bier en wijn",
    "price": 5.19,
    "promoPrice": null,
    "pricePerUnit": "2.62 l",
    "image": "https://www.jumbo.com/dam-images/fit-in/360x360/Products/09082023_1691585022916_1691585043065_4000856154991_1.png",
    "available": true,
    "promoUntil": null
  },
  {
    "id": "519964TRA",
    "title": "Jumbo's Verse Maaltijd Rijkgevulde Kipsaté 450 g",
    "category": "Verse maaltijden en gemak",
    "price": 5.99,
    "promoPrice": null,
    "pricePerUnit": "13.31 kg",
    "image": "https://www.jumbo.com/dam-images/fit-in/360x360/Products/16092024_1726444821260_1726444827701_8718452868155_1.png",
    "available": true,
    "promoUntil": null
  },
  {
    "id": "667118FLS",
    "title": "Sun d'Or Reine Claude Limonadesiroop 1L",
    "category": "Frisdrank en sappen",
    "price": 1.99,
    "promoPrice": null,
    "pricePerUnit": "1.99 l",
    "image": "https://www.jumbo.com/dam-images/fit-in/360x360/Products/08717399846806C1N176720785-08e1-4f0d-96a9-eead9c3f0d60-1740997937490.png",
    "available": true,
    "promoUntil": null
  },
  {
    "id": "584685DS",
    "title": "La Vache qui rit Cheez Dippers 7+1 Gratis 8 x 35 g ",
    "category": "Vleeswaren, kaas en tapas",
    "price": 4.74,
    "promoPrice": null,
    "pricePerUnit": "16.93 kg",
    "image": "https://www.jumbo.com/dam-images/fit-in/360x360/Products/22052025_1747935186902_1747935193774_3073781200737_1.png",
    "available": true,
    "promoUntil": null
  },
  {
    "id": "195120RP",
    "title": "Jumbo Pure Chocolade Tablet 200 g",
    "category": "Koek, snoep, chocolade en chips",
    "price": 2.34,
    "promoPrice": null,
    "pricePerUnit": "11.7 kg",
    "image": "https://www.jumbo.com/dam-images/fit-in/360x360/Products/22052025_1747917207140_1747917219932_8718452871575_596.png",
    "available": true,
    "promoUntil": null
  },
  {
    "id": "168057DS",
    "title": "Jumbo Roomboter Appeltaart 8 Personen",
    "category": "Diepvries",
    "price": 5.43,
    "promoPrice": null,
    "pricePerUnit": "4.94 kg",
    "image": "https://www.jumbo.com/dam-images/fit-in/360x360/Products/10052024_1715351655038_1715351683817_8718452809295_596.png",
    "available": true,
    "promoUntil": null
  },
  {
    "id": "515716ZK",
    "title": "Cheetos Chipito Kaas Chips 170 g",
    "category": "Koek, snoep, chocolade en chips",
    "price": 2.69,
    "promoPrice": null,
    "pricePerUnit": "15.82 kg",
    "image": "https://www.jumbo.com/dam-images/fit-in/360x360/Products/27032025_1743064386170_1743064389631_8710398510648_1.png",
    "available": true,
    "promoUntil": null
  },
  {
    "id": "435986FLS",
    "title": "Fuze Tea Black Iced Tea Peach Hibiscus 1,25 L",
    "category": "Frisdrank en sappen",
    "price": 2.75,
    "promoPrice": null,
    "pricePerUnit": "2.2 l",
    "image": "https://www.jumbo.com/dam-images/fit-in/360x360/Products/22052025_1747875632761_1747875640018_435986_FLS_05000112646429_H1N1.png",
    "available": true,
    "promoUntil": null
  },
  {
    "id": "554076TRA",
    "title": "Jumbo's Andijvie Stamppot 450 g",
    "category": "Verse maaltijden en gemak",
    "price": 5.49,
    "promoPrice": null,
    "pricePerUnit": "12.2 kg",
    "image": "https://www.jumbo.com/dam-images/fit-in/360x360/Products/10122024_1733830365986_1733830372704_8718452857869_1.png",
    "available": true,
    "promoUntil": null
  },
  {
    "id": "683024KGR",
    "title": "Jumbo Forelfilet Warm Gerookt ca. 125 g",
    "category": "Vlees, vis en vega",
    "price": 4.21,
    "promoPrice": null,
    "pricePerUnit": "33.7 kg",
    "image": "https://www.jumbo.com/dam-images/fit-in/360x360/Products/12122024_1734014784845_1734014790238_2348944000000_1.png",
    "available": true,
    "promoUntil": null
  },
  {
    "id": "332394PAK",
    "title": "Jumbo Reuze Mergpijpen met Frambozenvulling 350 g",
    "category": "Koek, snoep, chocolade en chips",
    "price": 1.59,
    "promoPrice": null,
    "pricePerUnit": "4.54 kg",
    "image": "https://www.jumbo.com/dam-images/fit-in/360x360/Products/24102024_1729738071391_1729738082802_332394_PAK_08718452427871_C1N1.png",
    "available": true,
    "promoUntil": null
  },
  {
    "id": "588343CUP",
    "title": "Jumbo Sambal 48+ Smeerkaas 200 g",
    "category": "Vleeswaren, kaas en tapas",
    "price": 1.45,
    "promoPrice": null,
    "pricePerUnit": "7.25 kg",
    "image": "https://www.jumbo.com/dam-images/fit-in/360x360/Products/19062024_1718814836328_1718814861887_8718452731084_596.png",
    "available": true,
    "promoUntil": null
  },
  {
    "id": "306262STK",
    "title": "Jumbo - Chocoladetaart",
    "category": "Brood en gebak",
    "price": 7.99,
    "promoPrice": null,
    "pricePerUnit": "11.58 kg",
    "image": "https://www.jumbo.com/dam-images/fit-in/360x360/Products/09092025_1757406804127_1757406820247_8718452730711_9.png",
    "available": true,
    "promoUntil": null
  },
  {
    "id": "269540FLS",
    "title": "Jumbo Huiswijn - Robuust - Australië - Shiraz - 1L",
    "category": "Bier en wijn",
    "price": 4.19,
    "promoPrice": null,
    "pricePerUnit": "4.19 l",
    "image": "https://www.jumbo.com/dam-images/fit-in/360x360/Products/18092023_1695043370596_1695043374947_8718452380657_1.png",
    "available": true,
    "promoUntil": null
  },
  {
    "id": "554588FLS",
    "title": "Glorix Dikke Bleek Original 750 ml",
    "category": "Huishouden en dieren",
    "price": 1.69,
    "promoPrice": null,
    "pricePerUnit": "2.25 l",
    "image": "https://www.jumbo.com/dam-images/fit-in/360x360/Products/13112024_1731470129356_1731470152194_554588_FLS_08720181377297_H1N1.png",
    "available": true,
    "promoUntil": null
  },
  {
    "id": "687067DS",
    "title": "Jumbo Cornets Karamel 6 Stuks",
    "category": "Diepvries",
    "price": 2.79,
    "promoPrice": null,
    "pricePerUnit": "4.23 l",
    "image": "https://www.jumbo.com/dam-images/fit-in/360x360/Products/16042025_1744813986664_1744814005026_8718452896325_596.png",
    "available": true,
    "promoUntil": null
  },
  {
    "id": "398401ZK",
    "title": "Chio Heartbreakers Classic Party Pack 170 g",
    "category": "Koek, snoep, chocolade en chips",
    "price": 2.49,
    "promoPrice": null,
    "pricePerUnit": "14.65 kg",
    "image": "https://www.jumbo.com/dam-images/fit-in/360x360/Products/26112024_1732627958186_1732627965228_8710532457259_1.png",
    "available": true,
    "promoUntil": null
  },
  {
    "id": "226723BAK",
    "title": "Jumbo Aziatische Keuken Babi Pangang 260 g",
    "category": "Verse maaltijden en gemak",
    "price": 3.45,
    "promoPrice": null,
    "pricePerUnit": "13.27 kg",
    "image": "https://www.jumbo.com/dam-images/fit-in/360x360/Products/19042024_1713526451996_1713526458514_8718452808090_1.png",
    "available": true,
    "promoUntil": null
  },
  {
    "id": "600043BAK",
    "title": "Kip Kerrie Salade 250 g",
    "category": "Vleeswaren, kaas en tapas",
    "price": 1.79,
    "promoPrice": null,
    "pricePerUnit": "7.16 kg",
    "image": "https://www.jumbo.com/dam-images/fit-in/360x360/Products/16012024_1705422786377_1705422797866_8710378860572_1.png",
    "available": true,
    "promoUntil": null
  },
  {
    "id": "641078KGR",
    "title": "Jumbo Grillworst Sate ca. 130 g",
    "category": "Vleeswaren, kaas en tapas",
    "price": 2.79,
    "promoPrice": null,
    "pricePerUnit": "21.5 kg",
    "image": "https://www.jumbo.com/dam-images/fit-in/360x360/Products/30012025_1738254790881_1738254801252_2369189000000_1.png",
    "available": true,
    "promoUntil": null
  },
  {
    "id": "634955FLS",
    "title": "Jumbo Fresh Lemon Flavour Drink 1,5 L",
    "category": "Frisdrank en sappen",
    "price": 1.12,
    "promoPrice": null,
    "pricePerUnit": "0.75 l",
    "image": "https://www.jumbo.com/dam-images/fit-in/360x360/Products/23072024_1721738118360_1721738128610_8718452800537_596.png",
    "available": true,
    "promoUntil": null
  },
  {
    "id": "447831FLS",
    "title": "Jumbo Allesreiniger Bloemen 1,25 L",
    "category": "Huishouden en dieren",
    "price": 0.71,
    "promoPrice": null,
    "pricePerUnit": "0.57 l",
    "image": "https://www.jumbo.com/dam-images/fit-in/360x360/Products/447831_8718452575015_1_T1_447831FLS1691185470633.png",
    "available": true,
    "promoUntil": null
  },
  {
    "id": "533215PAK",
    "title": "Coca-Cola Light 8 x 250 ml",
    "category": "Frisdrank en sappen",
    "price": 6.48,
    "promoPrice": null,
    "pricePerUnit": "3.24 l",
    "image": "https://www.jumbo.com/dam-images/fit-in/360x360/Products/09082023_1691592640466_1691592689914_5000112658941_1.png",
    "available": true,
    "promoUntil": null
  },
  {
    "id": "274965STK",
    "title": "Vers Aan Tafel Witlofschotel met Ham Kaassaus en Aardappelpuree 520 g",
    "category": "Verse maaltijden en gemak",
    "price": 4.99,
    "promoPrice": null,
    "pricePerUnit": "9.6 kg",
    "image": "https://www.jumbo.com/dam-images/fit-in/360x360/Products/14022024_1707873855379_1707873861490_8717568249520_1.png",
    "available": true,
    "promoUntil": null
  },
  {
    "id": "513185DS",
    "title": "Knorr Wereldgerechten Kofta Griekse 303 g",
    "category": "Wereldkeukens, kruiden, pasta en rijst",
    "price": 4.49,
    "promoPrice": null,
    "pricePerUnit": "14.82 kg",
    "image": "https://www.jumbo.com/dam-images/fit-in/360x360/Products/19092025_1758292429474_1758292440550_8720182264886_1.png",
    "available": true,
    "promoUntil": null
  },
  {
    "id": "560088BAK",
    "title": "Jumbo Bami Babi Pangang 450 g",
    "category": "Verse maaltijden en gemak",
    "price": 4.5,
    "promoPrice": null,
    "pricePerUnit": "10.0 kg",
    "image": "https://www.jumbo.com/dam-images/fit-in/360x360/Products/14022024_1707872668366_1707872682301_8718452745951_1.png",
    "available": true,
    "promoUntil": null
  },
  {
    "id": "429187FLS",
    "title": "Crystal Clear Perzik Smaak 1,5 L",
    "category": "Frisdrank en sappen",
    "price": 2.49,
    "promoPrice": null,
    "pricePerUnit": "1.66 l",
    "image": "https://www.jumbo.com/dam-images/fit-in/360x360/Products/05022025_1738720890556_1738720900183_429187_FLS_08715600243826_H1N1.png",
    "available": true,
    "promoUntil": null
  },
  {
    "id": "435167STK",
    "title": "Jumbo Biologisch Paprika Duo 2 Stuks",
    "category": "Aardappelen, groente en fruit",
    "price": 2.79,
    "promoPrice": null,
    "pricePerUnit": "1.4 pieces",
    "image": "https://www.jumbo.com/dam-images/fit-in/360x360/Products/21022025_1740151973764_1740151978663_8718452651368_1.png",
    "available": true,
    "promoUntil": null
  },
  {
    "id": "701827STK",
    "title": "Jumbo Chorizo 160 g ",
    "category": "Vleeswaren, kaas en tapas",
    "price": 2.89,
    "promoPrice": null,
    "pricePerUnit": "18.06 kg",
    "image": "https://www.jumbo.com/dam-images/fit-in/360x360/Products/30072025_1753871557757_1753871564045_8718452950041_1.png",
    "available": true,
    "promoUntil": null
  },
  {
    "id": "296401STK",
    "title": "Beckers Oven & Airfryer Frikandellen 5 x 70 g",
    "category": "Diepvries",
    "price": 2.79,
    "promoPrice": null,
    "pricePerUnit": "7.97 kg",
    "image": "https://www.jumbo.com/dam-images/fit-in/360x360/Products/20122023_1703053208291_1703053230871_296401_STK_08710555149667_C1N1.png",
    "available": true,
    "promoUntil": null
  },
  {
    "id": "513441DS",
    "title": "Knorr Wereldgerechten Kip Siam Thaise 300 g",
    "category": "Wereldkeukens, kruiden, pasta en rijst",
    "price": 4.69,
    "promoPrice": null,
    "pricePerUnit": "15.63 kg",
    "image": "https://www.jumbo.com/dam-images/fit-in/360x360/Products/19092025_1758292430120_1758292441944_8720182269379_1.png",
    "available": true,
    "promoUntil": null
  },
  {
    "id": "514112FLS",
    "title": "Karvan Cévitam Ice Tea Peach Original Siroop, 600 ml",
    "category": "Frisdrank en sappen",
    "price": 4.29,
    "promoPrice": null,
    "pricePerUnit": "7.15 l",
    "image": "https://www.jumbo.com/dam-images/fit-in/360x360/Products/26042025_1745631262036_1745631268630_514112_FLS_08715700122489_H1N1.png",
    "available": true,
    "promoUntil": null
  },
  {
    "id": "424613POT",
    "title": "Easy Chicken Tonight Hawaï 515g",
    "category": "Wereldkeukens, kruiden, pasta en rijst",
    "price": 3.39,
    "promoPrice": null,
    "pricePerUnit": "6.58 kg",
    "image": "https://www.jumbo.com/dam-images/fit-in/360x360/Products/16032025_1742090474498_1742090486413_424613_POT_08710581909709_C1N1.png",
    "available": true,
    "promoUntil": null
  },
  {
    "id": "695616FLS",
    "title": "Robijn Quick Wash Spring Blossom 22 Wasbeurten",
    "category": "Huishouden en dieren",
    "price": 18.99,
    "promoPrice": null,
    "pricePerUnit": "0.86 wb",
    "image": "https://www.jumbo.com/dam-images/fit-in/360x360/Products/28042025_1745820460681_1745820476872_695616_FLS_08720181715556_C1N1.png",
    "available": true,
    "promoUntil": null
  },
  {
    "id": "546718PAK",
    "title": "Jumbo Cola Zero Sugar Blik 6 x 330ML",
    "category": "Frisdrank en sappen",
    "price": 2.19,
    "promoPrice": null,
    "pricePerUnit": "1.11 l",
    "image": "https://www.jumbo.com/dam-images/fit-in/360x360/Products/25042025_1745584348181_1745584359057_8718452660865_596.png",
    "available": true,
    "promoUntil": null
  },
  {
    "id": "416742CUP",
    "title": "Johma Eisalade Voordeelpak XL 300 g",
    "category": "Vleeswaren, kaas en tapas",
    "price": 4.99,
    "promoPrice": null,
    "pricePerUnit": "16.63 kg",
    "image": "https://www.jumbo.com/dam-images/fit-in/360x360/Products/07092025_1757207051498_1757207074158_416742_CUP_08710506081688_H1N1_v01.png",
    "available": true,
    "promoUntil": null
  },
  {
    "id": "629862DSL",
    "title": "Nature Valley Protein Peanut & Chocolate 40 g",
    "category": "Koek, snoep, chocolade en chips",
    "price": 21.48,
    "promoPrice": null,
    "pricePerUnit": "44.75 kg",
    "image": "https://www.jumbo.com/dam-images/fit-in/360x360/Products/08410076712332C1R170088029800021a3ec887-9587-4093-946c-1b0a452eb76b-1722520271160.png",
    "available": true,
    "promoUntil": null
  },
  {
    "id": "689021ZK",
    "title": "Jumbo Biologisch Aardappelen Kruimig 2,5 kg",
    "category": "Aardappelen, groente en fruit",
    "price": 4.15,
    "promoPrice": null,
    "pricePerUnit": "1.66 kg",
    "image": "https://www.jumbo.com/dam-images/fit-in/360x360/Products/30042025_1746027228655_1746027237410_8718452892761_1.png",
    "available": true,
    "promoUntil": null
  },
  {
    "id": "617501BAK",
    "title": "Jumbo - Diepvries luxe roombotercroissants - 4 Stuks",
    "category": "Diepvries",
    "price": 3.25,
    "promoPrice": null,
    "pricePerUnit": "0.81 pieces",
    "image": "https://www.jumbo.com/dam-images/fit-in/360x360/Products/10052024_1715351656662_1715351666606_8718452845477_1.png",
    "available": true,
    "promoUntil": null
  },
  {
    "id": "79146FLS",
    "title": "Waterval Sauvignon Blanc Semillon 750 ml",
    "category": "Bier en wijn",
    "price": 5.29,
    "promoPrice": null,
    "pricePerUnit": "7.05 l",
    "image": "https://www.jumbo.com/dam-images/fit-in/360x360/Products/29112024_1732890774975_1732890782462_6001506900621_1.png",
    "available": true,
    "promoUntil": null
  },
  {
    "id": "494442DSL",
    "title": "Pampers Sensitive Babydoekjes 12 x 52",
    "category": "Drogisterij en baby",
    "price": 34.68,
    "promoPrice": null,
    "pricePerUnit": "0.06 pieces",
    "image": "https://www.jumbo.com/dam-images/fit-in/360x360/Products/494442DSL332161fa-1c75-4f88-a3fc-56bb779fd95c-1728895447620.png",
    "available": true,
    "promoUntil": null
  },
  {
    "id": "471571FLS",
    "title": "Jumbo Ice Tea Green Zero Pure 1,5 L",
    "category": "Frisdrank en sappen",
    "price": 1.39,
    "promoPrice": null,
    "pricePerUnit": "0.93 l",
    "image": "https://www.jumbo.com/dam-images/fit-in/360x360/Products/10082023_1691675791820_1691675797052_8718452562473_1.png",
    "available": true,
    "promoUntil": null
  },
  {
    "id": "669617FLS",
    "title": "Ariel Vloeibaar Wasmiddel Kleur, 30 Wasbeurten",
    "category": "Huishouden en dieren",
    "price": 19.99,
    "promoPrice": null,
    "pricePerUnit": "0.67 wb",
    "image": "https://www.jumbo.com/dam-images/fit-in/360x360/Products/27082025_1756254808730_1756254811895_8700216604567_1.png",
    "available": true,
    "promoUntil": null
  },
  {
    "id": "667482STK",
    "title": "HEMA Papier Wit A4 500 Stuks",
    "category": "Non-food en servicebalie",
    "price": 4.99,
    "promoPrice": null,
    "pricePerUnit": "0.01 pieces",
    "image": "https://www.jumbo.com/dam-images/fit-in/360x360/Products/09082023_1691587041664_1691587056875_8713475335233_1.png",
    "available": true,
    "promoUntil": null
  },
  {
    "id": "514629DS",
    "title": "De Vegetarische Slager Geroockte Speckjes Vegan 125 g",
    "category": "Vlees, vis en vega",
    "price": 4.99,
    "promoPrice": null,
    "pricePerUnit": "39.92 kg",
    "image": "https://www.jumbo.com/dam-images/fit-in/360x360/Products/24092025_1758679838127_1758679870829_514629_DS_08720182070272_H1N1.png",
    "available": true,
    "promoUntil": null
  },
  {
    "id": "168599DSL",
    "title": "Grand Sud – Chardonnay 6 x 1 L",
    "category": "Bier en wijn",
    "price": 35.94,
    "promoPrice": null,
    "pricePerUnit": "5.99 l",
    "image": "https://www.jumbo.com/dam-images/fit-in/360x360/Products/168599DSL-1692282875089.png",
    "available": true,
    "promoUntil": null
  },
  {
    "id": "670325DS",
    "title": "Jumbo Biologisch Blauwe Bessen 200 g",
    "category": "Aardappelen, groente en fruit",
    "price": 4.49,
    "promoPrice": null,
    "pricePerUnit": "22.45 kg",
    "image": "https://www.jumbo.com/dam-images/fit-in/360x360/Products/14022025_1739539159139_1739539164538_8718452905294_1.png",
    "available": true,
    "promoUntil": null
  },
  {
    "id": "591512ZK",
    "title": "Jumbo Roerbakmix Provençaals 400 g",
    "category": "Aardappelen, groente en fruit",
    "price": 2.99,
    "promoPrice": null,
    "pricePerUnit": "7.48 kg",
    "image": "https://www.jumbo.com/dam-images/fit-in/360x360/Products/24062024_1719239779309_1719239793702_8718452786749_1.png",
    "available": true,
    "promoUntil": null
  },
  {
    "id": "306043SC",
    "title": "Jumbo Framboos & Blauwe Bessen 300 g",
    "category": "Aardappelen, groente en fruit",
    "price": 4.99,
    "promoPrice": null,
    "pricePerUnit": "16.63 kg",
    "image": "https://www.jumbo.com/dam-images/fit-in/360x360/Products/29092023_1695994884252_1695994892683_8718452347292_1.png",
    "available": true,
    "promoUntil": null
  },
  {
    "id": "676457FLS",
    "title": "Dreft MaxPower Vloeibaar 450ml",
    "category": "Huishouden en dieren",
    "price": 4.69,
    "promoPrice": null,
    "pricePerUnit": "10.42 l",
    "image": "https://www.jumbo.com/dam-images/fit-in/360x360/Products/05092025_1757039681840_1757039685275_676457_FLS_08700216474504_H1N1.png",
    "available": true,
    "promoUntil": null
  },
  {
    "id": "594603SC",
    "title": "Vers Aan Tafel Gehaktschotel Prei à la Crème, Aardappelpuree en Kaasgratin 500 g",
    "category": "Verse maaltijden en gemak",
    "price": 5.99,
    "promoPrice": null,
    "pricePerUnit": "10.89 kg",
    "image": "https://www.jumbo.com/dam-images/fit-in/360x360/Products/14022024_1707873858690_1707873868691_8717568249964_1.png",
    "available": true,
    "promoUntil": null
  },
  {
    "id": "479031CUP",
    "title": "Johma Tonijnsalade 175 g",
    "category": "Vleeswaren, kaas en tapas",
    "price": 3.45,
    "promoPrice": null,
    "pricePerUnit": "19.71 kg",
    "image": "https://www.jumbo.com/dam-images/fit-in/360x360/Products/05092025_1757039672719_1757039683779_479031_CUP_08710506084726_H1N1_v01.png",
    "available": true,
    "promoUntil": null
  },
  {
    "id": "676436ZK",
    "title": "Dreft Platinum Plus All In One Vaatwastabletten Anti-dofheidstechnologie 19 X",
    "category": "Huishouden en dieren",
    "price": 13.99,
    "promoPrice": null,
    "pricePerUnit": "0.74 pieces",
    "image": "https://www.jumbo.com/dam-images/fit-in/360x360/Products/15082025_1755216083267_1755216090121_8700216652551_1.png",
    "available": true,
    "promoUntil": null
  },
  {
    "id": "172910STK",
    "title": "Sore Baby Mais Fingers Biologisch Tussendoortje 6m+ 35 g",
    "category": "Drogisterij en baby",
    "price": 1.68,
    "promoPrice": null,
    "pricePerUnit": "48.0 kg",
    "image": "https://www.jumbo.com/dam-images/fit-in/360x360/Products/16092025_1757985908909_1757985917798_172910_STK_08719324174015_C1N1.png",
    "available": true,
    "promoUntil": null
  },
  {
    "id": "582252DS",
    "title": "Jumbo Gesneden Verspakket Satépannetje met Rijst 4 Personen",
    "category": "Wereldkeukens, kruiden, pasta en rijst",
    "price": 6.99,
    "promoPrice": null,
    "pricePerUnit": "4.93 kg",
    "image": "https://www.jumbo.com/dam-images/fit-in/360x360/Products/03092025_1756888444207_1756888451042_8718452766598_1.png",
    "available": true,
    "promoUntil": null
  },
  {
    "id": "693996CUP",
    "title": "Jumbo Rolletje Salami met Kruidenroomkaas 80 g",
    "category": "Vleeswaren, kaas en tapas",
    "price": 3.09,
    "promoPrice": null,
    "pricePerUnit": "38.63 kg",
    "image": "https://www.jumbo.com/dam-images/fit-in/360x360/Products/07072025_1751902647861_1751902656624_8718452923427_1.png",
    "available": true,
    "promoUntil": null
  },
  {
    "id": "79146DSL",
    "title": "Waterval - Chardonnay Colombard - 6 x 750 ml",
    "category": "Bier en wijn",
    "price": 31.74,
    "promoPrice": null,
    "pricePerUnit": "7.05 l",
    "image": "https://www.jumbo.com/dam-images/fit-in/360x360/Products/14032025_1741966367772_1741966374820_16001506900611_1.png",
    "available": true,
    "promoUntil": null
  },
  {
    "id": "159423STK",
    "title": "Jumbo Broccoli Biologisch 2 Personen",
    "category": "Aardappelen, groente en fruit",
    "price": 2.59,
    "promoPrice": null,
    "pricePerUnit": "2.59 pieces",
    "image": "https://www.jumbo.com/dam-images/fit-in/360x360/Products/10082023_1691674928494_1691674957745_8718452107506_1.png",
    "available": true,
    "promoUntil": null
  },
  {
    "id": "302262STK",
    "title": "Jumbo Spitskool 2-3 Personen",
    "category": "Aardappelen, groente en fruit",
    "price": 1.65,
    "promoPrice": null,
    "pricePerUnit": "1.65 pieces",
    "image": "https://www.jumbo.com/dam-images/fit-in/360x360/Products/29092023_1695994884312_1695994889997_8718449012783_1.png",
    "available": true,
    "promoUntil": null
  },
  {
    "id": "437955BAK",
    "title": "Looye Honingtomaten 180 g",
    "category": "Aardappelen, groente en fruit",
    "price": 3.89,
    "promoPrice": null,
    "pricePerUnit": "21.61 kg",
    "image": "https://www.jumbo.com/dam-images/fit-in/360x360/Products/09082023_1691590731416_1691590752413_8716062000095_1.png",
    "available": true,
    "promoUntil": null
  },
  {
    "id": "551857ZK",
    "title": "Jumbo Aardappelpartjes met Schil Kruidenboter 600 g",
    "category": "Aardappelen, groente en fruit",
    "price": 1.49,
    "promoPrice": null,
    "pricePerUnit": "2.48 kg",
    "image": "https://www.jumbo.com/dam-images/fit-in/360x360/Products/04062024_1717511599843_1717511607883_8718452819287_1.png",
    "available": true,
    "promoUntil": null
  },
  {
    "id": "623723BLK",
    "title": "Smaakt Bio Bananenbloesem 400 g",
    "category": "Vlees, vis en vega",
    "price": 2.29,
    "promoPrice": null,
    "pricePerUnit": "5.73 kg",
    "image": "https://www.jumbo.com/dam-images/fit-in/360x360/Products/08092025_1757345673448_1757345679531_8719153049553_1.png",
    "available": true,
    "promoUntil": null
  },
  {
    "id": "524395FLS",
    "title": "Siebrand - Pikeurtje Frisse Vruchtenwijn Frambozen en Bessen - 1L",
    "category": "Bier en wijn",
    "price": 4.99,
    "promoPrice": null,
    "pricePerUnit": "4.99 l",
    "image": "https://www.jumbo.com/dam-images/fit-in/360x360/Products/10082023_1691674907485_1691674925590_8710102171011_1.png",
    "available": true,
    "promoUntil": null
  },
  {
    "id": "188599PAK",
    "title": "Jumbo - Pistolet Meerzaden - 4 Stuks",
    "category": "Brood en gebak",
    "price": 1.99,
    "promoPrice": null,
    "pricePerUnit": "6.63 kg",
    "image": "https://www.jumbo.com/dam-images/fit-in/360x360/Products/29092023_1695995636413_1695995639602_8718452644803_1.png",
    "available": true,
    "promoUntil": null
  },
  {
    "id": "634976PAK",
    "title": "Jumbo Blackcurrant Cassis 6 x 330 ml",
    "category": "Frisdrank en sappen",
    "price": 2.99,
    "promoPrice": null,
    "pricePerUnit": "1.51 l",
    "image": "https://www.jumbo.com/dam-images/fit-in/360x360/Products/07102024_1728300856378_1728300872850_8718452800506_1.png",
    "available": true,
    "promoUntil": null
  },
  {
    "id": "274981STK",
    "title": "Vers Aan Tafel Gehaktbal met Bloemkool Broccoli en Gekookte Aardappelen 485 g",
    "category": "Verse maaltijden en gemak",
    "price": 4.99,
    "promoPrice": null,
    "pricePerUnit": "10.29 kg",
    "image": "https://www.jumbo.com/dam-images/fit-in/360x360/Products/14022024_1707873855442_1707873862548_8717568249919_1.png",
    "available": true,
    "promoUntil": null
  },
  {
    "id": "591434FLS",
    "title": "Jumbo Streekselectie - Rueda - Verdejo - 750ml",
    "category": "Bier en wijn",
    "price": 6.99,
    "promoPrice": null,
    "pricePerUnit": "9.32 l",
    "image": "https://www.jumbo.com/dam-images/fit-in/360x360/Products/27052025_1748352766433_1748352770112_8718452711970_1.png",
    "available": true,
    "promoUntil": null
  },
  {
    "id": "176191DS",
    "title": "Jumbo Variatie Mix Brokjes in Saus 12 x 100 g",
    "category": "Huishouden en dieren",
    "price": 3.99,
    "promoPrice": null,
    "pricePerUnit": "3.32 kg",
    "image": "https://www.jumbo.com/dam-images/fit-in/360x360/Products/02042024_1712068508793_1712068535830_8718452746439_596.png",
    "available": true,
    "promoUntil": null
  },
  {
    "id": "183485BAK",
    "title": "Mora Kipsaté in Milde Pindasaus XL 190 g",
    "category": "Diepvries",
    "price": 2.84,
    "promoPrice": null,
    "pricePerUnit": "14.95 kg",
    "image": "https://www.jumbo.com/dam-images/fit-in/360x360/Products/20122023_1703046520418_1703046534178_183485_BAK_08710861986239_C1N1.png",
    "available": true,
    "promoUntil": null
  },
  {
    "id": "450594FLS",
    "title": "Tiempo & Tierra - Chardonnay - 750ML",
    "category": "Bier en wijn",
    "price": 4.99,
    "promoPrice": null,
    "pricePerUnit": "6.65 l",
    "image": "https://www.jumbo.com/dam-images/fit-in/360x360/Products/10082023_1691675538681_1691675544843_8411971006298_1.png",
    "available": true,
    "promoUntil": null
  },
  {
    "id": "475162DS",
    "title": "Jumbo Wilde Zalm Wokblokjes 250 g",
    "category": "Diepvries",
    "price": 4.46,
    "promoPrice": null,
    "pricePerUnit": "17.84 kg",
    "image": "https://www.jumbo.com/dam-images/fit-in/360x360/Products/09082023_1691590338015_1691590427508_8718452581504_1.png",
    "available": true,
    "promoUntil": null
  },
  {
    "id": "477130PAK",
    "title": "Tony's Chocolonely Melkchocolade reep Noga - Blij met jou!",
    "category": "Koek, snoep, chocolade en chips",
    "price": 4.54,
    "promoPrice": null,
    "pricePerUnit": "25.22 kg",
    "image": "https://www.jumbo.com/dam-images/fit-in/360x360/Products/25062024_1719278051536_1719278055110_477130_PAK_08719956493645_C1N1.png",
    "available": true,
    "promoUntil": null
  },
  {
    "id": "532723ZK",
    "title": "Jumbo Fijngesneden Boerenkool 500 g",
    "category": "Aardappelen, groente en fruit",
    "price": 2.79,
    "promoPrice": null,
    "pricePerUnit": "5.58 kg",
    "image": "https://www.jumbo.com/dam-images/fit-in/360x360/Products/30092024_1727706763785_1727706773840_8718452798650_1.png",
    "available": true,
    "promoUntil": null
  },
  {
    "id": "625299ZK",
    "title": "Jumbo Kruidnoten Chocolademix 750 g",
    "category": "Koek, snoep, chocolade en chips",
    "price": 5.79,
    "promoPrice": null,
    "pricePerUnit": "7.72 kg",
    "image": "https://www.jumbo.com/dam-images/fit-in/360x360/Products/07062024_1717759995832_1717760012836_8718452834921_596.png",
    "available": true,
    "promoUntil": null
  },
  {
    "id": "269540DSL",
    "title": "Jumbo Huiswijn - Shiraz 6 x 1 L",
    "category": "Bier en wijn",
    "price": 25.14,
    "promoPrice": null,
    "pricePerUnit": "4.19 l",
    "image": "https://www.jumbo.com/dam-images/fit-in/360x360/Products/269540DSL-1692282027485.png",
    "available": true,
    "promoUntil": null
  },
  {
    "id": "173999DS",
    "title": "Mekkafood Burger 12 x 65 g",
    "category": "Diepvries",
    "price": 3.0,
    "promoPrice": null,
    "pricePerUnit": "3.85 kg",
    "image": "https://www.jumbo.com/dam-images/fit-in/360x360/Products/17092025_1758074365887_1758074373628_173999_DS_04026279976125_C1N1.png",
    "available": true,
    "promoUntil": null
  },
  {
    "id": "587997CUP",
    "title": "Jumbo Naturel Smeerkaas 15+ 100 g",
    "category": "Vleeswaren, kaas en tapas",
    "price": 0.99,
    "promoPrice": null,
    "pricePerUnit": "9.9 kg",
    "image": "https://www.jumbo.com/dam-images/fit-in/360x360/Products/27022024_1709051592682_1709051606582_8718452731121_1.png",
    "available": true,
    "promoUntil": null
  },
  {
    "id": "528661DS",
    "title": "Honig Maaltijdmix voor Macaroni en Spaghetti 41 g",
    "category": "Wereldkeukens, kruiden, pasta en rijst",
    "price": 1.99,
    "promoPrice": null,
    "pricePerUnit": "48.54 kg",
    "image": "https://www.jumbo.com/dam-images/fit-in/360x360/Products/24092025_1758678223524_1758678235990_528661_DS_08714700170315_H1N1.png",
    "available": true,
    "promoUntil": null
  },
  {
    "id": "166882DSL",
    "title": "Tussock Jumper - Pinot Grigio - 6 x 750 ML - zonder doos",
    "category": "Bier en wijn",
    "price": 32.94,
    "promoPrice": null,
    "pricePerUnit": "7.32 l",
    "image": "https://www.jumbo.com/dam-images/fit-in/360x360/Products/166882DSL-1692282485126.png",
    "available": true,
    "promoUntil": null
  },
  {
    "id": "645866PAK",
    "title": "Kinder Bueno 8 x 43 g",
    "category": "Koek, snoep, chocolade en chips",
    "price": 6.95,
    "promoPrice": null,
    "pricePerUnit": "20.2 kg",
    "image": "https://www.jumbo.com/dam-images/fit-in/360x360/Products/05092025_1757064775004_1757064779302_3017620693809_1.png",
    "available": true,
    "promoUntil": null
  },
  {
    "id": "694180ZK",
    "title": "Jumbo Gekookte Hamreepjes 2 x 100 g",
    "category": "Vlees, vis en vega",
    "price": 3.39,
    "promoPrice": null,
    "pricePerUnit": "16.95 kg",
    "image": "https://www.jumbo.com/dam-images/fit-in/360x360/Products/11072025_1752240763643_1752240769510_8718452895762_1.png",
    "available": true,
    "promoUntil": null
  },
  {
    "id": "587996DSL",
    "title": "Jumbo Naturel Light 15+ Smeerkaas 8 x 200 g",
    "category": "Vleeswaren, kaas en tapas",
    "price": 11.12,
    "promoPrice": null,
    "pricePerUnit": "6.95 kg",
    "image": "https://www.jumbo.com/dam-images/fit-in/360x360/Products/588347DSL115e97d419-8df8-44be-8bba-f4e3280b499f-1703060639269.png",
    "available": true,
    "promoUntil": null
  },
  {
    "id": "613325ZK",
    "title": "Doritos Sweet Chilli Pepper Tortilla Chips 272 gr",
    "category": "Koek, snoep, chocolade en chips",
    "price": 2.99,
    "promoPrice": null,
    "pricePerUnit": "10.99 kg",
    "image": "https://www.jumbo.com/dam-images/fit-in/360x360/Products/19062025_1750332793980_1750332797676_8710398510600_1.png",
    "available": true,
    "promoUntil": null
  },
  {
    "id": "608991PAK",
    "title": "Appelsientje FruitDrink Sinaasappel 1L",
    "category": "Frisdrank en sappen",
    "price": 2.39,
    "promoPrice": null,
    "pricePerUnit": "2.39 l",
    "image": "https://www.jumbo.com/dam-images/fit-in/360x360/Products/18092025_1758159870984_1758159900739_608991_PAK_08720157401124_C1N1.png",
    "available": true,
    "promoUntil": null
  },
  {
    "id": "274961STK",
    "title": "Vers Aan Tafel Zuurkoolstamppot met Spekjes en Schijfjes Rookworst 600 g",
    "category": "Verse maaltijden en gemak",
    "price": 4.99,
    "promoPrice": null,
    "pricePerUnit": "8.32 kg",
    "image": "https://www.jumbo.com/dam-images/fit-in/360x360/Products/14022024_1707873855290_1707873861490_8717568249599_1.png",
    "available": true,
    "promoUntil": null
  },
  {
    "id": "647275TRA",
    "title": "Jumbo Pita Broodjes 4 Stuks",
    "category": "Brood en gebak",
    "price": 0.6,
    "promoPrice": null,
    "pricePerUnit": "3.0 kg",
    "image": "https://www.jumbo.com/dam-images/fit-in/360x360/Products/13112024_1731497560406_1731497582782_8718452871315_1.png",
    "available": true,
    "promoUntil": null
  },
  {
    "id": "459842STK",
    "title": "Jumbo Rauwe Ham Gerookt 175 g",
    "category": "Vleeswaren, kaas en tapas",
    "price": 2.53,
    "promoPrice": null,
    "pricePerUnit": "14.46 kg",
    "image": "https://www.jumbo.com/dam-images/fit-in/360x360/Products/14022024_1707873251510_1707873258641_8718452621231_1.png",
    "available": true,
    "promoUntil": null
  },
  {
    "id": "539109PAK",
    "title": "Dors Premium Radler 0.0% - Blik - 6 x 330 ML",
    "category": "Bier en wijn",
    "price": 2.59,
    "promoPrice": null,
    "pricePerUnit": "1.31 l",
    "image": "https://www.jumbo.com/dam-images/fit-in/360x360/Products/14022024_1707873858098_1707873875600_8718452653690_596.png",
    "available": true,
    "promoUntil": null
  },
  {
    "id": "483657NET",
    "title": "Jumbo Biologische Handsinaasappelen 1KG",
    "category": "Aardappelen, groente en fruit",
    "price": 3.49,
    "promoPrice": null,
    "pricePerUnit": "3.49 kg",
    "image": "https://www.jumbo.com/dam-images/fit-in/360x360/Products/24102024_1729787647574_1729787655612_8718452610839_1.png",
    "available": true,
    "promoUntil": null
  },
  {
    "id": "698272TRA",
    "title": "Jumbo Gehaktballetjes 400 g",
    "category": "Vleeswaren, kaas en tapas",
    "price": 2.76,
    "promoPrice": null,
    "pricePerUnit": "6.9 kg",
    "image": "https://www.jumbo.com/dam-images/fit-in/360x360/Products/13082025_1755095615627_1755095621460_8718452965403_1.png",
    "available": true,
    "promoUntil": null
  },
  {
    "id": "705284ZK",
    "title": "Jumbo - Rozijnenbrood - 500 g",
    "category": "Brood en gebak",
    "price": 1.99,
    "promoPrice": null,
    "pricePerUnit": "3.98 kg",
    "image": "https://www.jumbo.com/dam-images/fit-in/360x360/Products/01052025_1746099187006_1746099194738_8718452711123_1.png",
    "available": true,
    "promoUntil": null
  },
  {
    "id": "612231ZK",
    "title": "Jumbo's Ricotta Spinazie Tortelloni 500 g",
    "category": "Wereldkeukens, kruiden, pasta en rijst",
    "price": 4.78,
    "promoPrice": null,
    "pricePerUnit": "9.56 kg",
    "image": "https://www.jumbo.com/dam-images/fit-in/360x360/Products/23092024_1727091278092_1727091286500_8718452832606_1.png",
    "available": true,
    "promoUntil": null
  },
  {
    "id": "168179ZK",
    "title": "Maoam MaoMixx 325 g",
    "category": "Koek, snoep, chocolade en chips",
    "price": 3.85,
    "promoPrice": null,
    "pricePerUnit": "11.85 kg",
    "image": "https://www.jumbo.com/dam-images/fit-in/360x360/Products/07012025_1736218709802_1736218731821_168179_ZK_.png",
    "available": true,
    "promoUntil": null
  },
  {
    "id": "207737FLS",
    "title": "Enjoy It - Merlot - <0,5% Alcoholvrij - 750ML",
    "category": "Bier en wijn",
    "price": 4.29,
    "promoPrice": null,
    "pricePerUnit": "5.72 l",
    "image": "https://www.jumbo.com/dam-images/fit-in/360x360/Products/14022024_1707873913670_1707873915937_4003301082757_1.png",
    "available": true,
    "promoUntil": null
  },
  {
    "id": "533270KRT",
    "title": "Alfa - Edel Pils - Krat - 20 x 500ML",
    "category": "Bier en wijn",
    "price": 17.99,
    "promoPrice": null,
    "pricePerUnit": "1.8 l",
    "image": "https://www.jumbo.com/dam-images/fit-in/360x360/Products/16052025_1747362784491_1747362789786_8711527000092_1.png",
    "available": true,
    "promoUntil": null
  },
  {
    "id": "302260ZK",
    "title": "Jumbo Spruiten 500 g",
    "category": "Aardappelen, groente en fruit",
    "price": 1.59,
    "promoPrice": null,
    "pricePerUnit": "3.18 kg",
    "image": "https://www.jumbo.com/dam-images/fit-in/360x360/Products/18092023_1695031670308_1695031679285_8711715819000_1.png",
    "available": true,
    "promoUntil": null
  },
  {
    "id": "520608PAK",
    "title": "Jumbo Gesneden Verspakket Japanse Beef Teriyaki 2-3 Personen",
    "category": "Wereldkeukens, kruiden, pasta en rijst",
    "price": 6.89,
    "promoPrice": null,
    "pricePerUnit": "9.57 kg",
    "image": "https://www.jumbo.com/dam-images/fit-in/360x360/Products/03092025_1756888443990_1756888453137_8718452666096_1.png",
    "available": true,
    "promoUntil": null
  },
  {
    "id": "620679ZK",
    "title": "Dreft Platinum All In One Vaatwastabletten, Original, 15 Capsules",
    "category": "Huishouden en dieren",
    "price": 8.49,
    "promoPrice": null,
    "pricePerUnit": "0.57 pieces",
    "image": "https://www.jumbo.com/dam-images/fit-in/360x360/Products/15082025_1755216104379_1755216108901_8700216264419_1.png",
    "available": true,
    "promoUntil": null
  },
  {
    "id": "533308FLS",
    "title": "Jumbo Glansspoelmiddel 1 L",
    "category": "Huishouden en dieren",
    "price": 1.99,
    "promoPrice": null,
    "pricePerUnit": "1.99 l",
    "image": "https://www.jumbo.com/dam-images/fit-in/360x360/Products/10082023_1691678362103_1691678371492_8718452701469_1.png",
    "available": true,
    "promoUntil": null
  },
  {
    "id": "505991DS",
    "title": "Knorr Wereldgerechten Maaltijdpakket Italiaanse Risotto XXL 430 g",
    "category": "Wereldkeukens, kruiden, pasta en rijst",
    "price": 5.89,
    "promoPrice": null,
    "pricePerUnit": "13.7 kg",
    "image": "https://www.jumbo.com/dam-images/fit-in/360x360/Products/19092025_1758292429200_1758292437430_8720182264213_1.png",
    "available": true,
    "promoUntil": null
  },
  {
    "id": "680367BAK",
    "title": "Jumbo Tempeh Naturel 395g",
    "category": "Vlees, vis en vega",
    "price": 2.29,
    "promoPrice": null,
    "pricePerUnit": "5.8 kg",
    "image": "https://www.jumbo.com/dam-images/fit-in/360x360/Products/26062024_1719405183525_1719405187539_8718452694914_1.png",
    "available": true,
    "promoUntil": null
  },
  {
    "id": "184996DS",
    "title": "Queens Pangalicious Knoflook & Kruiden 2 stuks 250 g",
    "category": "Diepvries",
    "price": 3.69,
    "promoPrice": null,
    "pricePerUnit": "14.76 kg",
    "image": "https://www.jumbo.com/dam-images/fit-in/360x360/Products/09082023_1691593275435_1691593288419_8710247096309_1.png",
    "available": true,
    "promoUntil": null
  },
  {
    "id": "543216TRA",
    "title": "Jumbo Gevulde Koeken met Roomboter 400 g",
    "category": "Koek, snoep, chocolade en chips",
    "price": 1.95,
    "promoPrice": null,
    "pricePerUnit": "4.88 kg",
    "image": "https://www.jumbo.com/dam-images/fit-in/360x360/Products/22082024_1724326519465_1724326524775_8718452599691_1.png",
    "available": true,
    "promoUntil": null
  },
  {
    "id": "456113DS",
    "title": "Jumbo Geitenkaas Schijfjes Naturel Voordeelverpakking 2 x 100 g",
    "category": "Vleeswaren, kaas en tapas",
    "price": 2.19,
    "promoPrice": null,
    "pricePerUnit": "10.95 kg",
    "image": "https://www.jumbo.com/dam-images/fit-in/360x360/Products/09082023_1691588822637_1691588837980_8718452575428_1.png",
    "available": true,
    "promoUntil": null
  },
  {
    "id": "212608STK",
    "title": "Jumbo Fijngesneden IJsbergsla 100 g",
    "category": "Aardappelen, groente en fruit",
    "price": 0.99,
    "promoPrice": null,
    "pricePerUnit": "9.9 kg",
    "image": "https://www.jumbo.com/dam-images/fit-in/360x360/Products/07062024_1717767320451_1717767328027_8718452777235_1.png",
    "available": true,
    "promoUntil": null
  },
  {
    "id": "181092ZK",
    "title": "Aviko Pommes Frites Supercrunch Airfryer",
    "category": "Diepvries",
    "price": 2.25,
    "promoPrice": null,
    "pricePerUnit": "3.0 kg",
    "image": "https://www.jumbo.com/dam-images/fit-in/360x360/Products/15102024_1728999189151_1728999196938_8710449933747_1.png",
    "available": true,
    "promoUntil": null
  },
  {
    "id": "669290FLS",
    "title": "Crystal Clear Koolzuurvrij Framboos Bosbes 1,5L",
    "category": "Frisdrank en sappen",
    "price": 2.49,
    "promoPrice": null,
    "pricePerUnit": "1.66 l",
    "image": "https://www.jumbo.com/dam-images/fit-in/360x360/Products/14022025_1739503953089_1739503962145_669290_FLS_08715600250060_H1N1.png",
    "available": true,
    "promoUntil": null
  },
  {
    "id": "361459POT",
    "title": "Hak Rode Kool met Stukjes Appel 700 g",
    "category": "Aardappelen, groente en fruit",
    "price": 2.99,
    "promoPrice": null,
    "pricePerUnit": "4.27 kg",
    "image": "https://www.jumbo.com/dam-images/fit-in/360x360/Products/26042025_1745636660230_1745636666193_361459_POT_08720600619786_A1N1.png",
    "available": true,
    "promoUntil": null
  },
  {
    "id": "663392POT",
    "title": "Sudocrem Multi Expert, 250 gram",
    "category": "Drogisterij en baby",
    "price": 13.29,
    "promoPrice": null,
    "pricePerUnit": "53.16 kg",
    "image": "https://www.jumbo.com/dam-images/fit-in/360x360/Products/08012025_1736346812641_1736346817993_8711218979126_1.png",
    "available": true,
    "promoUntil": null
  },
  {
    "id": "418346PAK",
    "title": "MonChou Original Verse Roomkaas 100 g",
    "category": "Vleeswaren, kaas en tapas",
    "price": 1.95,
    "promoPrice": null,
    "pricePerUnit": "19.5 kg",
    "image": "https://www.jumbo.com/dam-images/fit-in/360x360/Products/12122024_1734014579510_1734014584028_87320138_1.png",
    "available": true,
    "promoUntil": null
  },
  {
    "id": "701860STK",
    "title": "Jumbo Palingworst 160 g",
    "category": "Vleeswaren, kaas en tapas",
    "price": 2.76,
    "promoPrice": null,
    "pricePerUnit": "17.25 kg",
    "image": "https://www.jumbo.com/dam-images/fit-in/360x360/Products/28082025_1756388008358_1756388014492_8718452950058_1.png",
    "available": true,
    "promoUntil": null
  },
  {
    "id": "591317ZK",
    "title": "Jumbo Boeren Soepgroente 400 g",
    "category": "Aardappelen, groente en fruit",
    "price": 2.49,
    "promoPrice": null,
    "pricePerUnit": "6.23 kg",
    "image": "https://www.jumbo.com/dam-images/fit-in/360x360/Products/06062024_1717684632750_1717684645593_8718452795734_1.png",
    "available": true,
    "promoUntil": null
  },
  {
    "id": "513188DS",
    "title": "Knorr Wereldgerechten Kip Tandoori Indiase 303 g",
    "category": "Wereldkeukens, kruiden, pasta en rijst",
    "price": 3.49,
    "promoPrice": null,
    "pricePerUnit": "11.52 kg",
    "image": "https://www.jumbo.com/dam-images/fit-in/360x360/Products/19092025_1758292429551_1758292440054_8720182016195_1.png",
    "available": true,
    "promoUntil": null
  },
  {
    "id": "693903ZK",
    "title": "Jumbo Gerookte Baconreepjes 150 g",
    "category": "Vleeswaren, kaas en tapas",
    "price": 3.89,
    "promoPrice": null,
    "pricePerUnit": "25.93 kg",
    "image": "https://www.jumbo.com/dam-images/fit-in/360x360/Products/01072025_1751380371137_1751380376674_8718452895779_1.png",
    "available": true,
    "promoUntil": null
  },
  {
    "id": "561764ZK",
    "title": "Jumbo Ongebrande Pecannoten 200 g",
    "category": "Koek, snoep, chocolade en chips",
    "price": 3.99,
    "promoPrice": null,
    "pricePerUnit": "19.95 kg",
    "image": "https://www.jumbo.com/dam-images/fit-in/360x360/Products/26042024_1714127651075_1714127672119_8718452724369_596.png",
    "available": true,
    "promoUntil": null
  },
  {
    "id": "300175STK",
    "title": "Jumbo - Witte Puntjes - 6 Stuks",
    "category": "Brood en gebak",
    "price": 1.57,
    "promoPrice": null,
    "pricePerUnit": "0.26 pieces",
    "image": "https://www.jumbo.com/dam-images/fit-in/360x360/Products/23062025_1750685646086_1750685650870_8718452815333_1.png",
    "available": true,
    "promoUntil": null
  },
  {
    "id": "186362ZK",
    "title": "Jumbo Stroopkoeken met Roomboter 375 g",
    "category": "Koek, snoep, chocolade en chips",
    "price": 2.08,
    "promoPrice": null,
    "pricePerUnit": "5.47 kg",
    "image": "https://www.jumbo.com/dam-images/fit-in/360x360/Products/01082024_1722504868297_1722504875651_8718452381364_1.png",
    "available": true,
    "promoUntil": null
  },
  {
    "id": "211721ZK",
    "title": "Jumbo Roerbakmix Champignon 400 g",
    "category": "Aardappelen, groente en fruit",
    "price": 2.19,
    "promoPrice": null,
    "pricePerUnit": "5.48 kg",
    "image": "https://www.jumbo.com/dam-images/fit-in/360x360/Products/05062024_1717601667206_1717601675698_8718452786763_1.png",
    "available": true,
    "promoUntil": null
  },
  {
    "id": "688096ZK",
    "title": "Jumbo Erwten Voordeelverpakking 750 g",
    "category": "Diepvries",
    "price": 1.44,
    "promoPrice": null,
    "pricePerUnit": "1.92 kg",
    "image": "https://www.jumbo.com/dam-images/fit-in/360x360/Products/18042025_1744972367998_1744972384552_8718452884360_596.png",
    "available": true,
    "promoUntil": null
  },
  {
    "id": "681300PAK",
    "title": "Jumbo Duo Drank Sinaasappel Perzik 1 L",
    "category": "Frisdrank en sappen",
    "price": 1.69,
    "promoPrice": null,
    "pricePerUnit": "1.69 l",
    "image": "https://www.jumbo.com/dam-images/fit-in/360x360/Products/09072025_1752046391134_1752046395929_8718452887002_1.png",
    "available": true,
    "promoUntil": null
  },
  {
    "id": "371727PAK",
    "title": "Jumbo Multivitamine A.C.E Drink 1,5 L",
    "category": "Frisdrank en sappen",
    "price": 1.99,
    "promoPrice": null,
    "pricePerUnit": "1.33 l",
    "image": "https://www.jumbo.com/dam-images/fit-in/360x360/Products/29112023_1701272043858_1701272053451_8718452672202_1.png",
    "available": true,
    "promoUntil": null
  },
  {
    "id": "551747TUB",
    "title": "Prodent Tandpasta Cool Mint 75 ml",
    "category": "Drogisterij en baby",
    "price": 1.75,
    "promoPrice": null,
    "pricePerUnit": "23.33 l",
    "image": "https://www.jumbo.com/dam-images/fit-in/360x360/Products/13112024_1731493976395_1731493979156_8720181318641_1.png",
    "available": true,
    "promoUntil": null
  },
  {
    "id": "670282PAK",
    "title": "Lipton Ice Tea Sparkling Zero 4 x 250 ml",
    "category": "Frisdrank en sappen",
    "price": 3.59,
    "promoPrice": null,
    "pricePerUnit": "3.59 l",
    "image": "https://www.jumbo.com/dam-images/fit-in/360x360/Products/06032025_1741275176494_1741275183543_8711327641907_1.png",
    "available": true,
    "promoUntil": null
  },
  {
    "id": "300150STK",
    "title": "Jumbo Bruine Bollen 6 Stuks",
    "category": "Brood en gebak",
    "price": 1.59,
    "promoPrice": null,
    "pricePerUnit": "0.27 pieces",
    "image": "https://www.jumbo.com/dam-images/fit-in/360x360/Products/24062025_1750768388014_1750768392118_8718452815340_1.png",
    "available": true,
    "promoUntil": null
  },
  {
    "id": "678233DS",
    "title": "Gillette Fusion5 16 Navulmesjes voor Mannen",
    "category": "Drogisterij en baby",
    "price": 96.82,
    "promoPrice": null,
    "pricePerUnit": "6.05 pieces",
    "image": "https://www.jumbo.com/dam-images/fit-in/360x360/Products/15082025_1755216170852_1755216178700_8001090819536_1.png",
    "available": true,
    "promoUntil": null
  },
  {
    "id": "642868PAK",
    "title": "Jumbo Vanillesmaak Dubbels 500 g",
    "category": "Koek, snoep, chocolade en chips",
    "price": 1.31,
    "promoPrice": null,
    "pricePerUnit": "2.62 kg",
    "image": "https://www.jumbo.com/dam-images/fit-in/360x360/Products/26082024_1724679254591_1724679265198_8718452851331_596.png",
    "available": true,
    "promoUntil": null
  },
  {
    "id": "608271DS",
    "title": "Jumbo Plakjes Grillworst Kip 160 g",
    "category": "Vleeswaren, kaas en tapas",
    "price": 2.39,
    "promoPrice": null,
    "pricePerUnit": "14.94 kg",
    "image": "https://www.jumbo.com/dam-images/fit-in/360x360/Products/19062024_1718814836757_1718814845284_8718452767854_1.png",
    "available": true,
    "promoUntil": null
  },
  {
    "id": "647601POT",
    "title": "Jumbo's Carbonara Pastasaus 340 g",
    "category": "Wereldkeukens, kruiden, pasta en rijst",
    "price": 3.29,
    "promoPrice": null,
    "pricePerUnit": "9.68 kg",
    "image": "https://www.jumbo.com/dam-images/fit-in/360x360/Products/12122024_1734003203570_1734003210905_8718452870196_1.png",
    "available": true,
    "promoUntil": null
  },
  {
    "id": "184177DS",
    "title": "Dr. Oetker Big Americans Pizza BBQ Chicken 460 g",
    "category": "Diepvries",
    "price": 4.99,
    "promoPrice": null,
    "pricePerUnit": "10.85 kg",
    "image": "https://www.jumbo.com/dam-images/fit-in/360x360/Products/20052025_1747703001947_1747703011925_184177_DS_04001724023814_C1N1_s02.png",
    "available": true,
    "promoUntil": null
  },
  {
    "id": "492265POT",
    "title": "Drogheria Middellandse Zeezout 95 g",
    "category": "Wereldkeukens, kruiden, pasta en rijst",
    "price": 3.19,
    "promoPrice": null,
    "pricePerUnit": "33.58 kg",
    "image": "https://www.jumbo.com/dam-images/fit-in/360x360/Products/08052025_1746669663196_1746669669044_492265_POT_08004708048953_C1N1.png",
    "available": true,
    "promoUntil": null
  },
  {
    "id": "420539PAK",
    "title": "CoolBest Premium Orange Value Pack 1,5 L",
    "category": "",
    "price": 5.79,
    "promoPrice": null,
    "pricePerUnit": "3.86 l",
    "image": "https://www.jumbo.com/dam-images/fit-in/360x360/Products/08042025_1744078041359_1744078065876_420539_PAK_08720157464532_C1N1.png",
    "available": true,
    "promoUntil": null
  },
  {
    "id": "184221STK",
    "title": "Johma Oudekaas Pestosalade 175 g",
    "category": "Vleeswaren, kaas en tapas",
    "price": 3.89,
    "promoPrice": null,
    "pricePerUnit": "22.23 kg",
    "image": "https://www.jumbo.com/dam-images/fit-in/360x360/Products/10082025_1754787874228_1754787902022_184221_STK_08710506089370_C1N1.png",
    "available": true,
    "promoUntil": null
  },
  {
    "id": "557362DS",
    "title": "Crodino Biondo 6 x 175ml",
    "category": "Bier en wijn",
    "price": 10.39,
    "promoPrice": null,
    "pricePerUnit": "9.9 l",
    "image": "https://www.jumbo.com/dam-images/fit-in/360x360/Products/31072025_1753924715459_1753924723918_557362_DS_08000040720380_C1N1.png",
    "available": true,
    "promoUntil": null
  },
  {
    "id": "135928DSL",
    "title": "Lieblich – Witte Wijn 12 x 1 L",
    "category": "Bier en wijn",
    "price": 35.88,
    "promoPrice": null,
    "pricePerUnit": "2.99 l",
    "image": "https://www.jumbo.com/dam-images/fit-in/360x360/Products/135928DSL-1692282814970.png",
    "available": true,
    "promoUntil": null
  },
  {
    "id": "490311FLS",
    "title": "SPA FRUIT Niet-Bruisende Fruitige Frisdrank Strawberry Watermelon 1,25 L",
    "category": "Frisdrank en sappen",
    "price": 2.45,
    "promoPrice": null,
    "pricePerUnit": "1.96 l",
    "image": "https://www.jumbo.com/dam-images/fit-in/360x360/Products/20102023_1697764350053_1697764355736_490311_FLS_05410013810049_H1N1.png",
    "available": true,
    "promoUntil": null
  },
  {
    "id": "499167PAK",
    "title": "Klein Vriend - Rosé - 3 L",
    "category": "Bier en wijn",
    "price": 10.99,
    "promoPrice": null,
    "pricePerUnit": "3.66 l",
    "image": "https://www.jumbo.com/dam-images/fit-in/360x360/Products/07112023_1699367763041_1699367767698_4041584005995_1.png",
    "available": true,
    "promoUntil": null
  },
  {
    "id": "670279PAK",
    "title": "Lipton Ice Tea Peach Zero 4 x 250 ml",
    "category": "Frisdrank en sappen",
    "price": 3.59,
    "promoPrice": null,
    "pricePerUnit": "3.59 l",
    "image": "https://www.jumbo.com/dam-images/fit-in/360x360/Products/06032025_1741275176504_1741275182116_8711327641754_1.png",
    "available": true,
    "promoUntil": null
  },
  {
    "id": "515586STK",
    "title": "Jumbo Fries Suikerbrood 400 g",
    "category": "Brood en gebak",
    "price": 1.75,
    "promoPrice": null,
    "pricePerUnit": "4.38 kg",
    "image": "https://www.jumbo.com/dam-images/fit-in/360x360/Products/28062024_1719588830576_1719588834858_8711715837721_1.png",
    "available": true,
    "promoUntil": null
  },
  {
    "id": "547157PAK",
    "title": "Corona - Extra - Fles - 6 x 330ML",
    "category": "Bier en wijn",
    "price": 9.99,
    "promoPrice": 7.49,
    "pricePerUnit": "3.78 l",
    "image": "https://www.jumbo.com/dam-images/fit-in/360x360/Products/Simplification07CORExtraBotPack6x33clORI2Dc0c14faa-cee2-4806-b89e-503a34d5ef2e-1723473863859.png",
    "available": true,
    "promoUntil": "di 30 sep"
  },
  {
    "id": "653698ZK",
    "title": "Jumbo Aardappel Bolletjes 600 g",
    "category": "Diepvries",
    "price": 1.85,
    "promoPrice": null,
    "pricePerUnit": "3.08 kg",
    "image": "https://www.jumbo.com/dam-images/fit-in/360x360/Products/12122024_1734014886087_1734014906907_8718452793013_596.png",
    "available": true,
    "promoUntil": null
  },
  {
    "id": "517494DS",
    "title": "Mekkafood Frikandellen 10 x 70 g",
    "category": "Diepvries",
    "price": 3.0,
    "promoPrice": null,
    "pricePerUnit": "4.29 kg",
    "image": "https://www.jumbo.com/dam-images/fit-in/360x360/Products/17092025_1758071879198_1758071886362_517494_DS_04026279977573_C1N1.png",
    "available": true,
    "promoUntil": null
  },
  {
    "id": "686148KGR",
    "title": "Jumbo Leverkaas ca. 130 g",
    "category": "Vleeswaren, kaas en tapas",
    "price": 2.0,
    "promoPrice": null,
    "pricePerUnit": "15.38 kg",
    "image": "https://www.jumbo.com/dam-images/fit-in/360x360/Products/05062025_1749141166261_1749141174599_2369457000000_1.png",
    "available": true,
    "promoUntil": null
  },
  {
    "id": "558726TRA",
    "title": "Bavaria - Pils - Tray - 24 x 500ML",
    "category": "Bier en wijn",
    "price": 28.08,
    "promoPrice": null,
    "pricePerUnit": "2.34 l",
    "image": "https://www.jumbo.com/dam-images/fit-in/360x360/Products/558726_8714800046749_1_T1_184906TRA1691077032732.png",
    "available": true,
    "promoUntil": null
  },
  {
    "id": "185808PAK",
    "title": "Jumbo Mini Crackers Olijfolie en Oregano 8 x 5 Stuks",
    "category": "Koek, snoep, chocolade en chips",
    "price": 1.53,
    "promoPrice": null,
    "pricePerUnit": "6.12 kg",
    "image": "https://www.jumbo.com/dam-images/fit-in/360x360/Products/09082023_1691592918289_1691592984407_8718452205936_1.png",
    "available": true,
    "promoUntil": null
  },
  {
    "id": "707618STK",
    "title": "Jumbo Biologisch Courgette",
    "category": "Aardappelen, groente en fruit",
    "price": 1.09,
    "promoPrice": null,
    "pricePerUnit": "1.09 pieces",
    "image": "https://www.jumbo.com/dam-images/fit-in/360x360/Products/courgette1f2e62c9d-bedd-436c-adda-83335eb2e199-1696948120340.png",
    "available": true,
    "promoUntil": null
  },
  {
    "id": "656347STK",
    "title": "Smeerleverworst 2 x 150 g",
    "category": "Vleeswaren, kaas en tapas",
    "price": 0.99,
    "promoPrice": null,
    "pricePerUnit": "3.3 kg",
    "image": "https://www.jumbo.com/dam-images/fit-in/360x360/Products/20012025_1737380025602_1737380033603_8710889040524_1.png",
    "available": true,
    "promoUntil": null
  },
  {
    "id": "567000DS",
    "title": "Jumbo Italiaanse Fusili Salsa Rossa Verspakket 980 g",
    "category": "Wereldkeukens, kruiden, pasta en rijst",
    "price": 5.89,
    "promoPrice": null,
    "pricePerUnit": "6.21 kg",
    "image": "https://www.jumbo.com/dam-images/fit-in/360x360/Products/03092025_1756888443981_1756888450427_8718452745586_1.png",
    "available": true,
    "promoUntil": null
  },
  {
    "id": "428894FLS",
    "title": "SPA INTENSE Bruisend Natuurlijk Mineraalwater 1L",
    "category": "Frisdrank en sappen",
    "price": 1.05,
    "promoPrice": null,
    "pricePerUnit": "1.05 l",
    "image": "https://www.jumbo.com/dam-images/fit-in/360x360/Products/13082025_1755051499501_1755051504671_428894_FLS_05410013114697_H1N1.png",
    "available": true,
    "promoUntil": null
  },
  {
    "id": "677283CUP",
    "title": "Jumbo Dip & Smeer 195 g",
    "category": "Vleeswaren, kaas en tapas",
    "price": 1.84,
    "promoPrice": null,
    "pricePerUnit": "9.44 kg",
    "image": "https://www.jumbo.com/dam-images/fit-in/360x360/Products/28032025_1743175986246_1743176006328_8718452863402_596.png",
    "available": true,
    "promoUntil": null
  },
  {
    "id": "379295DS",
    "title": "Kinder Chocolate 24 Reepjes 300 g",
    "category": "Koek, snoep, chocolade en chips",
    "price": 4.69,
    "promoPrice": null,
    "pricePerUnit": "15.63 kg",
    "image": "https://www.jumbo.com/dam-images/fit-in/360x360/Products/02042025_1743561587835_1743561589837_379295_DS_08000500111581_A1N1.png",
    "available": true,
    "promoUntil": null
  },
  {
    "id": "653715STK",
    "title": "Jumbo Boerenmetworst 190g",
    "category": "Vleeswaren, kaas en tapas",
    "price": 2.79,
    "promoPrice": null,
    "pricePerUnit": "14.68 kg",
    "image": "https://www.jumbo.com/dam-images/fit-in/360x360/Products/13112024_1731515619498_1731515626805_8718452862382_1.png",
    "available": true,
    "promoUntil": null
  },
  {
    "id": "108653PAK",
    "title": "Bakker Joop Stroopwafels 12 Stuks 378 g",
    "category": "Koek, snoep, chocolade en chips",
    "price": 0.8,
    "promoPrice": null,
    "pricePerUnit": "2.12 kg",
    "image": "https://www.jumbo.com/dam-images/fit-in/360x360/Products/09082023_1691584705301_1691584711806_8710739489084_1.png",
    "available": true,
    "promoUntil": null
  },
  {
    "id": "157064FLS",
    "title": "Jumbo Extra Hygiene Handzeep 300 ml",
    "category": "Drogisterij en baby",
    "price": 1.75,
    "promoPrice": null,
    "pricePerUnit": "5.83 l",
    "image": "https://www.jumbo.com/dam-images/fit-in/360x360/Products/10082023_1691674928158_1691674974112_8718452091027_1.png",
    "available": false,
    "promoUntil": null
  },
  {
    "id": "428547FLS",
    "title": "Jumbo - Ice Tea - Zero Sugar - 1,5 L",
    "category": "Frisdrank en sappen",
    "price": 1.0,
    "promoPrice": null,
    "pricePerUnit": "0.67 l",
    "image": "https://www.jumbo.com/dam-images/fit-in/360x360/Products/10082023_1691675621823_1691675626869_8718452537488_1.png",
    "available": true,
    "promoUntil": null
  },
  {
    "id": "553413FLS",
    "title": "Lipton Ice Tea Peach 1500 ml",
    "category": "Frisdrank en sappen",
    "price": 3.69,
    "promoPrice": null,
    "pricePerUnit": "2.46 l",
    "image": "https://www.jumbo.com/dam-images/fit-in/360x360/Products/07062025_1749263508781_1749263546612_553413_FLS_08711327579064_H1N1.png",
    "available": true,
    "promoUntil": null
  },
  {
    "id": "157101PAK",
    "title": "Jumbo Café Noir Knapperige Biscuit met Koffieglacé 200 g",
    "category": "Koek, snoep, chocolade en chips",
    "price": 0.98,
    "promoPrice": null,
    "pricePerUnit": "4.9 kg",
    "image": "https://www.jumbo.com/dam-images/fit-in/360x360/Products/04072025_1751617974017_1751617978937_8718452071005_1.png",
    "available": true,
    "promoUntil": null
  },
  {
    "id": "487948PAK",
    "title": "Lipton Ice Tea Green Zero Sugar 1,5 L",
    "category": "Frisdrank en sappen",
    "price": 3.36,
    "promoPrice": null,
    "pricePerUnit": "2.24 l",
    "image": "https://www.jumbo.com/dam-images/fit-in/360x360/Products/03042025_1743648068317_1743648086374_487948_PAK_08711327547841_H1N1.png",
    "available": true,
    "promoUntil": null
  },
  {
    "id": "613321ZK",
    "title": "Doritos Cool American Tortilla Chips 272 gr",
    "category": "Koek, snoep, chocolade en chips",
    "price": 2.99,
    "promoPrice": null,
    "pricePerUnit": "10.99 kg",
    "image": "https://www.jumbo.com/dam-images/fit-in/360x360/Products/27032025_1743068013945_1743068018369_8710398510624_1.png",
    "available": true,
    "promoUntil": null
  },
  {
    "id": "593086PAK",
    "title": "Jumbo Tintelfris Mango-Ananas 1 Kcal - 1,5L",
    "category": "Frisdrank en sappen",
    "price": 1.29,
    "promoPrice": null,
    "pricePerUnit": "0.86 l",
    "image": "https://www.jumbo.com/dam-images/fit-in/360x360/Products/25032024_1711381577452_1711381615858_8718452773091_596.png",
    "available": true,
    "promoUntil": null
  },
  {
    "id": "640549STK",
    "title": "Zandvliet Gelderse Kookworst 500 g",
    "category": "Vleeswaren, kaas en tapas",
    "price": 3.85,
    "promoPrice": null,
    "pricePerUnit": "7.7 kg",
    "image": "https://www.jumbo.com/dam-images/fit-in/360x360/Products/29092023_1695995086516_1695995088471_87244267_1.png",
    "available": true,
    "promoUntil": null
  },
  {
    "id": "553403FLS",
    "title": "Lipton Ice Tea Sparkling Zero Sugar 1500 ml",
    "category": "Frisdrank en sappen",
    "price": 3.69,
    "promoPrice": null,
    "pricePerUnit": "2.46 l",
    "image": "https://www.jumbo.com/dam-images/fit-in/360x360/Products/05062025_1749094027229_1749094059260_553403_FLS_08711327586086_H1N1.png",
    "available": true,
    "promoUntil": null
  },
  {
    "id": "439603PAK",
    "title": "SPA FINESSE Natuurlijk Licht Bruisend Mineraalwater 6  x  50cl",
    "category": "Frisdrank en sappen",
    "price": 4.22,
    "promoPrice": null,
    "pricePerUnit": "1.41 l",
    "image": "https://www.jumbo.com/dam-images/fit-in/360x360/Products/09082023_1691595774651_1691595777509_5410013137528_1.png",
    "available": true,
    "promoUntil": null
  },
  {
    "id": "428009FLS",
    "title": "S.Pellegrino Licht Bruisend Natuurlijk Mineraalwater 1 L ",
    "category": "Frisdrank en sappen",
    "price": 1.29,
    "promoPrice": null,
    "pricePerUnit": "1.29 l",
    "image": "https://www.jumbo.com/dam-images/fit-in/360x360/Products/21032025_1742545972294_1742545976829_8002270986765_1.png",
    "available": true,
    "promoUntil": null
  },
  {
    "id": "516737BAK",
    "title": "Jumbo Spinazie met Cordon Bleu 500 g",
    "category": "Verse maaltijden en gemak",
    "price": 4.95,
    "promoPrice": null,
    "pricePerUnit": "9.9 kg",
    "image": "https://www.jumbo.com/dam-images/fit-in/360x360/Products/23092025_1758591389617_1758591394630_516737_BAK_08718452964819_C1N1.png",
    "available": true,
    "promoUntil": null
  },
  {
    "id": "524420DS",
    "title": "Toppits Aluminium Folie 10 m",
    "category": "Huishouden en dieren",
    "price": 3.63,
    "promoPrice": null,
    "pricePerUnit": "3.63 pieces",
    "image": "https://www.jumbo.com/dam-images/fit-in/360x360/Products/24092025_1758679239436_1758679242011_524420_DS_.png",
    "available": true,
    "promoUntil": null
  },
  {
    "id": "163474PAK",
    "title": "Jumbo Zuurkool Naturel 520 g",
    "category": "Aardappelen, groente en fruit",
    "price": 0.75,
    "promoPrice": null,
    "pricePerUnit": "1.5 kg",
    "image": "https://www.jumbo.com/dam-images/fit-in/360x360/Products/04042025_1743751985568_1743752009029_8718452461738_1.png",
    "available": true,
    "promoUntil": null
  },
  {
    "id": "675709KGR",
    "title": "Lamsboutplak ca. 300 g",
    "category": "Vlees, vis en vega",
    "price": 9.3,
    "promoPrice": null,
    "pricePerUnit": "30.99 kg",
    "image": "https://www.jumbo.com/dam-images/fit-in/360x360/Products/12122024_1734014803412_1734014810840_2378641000000_1.png",
    "available": true,
    "promoUntil": null
  },
  {
    "id": "513196DS",
    "title": "Knorr Wereldgerechten Italiaanse Lasagne Bolognese 192 g",
    "category": "Wereldkeukens, kruiden, pasta en rijst",
    "price": 4.55,
    "promoPrice": null,
    "pricePerUnit": "23.7 kg",
    "image": "https://www.jumbo.com/dam-images/fit-in/360x360/Products/19092025_1758292429855_1758292440651_8720182016836_1.png",
    "available": true,
    "promoUntil": null
  },
  {
    "id": "640588KGR",
    "title": "Jumbo Kipfilet Tuinkruiden ca. 125 g",
    "category": "Vleeswaren, kaas en tapas",
    "price": 3.5,
    "promoPrice": null,
    "pricePerUnit": "28.0 kg",
    "image": "https://www.jumbo.com/dam-images/fit-in/360x360/Products/30012025_1738251168259_1738251176065_2369920000000_1.png",
    "available": true,
    "promoUntil": null
  },
  {
    "id": "383965PAK",
    "title": "DubbelDrank Mango & Passievrucht 1 L",
    "category": "Frisdrank en sappen",
    "price": 2.49,
    "promoPrice": null,
    "pricePerUnit": "2.49 l",
    "image": "https://www.jumbo.com/dam-images/fit-in/360x360/Products/18092025_1758160476405_1758160517343_383965_PAK_08720157463030_C1N1.png",
    "available": true,
    "promoUntil": null
  },
  {
    "id": "189562DS",
    "title": "Mora Oven & Airfryer Kipnuggets 280 g",
    "category": "Diepvries",
    "price": 4.89,
    "promoPrice": null,
    "pricePerUnit": "17.46 kg",
    "image": "https://www.jumbo.com/dam-images/fit-in/360x360/Products/15052025_1747278470344_1747278489918_189562_DS_08710861994753_H1N1_R.png",
    "available": true,
    "promoUntil": null
  },
  {
    "id": "646509DS",
    "title": "Honig Macaroni Original 1kg",
    "category": "Wereldkeukens, kruiden, pasta en rijst",
    "price": 2.39,
    "promoPrice": null,
    "pricePerUnit": "2.39 kg",
    "image": "https://www.jumbo.com/dam-images/fit-in/360x360/Products/10052025_1746849690807_1746849694595_646509_DS_08715700126449_C1N1.png",
    "available": true,
    "promoUntil": null
  },
  {
    "id": "536551PAK",
    "title": "Grolsch - Premium Pilsner - Blik - 6 x 330ML",
    "category": "Bier en wijn",
    "price": 6.79,
    "promoPrice": null,
    "pricePerUnit": "3.43 l",
    "image": "https://www.jumbo.com/dam-images/fit-in/360x360/Products/08716700018772H1N1401f8eb0-7ca7-40ee-b4b7-066505f0dda0-1758094614330.png",
    "available": true,
    "promoUntil": null
  },
  {
    "id": "143858ZK",
    "title": "Aviko Pommes Frites 2,5 kg",
    "category": "Diepvries",
    "price": 5.63,
    "promoPrice": null,
    "pricePerUnit": "2.25 kg",
    "image": "https://www.jumbo.com/dam-images/fit-in/360x360/Products/15102024_1728999188516_1728999193127_8710449925322_1.png",
    "available": true,
    "promoUntil": null
  },
  {
    "id": "439020ZK",
    "title": "Jumbo Dropfruit Duo's 500 g",
    "category": "Koek, snoep, chocolade en chips",
    "price": 2.49,
    "promoPrice": null,
    "pricePerUnit": "4.98 kg",
    "image": "https://www.jumbo.com/dam-images/fit-in/360x360/Products/09082023_1691588919254_1691588929614_8718452533930_1.png",
    "available": true,
    "promoUntil": null
  },
  {
    "id": "629681PAK",
    "title": "Jumbo Cola Regular 6 x 500 ml",
    "category": "Frisdrank en sappen",
    "price": 2.29,
    "promoPrice": null,
    "pricePerUnit": "0.76 l",
    "image": "https://www.jumbo.com/dam-images/fit-in/360x360/Products/24092024_1727192005521_1727192013634_8718452829415_1.png",
    "available": true,
    "promoUntil": null
  },
  {
    "id": "546729ZK",
    "title": "Jumbo Bakkers Speculaas 600 g",
    "category": "Koek, snoep, chocolade en chips",
    "price": 1.48,
    "promoPrice": null,
    "pricePerUnit": "2.47 kg",
    "image": "https://www.jumbo.com/dam-images/fit-in/360x360/Products/07052024_1715099712877_1715099718939_8718452700387_1.png",
    "available": true,
    "promoUntil": null
  },
  {
    "id": "310722ZK",
    "title": "Jumbo Aardappelwedges Mild Gekruid met Schil 600 g",
    "category": "Diepvries",
    "price": 2.39,
    "promoPrice": null,
    "pricePerUnit": "3.98 kg",
    "image": "https://www.jumbo.com/dam-images/fit-in/360x360/Products/10082023_1691675073327_1691675125688_8718452432004_1.png",
    "available": true,
    "promoUntil": null
  },
  {
    "id": "305705STK",
    "title": "Jumbo - Tompouce - 4 Stuks",
    "category": "Brood en gebak",
    "price": 3.99,
    "promoPrice": null,
    "pricePerUnit": "1.0 pieces",
    "image": "https://www.jumbo.com/dam-images/fit-in/360x360/Products/04092025_1756996410650_1756996414376_8718452929177_1.png",
    "available": true,
    "promoUntil": null
  },
  {
    "id": "580159FLS",
    "title": "Karvan Cévitam Zero Aardbei Siroop 600 ml",
    "category": "Frisdrank en sappen",
    "price": 4.29,
    "promoPrice": null,
    "pricePerUnit": "7.15 l",
    "image": "https://www.jumbo.com/dam-images/fit-in/360x360/Products/24082025_1755997344911_1755997351764_580159_FLS_08710395948628_H1N1.png",
    "available": true,
    "promoUntil": null
  },
  {
    "id": "429671FLS",
    "title": "Royal Club Tonic Fles 1L",
    "category": "Frisdrank en sappen",
    "price": 2.49,
    "promoPrice": null,
    "pricePerUnit": "2.49 l",
    "image": "https://www.jumbo.com/dam-images/fit-in/360x360/Products/09082023_1691588126527_1691588151812_8715600244946_1.png",
    "available": true,
    "promoUntil": null
  },
  {
    "id": "417782PAK",
    "title": "Appelsientje Goudappeltje 1L",
    "category": "Frisdrank en sappen",
    "price": 2.89,
    "promoPrice": null,
    "pricePerUnit": "2.89 l",
    "image": "https://www.jumbo.com/dam-images/fit-in/360x360/Products/29062025_1751159305892_1751159350224_417782_PAK_08720157464334_C1N1.png",
    "available": true,
    "promoUntil": null
  },
  {
    "id": "135042PAK",
    "title": "Jumbo Tomatensap 1 L",
    "category": "Frisdrank en sappen",
    "price": 1.49,
    "promoPrice": null,
    "pricePerUnit": "1.49 l",
    "image": "https://www.jumbo.com/dam-images/fit-in/360x360/Products/29092023_1695995553027_1695995555571_8718452646685_1.png",
    "available": true,
    "promoUntil": null
  },
  {
    "id": "587981PAK",
    "title": "Jumbo XXL Sterk & Absorberend Keukenpapier 2 Lagen 1 Rol",
    "category": "Huishouden en dieren",
    "price": 3.99,
    "promoPrice": null,
    "pricePerUnit": "3.99 pieces",
    "image": "https://www.jumbo.com/dam-images/fit-in/360x360/Products/460419PAK134d3096e-12c0-4b0a-922f-154bd2618802-1698401009066.png",
    "available": true,
    "promoUntil": null
  },
  {
    "id": "182185POT",
    "title": "Jumbo Knoflook 50 g",
    "category": "Wereldkeukens, kruiden, pasta en rijst",
    "price": 2.32,
    "promoPrice": null,
    "pricePerUnit": "46.4 kg",
    "image": "https://www.jumbo.com/dam-images/fit-in/360x360/Products/12122024_1734014401022_1734014404265_87337303_1.png",
    "available": true,
    "promoUntil": null
  },
  {
    "id": "524202STK",
    "title": "Jumbo's - Schotel Volkoren - Verlaagd Koolhydraat - Knapperig en Vers",
    "category": "Brood en gebak",
    "price": 3.19,
    "promoPrice": null,
    "pricePerUnit": "3.19 pieces",
    "image": "https://www.jumbo.com/dam-images/fit-in/360x360/Products/14062024_1718368425909_1718368438633_8718452771998_2.png",
    "available": true,
    "promoUntil": null
  },
  {
    "id": "641203KGR",
    "title": "Jumbo Roasted Ham ca. 110 g",
    "category": "Vleeswaren, kaas en tapas",
    "price": 3.46,
    "promoPrice": null,
    "pricePerUnit": "31.5 kg",
    "image": "https://www.jumbo.com/dam-images/fit-in/360x360/Products/07072025_1751887996834_1751888002620_2353074000000_1.png",
    "available": true,
    "promoUntil": null
  },
  {
    "id": "609344KGR",
    "title": "Jumbo BBQ Spekfakkel ca. 250 g",
    "category": "Vlees, vis en vega",
    "price": 3.75,
    "promoPrice": null,
    "pricePerUnit": "14.99 kg",
    "image": "https://www.jumbo.com/dam-images/fit-in/360x360/Products/17042025_1744882429773_1744882434306_2369036000000_1.png",
    "available": true,
    "promoUntil": null
  },
  {
    "id": "481536DS",
    "title": "Jumbo Alaska Koolvisfilet 2 x 200 g",
    "category": "Diepvries",
    "price": 2.69,
    "promoPrice": null,
    "pricePerUnit": "6.73 kg",
    "image": "https://www.jumbo.com/dam-images/fit-in/360x360/Products/28092023_1695920841857_1695920847937_8718452581283_1.png",
    "available": true,
    "promoUntil": null
  },
  {
    "id": "670285DS",
    "title": "Jumbo Roomijs Bekers 8 Stuks",
    "category": "Diepvries",
    "price": 2.99,
    "promoPrice": null,
    "pricePerUnit": "3.74 l",
    "image": "https://www.jumbo.com/dam-images/fit-in/360x360/Products/10042025_1744295587107_1744295603722_8718452892495_596.png",
    "available": true,
    "promoUntil": null
  },
  {
    "id": "155265ZK",
    "title": "Kanjers Original Stroopwafels 10 Stuks",
    "category": "Koek, snoep, chocolade en chips",
    "price": 2.99,
    "promoPrice": null,
    "pricePerUnit": "7.48 kg",
    "image": "https://www.jumbo.com/dam-images/fit-in/360x360/Products/29092023_1695996140312_1695996143410_8710739491087_1.png",
    "available": true,
    "promoUntil": null
  },
  {
    "id": "486839ZK",
    "title": "Lay's Oven Baked Naturel Chips 150 gr",
    "category": "Koek, snoep, chocolade en chips",
    "price": 2.29,
    "promoPrice": null,
    "pricePerUnit": "15.27 kg",
    "image": "https://www.jumbo.com/dam-images/fit-in/360x360/Products/19062025_1750332793060_1750332798541_8710398160829_1.png",
    "available": true,
    "promoUntil": null
  },
  {
    "id": "87975BAK",
    "title": "Jumbo Saucijs Grof Kruidnagel Varken 4 Stuks",
    "category": "Vlees, vis en vega",
    "price": 3.29,
    "promoPrice": null,
    "pricePerUnit": "8.66 kg",
    "image": "https://www.jumbo.com/dam-images/fit-in/360x360/Products/07052025_1746606746793_1746606753876_8718452860227_1.png",
    "available": true,
    "promoUntil": null
  },
  {
    "id": "83400DSL",
    "title": "Doritos Bits Honing Bbq Chips 30 x 30 gr",
    "category": "Koek, snoep, chocolade en chips",
    "price": 12.63,
    "promoPrice": null,
    "pricePerUnit": "14.03 kg",
    "image": "https://www.jumbo.com/dam-images/fit-in/360x360/Products/83400DSL11fd1204d5-809e-4970-bf17-6a55e14cc763-1694699126279.png",
    "available": true,
    "promoUntil": null
  },
  {
    "id": "90128BAK",
    "title": "Johma Kip-Saté Salade 175 g",
    "category": "Vleeswaren, kaas en tapas",
    "price": 3.45,
    "promoPrice": null,
    "pricePerUnit": "19.71 kg",
    "image": "https://www.jumbo.com/dam-images/fit-in/360x360/Products/02012025_1735784688680_1735784699495_90128_BAK_08710506039146_C1N1.png",
    "available": true,
    "promoUntil": null
  },
  {
    "id": "429669FLS",
    "title": "7UP Refreshing Lemon & Lime Taste 1,5 L",
    "category": "Frisdrank en sappen",
    "price": 2.65,
    "promoPrice": null,
    "pricePerUnit": "1.77 l",
    "image": "https://www.jumbo.com/dam-images/fit-in/360x360/Products/23092025_1758593949811_1758593954588_429669_FLS_08715600247138_C1N1.png",
    "available": true,
    "promoUntil": null
  },
  {
    "id": "672790TRA",
    "title": "Jumbo Sous-Vide Pulled Chicken 400 g",
    "category": "Vlees, vis en vega",
    "price": 5.5,
    "promoPrice": null,
    "pricePerUnit": "13.75 kg",
    "image": "https://www.jumbo.com/dam-images/fit-in/360x360/Products/09092025_1757421318430_1757421331739_8718452902033_1.png",
    "available": true,
    "promoUntil": null
  },
  {
    "id": "505994DS",
    "title": "Knorr Wereldgerechten Lasagne Bolognese XXL Italiaanse 351 g",
    "category": "Wereldkeukens, kruiden, pasta en rijst",
    "price": 4.89,
    "promoPrice": null,
    "pricePerUnit": "13.93 kg",
    "image": "https://www.jumbo.com/dam-images/fit-in/360x360/Products/19092025_1758292429281_1758292438090_8720182017253_1.png",
    "available": true,
    "promoUntil": null
  },
  {
    "id": "679962STK",
    "title": "Jumbo Aubergine",
    "category": "Aardappelen, groente en fruit",
    "price": 0.85,
    "promoPrice": null,
    "pricePerUnit": "0.85 pieces",
    "image": "https://www.jumbo.com/dam-images/fit-in/360x360/Products/302246_8711715882189_1_T2_166230STK1691488203990.png",
    "available": true,
    "promoUntil": null
  },
  {
    "id": "47719STK",
    "title": "Parrano Geraspte Kaas Snippers Originale",
    "category": "Vleeswaren, kaas en tapas",
    "price": 2.59,
    "promoPrice": null,
    "pricePerUnit": "32.38 kg",
    "image": "https://www.jumbo.com/dam-images/fit-in/360x360/Products/10122024_1733799064982_1733799084597_47719_STK_08710477105543_C1N1.png",
    "available": true,
    "promoUntil": null
  },
  {
    "id": "428482FLS",
    "title": "Fuze Tea Green Iced Tea Mango Chamomile 1,25 L",
    "category": "Frisdrank en sappen",
    "price": 2.75,
    "promoPrice": null,
    "pricePerUnit": "2.2 l",
    "image": "https://www.jumbo.com/dam-images/fit-in/360x360/Products/22052025_1747878360561_1747878368213_428482_FLS_05000112646412_H1N1.png",
    "available": true,
    "promoUntil": null
  },
  {
    "id": "665783ZK",
    "title": "Jumbo Donut Cakes met Frambozensmaak 150 g",
    "category": "Koek, snoep, chocolade en chips",
    "price": 1.99,
    "promoPrice": null,
    "pricePerUnit": "13.27 kg",
    "image": "https://www.jumbo.com/dam-images/fit-in/360x360/Products/03032025_1741030349170_1741030356855_8718452879779_1.png",
    "available": true,
    "promoUntil": null
  },
  {
    "id": "237862STK",
    "title": "Jumbo Roerbakmix Thaise Stijl 400 g",
    "category": "Aardappelen, groente en fruit",
    "price": 2.49,
    "promoPrice": null,
    "pricePerUnit": "6.23 kg",
    "image": "https://www.jumbo.com/dam-images/fit-in/360x360/Products/29072024_1722270917412_1722270927376_8718452818358_1.png",
    "available": true,
    "promoUntil": null
  },
  {
    "id": "317238STK",
    "title": "Jumbo - Volkoren Brood Koolhydraatarm - Half",
    "category": "Brood en gebak",
    "price": 2.09,
    "promoPrice": null,
    "pricePerUnit": "5.23 kg",
    "image": "https://www.jumbo.com/dam-images/fit-in/360x360/Products/22042024_1713800059185_1713800069553_8718452610938_1.png",
    "available": true,
    "promoUntil": null
  },
  {
    "id": "575646STK",
    "title": "Jumbo Goudse Kaas 48+ Jong Belegen Plakken 190 g",
    "category": "Vleeswaren, kaas en tapas",
    "price": 2.49,
    "promoPrice": null,
    "pricePerUnit": "13.11 kg",
    "image": "https://www.jumbo.com/dam-images/fit-in/360x360/Products/13112023_1699893188751_1699893206642_8718452695140_1.png",
    "available": true,
    "promoUntil": null
  },
  {
    "id": "479209TRA",
    "title": "Olvarit 6+ Maanden Variatiemenu Fruit 12 x 200g",
    "category": "Drogisterij en baby",
    "price": 13.85,
    "promoPrice": null,
    "pricePerUnit": "5.77 kg",
    "image": "https://www.jumbo.com/dam-images/fit-in/360x360/Products/28062024_1719537102223_1719537107530_479209_TRA_08712400117357_H1N1.png",
    "available": true,
    "promoUntil": null
  },
  {
    "id": "687251STK",
    "title": "Jumbo Bleekselderij",
    "category": "Aardappelen, groente en fruit",
    "price": 1.25,
    "promoPrice": null,
    "pricePerUnit": "1.25 pieces",
    "image": "https://www.jumbo.com/dam-images/fit-in/360x360/Products/4311532626726T1f87de7a7-17c7-4f85-8be1-6e1858c6e6e2-1750428164884.png",
    "available": true,
    "promoUntil": null
  },
  {
    "id": "632373STK",
    "title": "Jumbo Kattenbakvulling Ultra Klontvormend 6 L",
    "category": "Huishouden en dieren",
    "price": 3.79,
    "promoPrice": null,
    "pricePerUnit": "0.63 l",
    "image": "https://www.jumbo.com/dam-images/fit-in/360x360/Products/12122024_1734014903791_1734014920776_8718452847112_596.png",
    "available": true,
    "promoUntil": null
  },
  {
    "id": "380409PAK",
    "title": "Affligem Blond Bier Fles 6 x 300ml",
    "category": "Bier en wijn",
    "price": 8.09,
    "promoPrice": null,
    "pricePerUnit": "4.49 l",
    "image": "https://www.jumbo.com/dam-images/fit-in/360x360/Products/21082025_1755761586684_1755761593178_8712000056643_1.png",
    "available": true,
    "promoUntil": null
  },
  {
    "id": "432364TUB",
    "title": "Red Band Smikkels 550g",
    "category": "Koek, snoep, chocolade en chips",
    "price": 4.94,
    "promoPrice": null,
    "pricePerUnit": "8.98 kg",
    "image": "https://www.jumbo.com/dam-images/fit-in/360x360/Products/06032024_1709695058084_1709695063772_432364_TUB_08713800135804_C1N1.png",
    "available": true,
    "promoUntil": null
  },
  {
    "id": "670489FLS",
    "title": "Robijn Intense Wasparfum Tropical 342 ml",
    "category": "Huishouden en dieren",
    "price": 6.99,
    "promoPrice": null,
    "pricePerUnit": "0.41 wb",
    "image": "https://www.jumbo.com/dam-images/fit-in/360x360/Products/02092025_1756778130439_1756778173120_670489_FLS_08720181577116_C1N1.png",
    "available": true,
    "promoUntil": null
  },
  {
    "id": "639286ZK",
    "title": "Jumbo Gesneden Uien 250 g",
    "category": "Aardappelen, groente en fruit",
    "price": 2.29,
    "promoPrice": null,
    "pricePerUnit": "9.16 kg",
    "image": "https://www.jumbo.com/dam-images/fit-in/360x360/Products/07022025_1738956793877_1738956803592_8718452789696_1.png",
    "available": true,
    "promoUntil": null
  },
  {
    "id": "183734FLS",
    "title": "Jumbo Boomgaard Appelsap 1 L",
    "category": "Frisdrank en sappen",
    "price": 2.49,
    "promoPrice": null,
    "pricePerUnit": "2.49 l",
    "image": "https://www.jumbo.com/dam-images/fit-in/360x360/Products/29092023_1695995420741_1695995422929_8718452644674_1.png",
    "available": true,
    "promoUntil": null
  },
  {
    "id": "380145TUB",
    "title": "Red Band Smullers 525 g",
    "category": "Koek, snoep, chocolade en chips",
    "price": 4.94,
    "promoPrice": null,
    "pricePerUnit": "9.41 kg",
    "image": "https://www.jumbo.com/dam-images/fit-in/360x360/Products/21112024_1732214240333_1732214248694_8713800135811_1.png",
    "available": true,
    "promoUntil": null
  },
  {
    "id": "684377DS",
    "title": "Jumbo Cornets Vanille Smaak 8 Stuks",
    "category": "Diepvries",
    "price": 2.19,
    "promoPrice": null,
    "pricePerUnit": "2.28 l",
    "image": "https://www.jumbo.com/dam-images/fit-in/360x360/Products/16042025_1744817610063_1744817627554_8718452896318_596.png",
    "available": true,
    "promoUntil": null
  },
  {
    "id": "382002DSL",
    "title": "Jumbo Luiers Maat 5 11-16 kg 3 x 64 Stuks - Voordeelverpakking",
    "category": "Drogisterij en baby",
    "price": 27.57,
    "promoPrice": null,
    "pricePerUnit": "0.14 pieces",
    "image": "https://www.jumbo.com/dam-images/fit-in/360x360/Products/382002DSL-1692279008105.png",
    "available": true,
    "promoUntil": null
  },
  {
    "id": "447796DS",
    "title": "Romed Blue Nitrile Handschoenen Poedervrij M - 100 Stuks",
    "category": "Drogisterij en baby",
    "price": 18.49,
    "promoPrice": null,
    "pricePerUnit": "0.18 pieces",
    "image": "https://www.jumbo.com/dam-images/fit-in/360x360/Products/447796_8717202439409_1_T1_447796DS1691166925344.png",
    "available": true,
    "promoUntil": null
  },
  {
    "id": "169812TRA",
    "title": "Jumbo Spritsen met Advocaatsmaak 175 g",
    "category": "Koek, snoep, chocolade en chips",
    "price": 1.99,
    "promoPrice": null,
    "pricePerUnit": "11.37 kg",
    "image": "https://www.jumbo.com/dam-images/fit-in/360x360/Products/18092023_1695049169862_1695049175077_8718452405602_1.png",
    "available": true,
    "promoUntil": null
  },
  {
    "id": "554234ZK",
    "title": "Jumbo Eierkoeken 4 Stuks",
    "category": "Koek, snoep, chocolade en chips",
    "price": 2.59,
    "promoPrice": null,
    "pricePerUnit": "8.63 kg",
    "image": "https://www.jumbo.com/dam-images/fit-in/360x360/Products/21112023_1700580789181_1700580801542_8718452709465_1.png",
    "available": true,
    "promoUntil": null
  },
  {
    "id": "380408PAK",
    "title": "Affligem Blond 0.0 Bier Fles 6 x 300ml",
    "category": "Bier en wijn",
    "price": 7.49,
    "promoPrice": null,
    "pricePerUnit": "4.16 l",
    "image": "https://www.jumbo.com/dam-images/fit-in/360x360/Products/21082025_1755761586577_1755761592227_8712000056650_1.png",
    "available": true,
    "promoUntil": null
  },
  {
    "id": "676458FLS",
    "title": "Dreft 3in1 Power Spray, Citroen, 500 ML",
    "category": "Huishouden en dieren",
    "price": 7.99,
    "promoPrice": null,
    "pricePerUnit": "15.98 l",
    "image": "https://www.jumbo.com/dam-images/fit-in/360x360/Products/15082025_1755216056382_1755216061396_8700216591010_1.png",
    "available": true,
    "promoUntil": null
  },
  {
    "id": "444568FLS",
    "title": "Robijn Klein & Krachtig Classics Vloeibaar Wasmiddel Color Morgenfris 19 wasbeurten",
    "category": "Huishouden en dieren",
    "price": 17.49,
    "promoPrice": null,
    "pricePerUnit": "0.92 wb",
    "image": "https://www.jumbo.com/dam-images/fit-in/360x360/Products/23092025_1758589857728_1758589882428_444568_FLS_08720181105203_H1N1.png",
    "available": true,
    "promoUntil": null
  },
  {
    "id": "64554DS",
    "title": "Iglo Spinazie à la crème 750 g",
    "category": "Diepvries",
    "price": 2.0,
    "promoPrice": null,
    "pricePerUnit": "2.67 kg",
    "image": "https://www.jumbo.com/dam-images/fit-in/360x360/Products/08717774262702C1N1e1c0ca18-96d2-4a78-a5ee-7c601bbb8e9d-1749022356620.png",
    "available": true,
    "promoUntil": null
  },
  {
    "id": "579345ZK",
    "title": "Lay's Hamka's Chips 170 g",
    "category": "Koek, snoep, chocolade en chips",
    "price": 2.49,
    "promoPrice": null,
    "pricePerUnit": "14.65 kg",
    "image": "https://www.jumbo.com/dam-images/fit-in/360x360/Products/07022025_1738956774981_1738956779061_8710398512536_1.png",
    "available": true,
    "promoUntil": null
  },
  {
    "id": "704034DSL",
    "title": "Robijn Classics 3-in-1 Wascapsules Color - 3 x 26 wasbeurten",
    "category": "Huishouden en dieren",
    "price": 56.07,
    "promoPrice": 28.03,
    "pricePerUnit": "0.72 wb",
    "image": "https://www.jumbo.com/dam-images/fit-in/360x360/Products/08720181747830H1N13c579943-3161-4514-a342-c461916476fa-1753099373397.png",
    "available": true,
    "promoUntil": "di 7 okt"
  },
  {
    "id": "789380STK",
    "title": "Danone Hüttenkäse 200g",
    "category": "Vleeswaren, kaas en tapas",
    "price": 1.99,
    "promoPrice": null,
    "pricePerUnit": "9.95 kg",
    "image": "https://www.jumbo.com/dam-images/fit-in/360x360/Products/25022025_1740451289084_1740451295448_789380_STK_00000040097138_H1N1.png",
    "available": true,
    "promoUntil": null
  },
  {
    "id": "153957ROL",
    "title": "Jumbo Krokante Marie Biscuit Knapperige Koek 200 g",
    "category": "Koek, snoep, chocolade en chips",
    "price": 1.39,
    "promoPrice": null,
    "pricePerUnit": "6.95 kg",
    "image": "https://www.jumbo.com/dam-images/fit-in/360x360/Products/09092025_1757424786455_1757424791048_8718452065431_1.png",
    "available": true,
    "promoUntil": null
  },
  {
    "id": "674455FLS",
    "title": "Jumbo Fruitsiroop Bosvruchten met Appel 750ML",
    "category": "Frisdrank en sappen",
    "price": 3.49,
    "promoPrice": null,
    "pricePerUnit": "4.65 l",
    "image": "https://www.jumbo.com/dam-images/fit-in/360x360/Products/10072025_1752154383857_1752154394743_8718452889129_596.png",
    "available": true,
    "promoUntil": null
  },
  {
    "id": "635604ZK",
    "title": "Jumbo Ovengroente Courgette, Paprika & Wortel 600 g",
    "category": "Aardappelen, groente en fruit",
    "price": 3.99,
    "promoPrice": null,
    "pricePerUnit": "6.65 kg",
    "image": "https://www.jumbo.com/dam-images/fit-in/360x360/Products/19082024_1724077999041_1724078005948_8718452852178_1.png",
    "available": true,
    "promoUntil": null
  },
  {
    "id": "608969PAK",
    "title": "DubbelFrisss Boost Ananas - Mango 1,5L",
    "category": "Frisdrank en sappen",
    "price": 1.99,
    "promoPrice": null,
    "pricePerUnit": "1.33 l",
    "image": "https://www.jumbo.com/dam-images/fit-in/360x360/Products/26052025_1748277173022_1748277177258_8720157402008_1.png",
    "available": true,
    "promoUntil": null
  },
  {
    "id": "160515STK",
    "title": "Jumbo Limoenen 3 Stuks",
    "category": "Aardappelen, groente en fruit",
    "price": 1.09,
    "promoPrice": null,
    "pricePerUnit": "0.36 pieces",
    "image": "https://www.jumbo.com/dam-images/fit-in/360x360/Products/10082023_1691674956902_1691674993696_8718449059207_1.png",
    "available": true,
    "promoUntil": null
  },
  {
    "id": "674325PAK",
    "title": "Milka Mmmax Chocoladereep Alpenmelk 250g",
    "category": "Koek, snoep, chocolade en chips",
    "price": 3.95,
    "promoPrice": null,
    "pricePerUnit": "15.8 kg",
    "image": "https://www.jumbo.com/dam-images/fit-in/360x360/Products/05082025_1754408032024_1754408036549_7622202257759_596.png",
    "available": true,
    "promoUntil": null
  },
  {
    "id": "645627BAK",
    "title": "Jumbo Kip Borrelhapjes Sweet Chilli 500 g",
    "category": "Vlees, vis en vega",
    "price": 4.0,
    "promoPrice": null,
    "pricePerUnit": "8.0 kg",
    "image": "https://www.jumbo.com/dam-images/fit-in/360x360/Products/13112024_1731515619173_1731515627621_8718452815814_1.png",
    "available": true,
    "promoUntil": null
  },
  {
    "id": "510553ZK",
    "title": "Jumbo Gebroken Sperziebonen 200 g",
    "category": "Aardappelen, groente en fruit",
    "price": 1.99,
    "promoPrice": null,
    "pricePerUnit": "9.95 kg",
    "image": "https://www.jumbo.com/dam-images/fit-in/360x360/Products/31052024_1717151660365_1717151667365_8718452773299_1.png",
    "available": true,
    "promoUntil": null
  },
  {
    "id": "515082KGR",
    "title": "Jumbo Kip Drumsticks 4 Stuks",
    "category": "Vlees, vis en vega",
    "price": 3.32,
    "promoPrice": null,
    "pricePerUnit": "6.65 kg",
    "image": "https://www.jumbo.com/dam-images/fit-in/360x360/Products/04072025_1751617993407_1751617999499_2378593000000_1.png",
    "available": true,
    "promoUntil": null
  },
  {
    "id": "417824STK",
    "title": "Jumbo - Rond Spelt - Half - Knapperig en Vers",
    "category": "Brood en gebak",
    "price": 1.0,
    "promoPrice": null,
    "pricePerUnit": "2.0 pieces",
    "image": "https://www.jumbo.com/dam-images/fit-in/360x360/Products/28092023_1695922159860_1695922166820_8718452771806_2.png",
    "available": true,
    "promoUntil": null
  },
  {
    "id": "635171DS",
    "title": "Jumbo Soeppakket Mosterdsoep 4-6 Personen",
    "category": "Verse maaltijden en gemak",
    "price": 4.79,
    "promoPrice": 2.99,
    "pricePerUnit": "3.05 kg",
    "image": "https://www.jumbo.com/dam-images/fit-in/360x360/Products/03102024_1727965969701_1727965978307_8718452853557_1.png",
    "available": true,
    "promoUntil": "di 30 sep"
  },
  {
    "id": "568487DSL",
    "title": "Croky Chips Naturel 45g",
    "category": "Koek, snoep, chocolade en chips",
    "price": 12.2,
    "promoPrice": null,
    "pricePerUnit": "13.56 kg",
    "image": "https://www.jumbo.com/dam-images/fit-in/360x360/Products/crokynaturel7e139cb7-743e-4df3-8e75-eb8fbdf246b9-1720600362825.png",
    "available": true,
    "promoUntil": null
  },
  {
    "id": "275068PAK",
    "title": "Brand IPA 0.0 Bier Fles 6 x 300ml",
    "category": "Bier en wijn",
    "price": 8.55,
    "promoPrice": null,
    "pricePerUnit": "4.75 l",
    "image": "https://www.jumbo.com/dam-images/fit-in/360x360/Products/07012025_1736267673196_1736267680665_8723200102375_1.png",
    "available": true,
    "promoUntil": null
  },
  {
    "id": "681209TRA",
    "title": "Jumbo Falafel Naturel 200g",
    "category": "Vlees, vis en vega",
    "price": 1.55,
    "promoPrice": null,
    "pricePerUnit": "7.75 kg",
    "image": "https://www.jumbo.com/dam-images/fit-in/360x360/Products/26062024_1719405183383_1719405191285_8718452698936_1.png",
    "available": true,
    "promoUntil": null
  },
  {
    "id": "177272DS",
    "title": "Bel'Chic Premium Quality Belgian Chocolates 350 g",
    "category": "Koek, snoep, chocolade en chips",
    "price": 3.89,
    "promoPrice": null,
    "pricePerUnit": "11.11 kg",
    "image": "https://www.jumbo.com/dam-images/fit-in/360x360/Products/09082023_1691584852904_1691584862891_5410348741742_1.png",
    "available": true,
    "promoUntil": null
  },
  {
    "id": "73903DS",
    "title": "Jumbo Pizza Funghi 365 g",
    "category": "Diepvries",
    "price": 2.49,
    "promoPrice": null,
    "pricePerUnit": "6.82 kg",
    "image": "https://www.jumbo.com/dam-images/fit-in/360x360/Products/14022024_1707873087297_1707873103014_8718452660117_1.png",
    "available": true,
    "promoUntil": null
  },
  {
    "id": "159388PAK",
    "title": "Jumbo Biologisch Citroen 2 Stuks",
    "category": "Aardappelen, groente en fruit",
    "price": 1.29,
    "promoPrice": null,
    "pricePerUnit": "0.65 pieces",
    "image": "https://www.jumbo.com/dam-images/fit-in/360x360/Products/04122023_1701702849005_1701702862560_8718452694266_1.png",
    "available": true,
    "promoUntil": null
  },
  {
    "id": "344571ZK",
    "title": "Aviko Dunne Friet Supercrunch Airfryer",
    "category": "Diepvries",
    "price": 2.5,
    "promoPrice": null,
    "pricePerUnit": "3.33 kg",
    "image": "https://www.jumbo.com/dam-images/fit-in/360x360/Products/15102024_1728999189171_1728999196371_8710449947362_1.png",
    "available": true,
    "promoUntil": null
  },
  {
    "id": "670666KGR",
    "title": "Jumbo Yorkham ca. 110 g",
    "category": "Vleeswaren, kaas en tapas",
    "price": 3.0,
    "promoPrice": null,
    "pricePerUnit": "27.27 kg",
    "image": "https://www.jumbo.com/dam-images/fit-in/360x360/Products/14022025_1739539374488_1739539380728_2348667000000_1.png",
    "available": true,
    "promoUntil": null
  },
  {
    "id": "498382PAK",
    "title": "DubbelFrisss Framboos & Cranberry met Appel 1,5 L",
    "category": "Frisdrank en sappen",
    "price": 2.89,
    "promoPrice": null,
    "pricePerUnit": "1.93 l",
    "image": "https://www.jumbo.com/dam-images/fit-in/360x360/Products/04092025_1756996411058_1756996414881_8720157467519_1.png",
    "available": true,
    "promoUntil": null
  },
  {
    "id": "665155ZK",
    "title": "Jumbo Mini Appelkoeken met Roomboter 270 g",
    "category": "Koek, snoep, chocolade en chips",
    "price": 1.79,
    "promoPrice": null,
    "pricePerUnit": "6.63 kg",
    "image": "https://www.jumbo.com/dam-images/fit-in/360x360/Products/28022025_1740753169646_1740753176257_8718452863167_1.png",
    "available": true,
    "promoUntil": null
  },
  {
    "id": "382002ZK",
    "title": "Jumbo Luiers Maat 5 11-16 kg Voordeelverpakking 64 Stuks",
    "category": "Drogisterij en baby",
    "price": 9.19,
    "promoPrice": null,
    "pricePerUnit": "0.14 pieces",
    "image": "https://www.jumbo.com/dam-images/fit-in/360x360/Products/29092023_1695996357631_1695996364095_8718452668281_1.png",
    "available": true,
    "promoUntil": null
  },
  {
    "id": "79145DSL",
    "title": "Waterval - Cabernet Sauvignon - Merlot 6 x 750 ml",
    "category": "Bier en wijn",
    "price": 31.74,
    "promoPrice": null,
    "pricePerUnit": "7.05 l",
    "image": "https://www.jumbo.com/dam-images/fit-in/360x360/Products/17032025_1742211312798_1742211319865_16001506900604_1.png",
    "available": true,
    "promoUntil": null
  },
  {
    "id": "584226STK",
    "title": "Jumbo Coburger Gerookt 150 g",
    "category": "Vleeswaren, kaas en tapas",
    "price": 2.69,
    "promoPrice": null,
    "pricePerUnit": "17.93 kg",
    "image": "https://www.jumbo.com/dam-images/fit-in/360x360/Products/12122024_1734014742966_1734014752423_8718452748815_1.png",
    "available": true,
    "promoUntil": null
  },
  {
    "id": "617476ZK",
    "title": "Milner Jong Belegen 30+ Kaas Plakken",
    "category": "Vleeswaren, kaas en tapas",
    "price": 3.19,
    "promoPrice": null,
    "pricePerUnit": "21.27 kg",
    "image": "https://www.jumbo.com/dam-images/fit-in/360x360/Products/18112024_1731918756311_1731918778298_8710912016540_6.png",
    "available": true,
    "promoUntil": null
  },
  {
    "id": "629543DSL",
    "title": "Glorix Blauw Water Magnolia WC Blok 7 x 48 g",
    "category": "Huishouden en dieren",
    "price": 31.85,
    "promoPrice": 15.92,
    "pricePerUnit": "2.27 pieces",
    "image": "https://www.jumbo.com/dam-images/fit-in/360x360/Products/629543DSL15463580f-1382-40d9-82d8-0a3b937e60ca-1724058681145.png",
    "available": true,
    "promoUntil": "di 7 okt"
  },
  {
    "id": "449573POT",
    "title": "Jumbo Groene Olijven Zonder Pit 340 g",
    "category": "Vleeswaren, kaas en tapas",
    "price": 1.65,
    "promoPrice": null,
    "pricePerUnit": "9.71 kg",
    "image": "https://www.jumbo.com/dam-images/fit-in/360x360/Products/09082023_1691588920038_1691588928164_8718452552450_1.png",
    "available": true,
    "promoUntil": null
  },
  {
    "id": "481711DS",
    "title": "Dr. Oetker Ristorante Pizza Barbecue 340 g",
    "category": "Diepvries",
    "price": 4.69,
    "promoPrice": null,
    "pricePerUnit": "13.79 kg",
    "image": "https://www.jumbo.com/dam-images/fit-in/360x360/Products/17042025_1744854504904_1744854511795_481711_DS_04001724039501_C1N1_s02.png",
    "available": true,
    "promoUntil": null
  },
  {
    "id": "688643FLS",
    "title": "Robijn Wasverzachter Morgenfris 780ML",
    "category": "Huishouden en dieren",
    "price": 6.79,
    "promoPrice": null,
    "pricePerUnit": "0.17 wb",
    "image": "https://www.jumbo.com/dam-images/fit-in/360x360/Products/27082025_1756258798955_1756258809728_688643_FLS_08720181633034_C1N1.png",
    "available": true,
    "promoUntil": null
  },
  {
    "id": "481818ZK",
    "title": "Jumbo Pittige Chorizo Droge Worst 250 g",
    "category": "Vleeswaren, kaas en tapas",
    "price": 2.81,
    "promoPrice": null,
    "pricePerUnit": "11.24 kg",
    "image": "https://www.jumbo.com/dam-images/fit-in/360x360/Products/10082023_1691676435479_1691676440774_8718452606801_1.png",
    "available": true,
    "promoUntil": null
  },
  {
    "id": "887846PAK",
    "title": "Grand'Italia Spaghetti Tradizionali 500 g",
    "category": "Wereldkeukens, kruiden, pasta en rijst",
    "price": 1.25,
    "promoPrice": null,
    "pricePerUnit": "2.5 kg",
    "image": "https://www.jumbo.com/dam-images/fit-in/360x360/Products/13092025_1757730522705_1757730528298_887846_PAK_08000050840825_C1N1.png",
    "available": true,
    "promoUntil": null
  },
  {
    "id": "270650STK",
    "title": "Jumbo Volkoren Biscuit 300 g",
    "category": "Koek, snoep, chocolade en chips",
    "price": 0.82,
    "promoPrice": null,
    "pricePerUnit": "2.73 kg",
    "image": "https://www.jumbo.com/dam-images/fit-in/360x360/Products/11112024_1731324766240_1731324779725_8718452577705_596.png",
    "available": true,
    "promoUntil": null
  },
  {
    "id": "620748CUP",
    "title": "Jumbo Olijven Knoflook 140 g",
    "category": "Vleeswaren, kaas en tapas",
    "price": 2.19,
    "promoPrice": null,
    "pricePerUnit": "15.64 kg",
    "image": "https://www.jumbo.com/dam-images/fit-in/360x360/Products/22072024_1721659043140_1721659052107_8718452846917_1.png",
    "available": true,
    "promoUntil": null
  },
  {
    "id": "603219KGR",
    "title": "Wapenaer Goudse Kaas met Komijn Belegen 48+ Stuk ca. 325 g",
    "category": "Vleeswaren, kaas en tapas",
    "price": 6.5,
    "promoPrice": null,
    "pricePerUnit": "19.99 kg",
    "image": "https://www.jumbo.com/dam-images/fit-in/360x360/Products/24042025_1745494386459_1745494395005_2348982000000_1.png",
    "available": true,
    "promoUntil": null
  },
  {
    "id": "213005NET",
    "title": "Jumbo Rode Uien 500 g",
    "category": "Aardappelen, groente en fruit",
    "price": 1.09,
    "promoPrice": null,
    "pricePerUnit": "2.18 kg",
    "image": "https://www.jumbo.com/dam-images/fit-in/360x360/Products/09082023_1691585249774_1691585257963_8711715871459_1.png",
    "available": true,
    "promoUntil": null
  },
  {
    "id": "639990FLS",
    "title": "Jumbo 100% Sap Sinaasappel met Vruchtvlees 1 L",
    "category": "Frisdrank en sappen",
    "price": 2.99,
    "promoPrice": null,
    "pricePerUnit": "2.99 l",
    "image": "https://www.jumbo.com/dam-images/fit-in/360x360/Products/21112024_1732214242224_1732214246290_8718452846672_1.png",
    "available": true,
    "promoUntil": null
  },
  {
    "id": "669569FLS",
    "title": "Ariel Vloeibaar Wasmiddel +Color Protect, 20 Wasbeurten",
    "category": "Huishouden en dieren",
    "price": 13.99,
    "promoPrice": null,
    "pricePerUnit": "0.7 wb",
    "image": "https://www.jumbo.com/dam-images/fit-in/360x360/Products/14082025_1755200014869_1755200018080_8700216604543_1.png",
    "available": true,
    "promoUntil": null
  },
  {
    "id": "492879STK",
    "title": "Jumbo Parmigiano Reggiano Kaas 200 g",
    "category": "Vleeswaren, kaas en tapas",
    "price": 5.79,
    "promoPrice": null,
    "pricePerUnit": "28.95 kg",
    "image": "https://www.jumbo.com/dam-images/fit-in/360x360/Products/28082025_1756366389017_1756366393307_8718452637416_1.png",
    "available": true,
    "promoUntil": null
  },
  {
    "id": "214602STK",
    "title": "Celebrations Chocolaatjes mix cadeau uitdeelverpakking 196g",
    "category": "Koek, snoep, chocolade en chips",
    "price": 4.79,
    "promoPrice": null,
    "pricePerUnit": "24.44 kg",
    "image": "https://www.jumbo.com/dam-images/fit-in/360x360/Products/15052025_1747330446304_1747330496736_5000159500845_596.png",
    "available": true,
    "promoUntil": null
  },
  {
    "id": "452315STK",
    "title": "Unicura Balance Antibacteriële Handzeep 250 ml",
    "category": "Drogisterij en baby",
    "price": 3.29,
    "promoPrice": null,
    "pricePerUnit": "13.16 l",
    "image": "https://www.jumbo.com/dam-images/fit-in/360x360/Products/18052024_1715997188740_1715997191460_452315_STK_08718951455054_C1N1.png",
    "available": true,
    "promoUntil": null
  },
  {
    "id": "434372PKL",
    "title": "Fanta Orange 12 x 500ml",
    "category": "Frisdrank en sappen",
    "price": 21.29,
    "promoPrice": null,
    "pricePerUnit": "3.55 l",
    "image": "https://www.jumbo.com/dam-images/fit-in/360x360/Products/434372PKL-1692282864218.png",
    "available": true,
    "promoUntil": null
  },
  {
    "id": "642376DS",
    "title": "Jumbo Wit Waspoeder 1,8 kg 30 Wasbeurten",
    "category": "Huishouden en dieren",
    "price": 4.15,
    "promoPrice": null,
    "pricePerUnit": "0.14 wb",
    "image": "https://www.jumbo.com/dam-images/fit-in/360x360/Products/26082024_1724679254562_1724679270552_8718452843169_596.png",
    "available": true,
    "promoUntil": null
  },
  {
    "id": "438327NET",
    "title": "Jumbo Uien 2 Stuks",
    "category": "Aardappelen, groente en fruit",
    "price": 0.59,
    "promoPrice": null,
    "pricePerUnit": "0.3 pieces",
    "image": "https://www.jumbo.com/dam-images/fit-in/360x360/Products/09082023_1691585252854_1691585261371_8718452343355_1.png",
    "available": true,
    "promoUntil": null
  },
  {
    "id": "225248DS",
    "title": "Mora Crispy Chick'n Original 240 g",
    "category": "Diepvries",
    "price": 3.99,
    "promoPrice": null,
    "pricePerUnit": "16.63 kg",
    "image": "https://www.jumbo.com/dam-images/fit-in/360x360/Products/12042024_1712883749849_1712883764397_225248_DS_08710861912382_C1N1_s03.png",
    "available": true,
    "promoUntil": null
  },
  {
    "id": "677735BUS",
    "title": "Dove Advanced Care Anti-Transpirant Deodorant Spray Original 150 ml",
    "category": "Drogisterij en baby",
    "price": 5.49,
    "promoPrice": null,
    "pricePerUnit": "36.6 l",
    "image": "https://www.jumbo.com/dam-images/fit-in/360x360/Products/05042025_1743816753665_1743816764729_677735_BUS_08720181564734_C1N1.png",
    "available": true,
    "promoUntil": null
  },
  {
    "id": "603682STK",
    "title": "Jumbo Pedaalemmerzakken 30 L met Trekband 25 Stuks",
    "category": "Huishouden en dieren",
    "price": 2.49,
    "promoPrice": null,
    "pricePerUnit": "0.1 pieces",
    "image": "https://www.jumbo.com/dam-images/fit-in/360x360/Products/28022025_1740753169413_1740753181142_8718452758722_596.png",
    "available": true,
    "promoUntil": null
  },
  {
    "id": "395037ZK",
    "title": "Jumbo Geraspte Kaas Jong 48+ 175 g",
    "category": "Vleeswaren, kaas en tapas",
    "price": 3.39,
    "promoPrice": null,
    "pricePerUnit": "19.37 kg",
    "image": "https://www.jumbo.com/dam-images/fit-in/360x360/Products/11032025_1741699988017_1741699995331_8718452695249_1.png",
    "available": true,
    "promoUntil": null
  },
  {
    "id": "558544ZK",
    "title": "Doritos Sweet Chilli Pepper Tortilla Chips 170 gr",
    "category": "Koek, snoep, chocolade en chips",
    "price": 2.29,
    "promoPrice": null,
    "pricePerUnit": "13.47 kg",
    "image": "https://www.jumbo.com/dam-images/fit-in/360x360/Products/DoritosSweetChilliPepper170gHERO08710398162045H1N10a5f30e6-c300-47c0-b978-824e4bdd5c01-1754392869233.png",
    "available": true,
    "promoUntil": null
  },
  {
    "id": "617352PAK",
    "title": "Wicky Smaak Framboos 0% Suiker 6 x 200 ml",
    "category": "Frisdrank en sappen",
    "price": 1.99,
    "promoPrice": null,
    "pricePerUnit": "1.66 l",
    "image": "https://www.jumbo.com/dam-images/fit-in/360x360/Products/14082025_1755136324340_1755136330325_617352_PAK_08711900018973_A1N1.png",
    "available": true,
    "promoUntil": null
  },
  {
    "id": "670711ZK",
    "title": "Duyvis Borrelnootjes Provencale Pinda Noten 500 gr",
    "category": "Koek, snoep, chocolade en chips",
    "price": 4.39,
    "promoPrice": null,
    "pricePerUnit": "8.78 kg",
    "image": "https://www.jumbo.com/dam-images/fit-in/360x360/Products/16072025_1752661986841_1752661992983_8710398530783_1.png",
    "available": true,
    "promoUntil": null
  },
  {
    "id": "638607STK",
    "title": "Lezziz Kalkoen Salami 100 g",
    "category": "Vleeswaren, kaas en tapas",
    "price": 2.29,
    "promoPrice": null,
    "pricePerUnit": "22.9 kg",
    "image": "https://www.jumbo.com/dam-images/fit-in/360x360/Products/15102024_1728977646154_1728977652042_8719189104400_1.png",
    "available": true,
    "promoUntil": null
  },
  {
    "id": "230681ZK",
    "title": "Jumbo Biologisch Gewassen Spinazie 200 g",
    "category": "Aardappelen, groente en fruit",
    "price": 2.79,
    "promoPrice": null,
    "pricePerUnit": "13.95 kg",
    "image": "https://www.jumbo.com/dam-images/fit-in/360x360/Products/31052024_1717151657573_1717151663703_8718452828999_1.png",
    "available": true,
    "promoUntil": null
  },
  {
    "id": "671307ROL",
    "title": "Jumbo Fruitbiscuits Bosvruchtensmaak 6 x 3 Stuks",
    "category": "Koek, snoep, chocolade en chips",
    "price": 1.4,
    "promoPrice": null,
    "pricePerUnit": "5.34 kg",
    "image": "https://www.jumbo.com/dam-images/fit-in/360x360/Products/14022025_1739539724236_1739539743058_8718452861682_596.png",
    "available": true,
    "promoUntil": null
  },
  {
    "id": "505992DS",
    "title": "Knorr Wereldgerechten Maaltijdpakket Indiase Kip Madras XXL 529 g",
    "category": "Wereldkeukens, kruiden, pasta en rijst",
    "price": 5.99,
    "promoPrice": null,
    "pricePerUnit": "11.32 kg",
    "image": "https://www.jumbo.com/dam-images/fit-in/360x360/Products/19092025_1758292429120_1758292439932_8720182264190_1.png",
    "available": true,
    "promoUntil": null
  },
  {
    "id": "269300FLS",
    "title": "Jumbo Huiswijn - Droog & Fris - Tempranillo - Syrah - Rosé - 1L",
    "category": "Bier en wijn",
    "price": 4.89,
    "promoPrice": null,
    "pricePerUnit": "4.89 l",
    "image": "https://www.jumbo.com/dam-images/fit-in/360x360/Products/09082023_1691587246908_1691587252255_8718452381630_1.png",
    "available": true,
    "promoUntil": null
  },
  {
    "id": "372616SC",
    "title": "Zespri Kiwifruit Organic Sungold 4 Stuks",
    "category": "Aardappelen, groente en fruit",
    "price": 4.99,
    "promoPrice": null,
    "pricePerUnit": "1.25 pieces",
    "image": "https://www.jumbo.com/dam-images/fit-in/360x360/Products/09082023_1691586930296_1691586943588_8718452487288_1.png",
    "available": true,
    "promoUntil": null
  },
  {
    "id": "487045TRA",
    "title": "Flemmings American Style Hotdog 2 Stuks 218,5 g",
    "category": "Verse maaltijden en gemak",
    "price": 1.87,
    "promoPrice": null,
    "pricePerUnit": "8.54 kg",
    "image": "https://www.jumbo.com/dam-images/fit-in/360x360/Products/27012025_1737939605948_1737939618204_8713354058031_1.png",
    "available": true,
    "promoUntil": null
  },
  {
    "id": "645765KGR",
    "title": "Jumbo Biologisch Gerookte Kipfilet ca. 100 g",
    "category": "Vleeswaren, kaas en tapas",
    "price": 3.29,
    "promoPrice": null,
    "pricePerUnit": "32.9 kg",
    "image": "https://www.jumbo.com/dam-images/fit-in/360x360/Products/04072025_1751617998765_1751618009350_2348971000000_596.png",
    "available": true,
    "promoUntil": null
  },
  {
    "id": "596215ZK",
    "title": "Jumbo Cashewnoten Gezouten 200 g",
    "category": "Koek, snoep, chocolade en chips",
    "price": 2.79,
    "promoPrice": null,
    "pricePerUnit": "13.95 kg",
    "image": "https://www.jumbo.com/dam-images/fit-in/360x360/Products/26042024_1714145596377_1714145616954_8718452756643_596.png",
    "available": true,
    "promoUntil": null
  },
  {
    "id": "670187DS",
    "title": "Beckers Frikandel 20 Stuks",
    "category": "Diepvries",
    "price": 6.99,
    "promoPrice": null,
    "pricePerUnit": "0.35 pieces",
    "image": "https://www.jumbo.com/dam-images/fit-in/360x360/Products/18122024_1734527418158_1734527429847_670187_DS_08710555153794_C1N1.png",
    "available": true,
    "promoUntil": null
  },
  {
    "id": "703817FLS",
    "title": "Covelt Dixap Appel 400 ML",
    "category": "Drogisterij en baby",
    "price": 4.35,
    "promoPrice": null,
    "pricePerUnit": "10.88 l",
    "image": "https://www.jumbo.com/dam-images/fit-in/360x360/Products/10062025_1749558116676_1749558126376_703817_FLS_08711544124221_C1N1.png",
    "available": true,
    "promoUntil": null
  },
  {
    "id": "128669PAK",
    "title": "Jumbo Spaghetti 500 g",
    "category": "Wereldkeukens, kruiden, pasta en rijst",
    "price": 1.09,
    "promoPrice": null,
    "pricePerUnit": "2.18 kg",
    "image": "https://www.jumbo.com/dam-images/fit-in/360x360/Products/18092023_1695026281712_1695026287213_8718449055346_1.png",
    "available": true,
    "promoUntil": null
  },
  {
    "id": "217447FLS",
    "title": "Klein Vriend - Chardonnay - Colombard - 750ML",
    "category": "Bier en wijn",
    "price": 3.25,
    "promoPrice": null,
    "pricePerUnit": "4.33 l",
    "image": "https://www.jumbo.com/dam-images/fit-in/360x360/Products/09082023_1691588975361_1691588978694_4041584003144_1.png",
    "available": true,
    "promoUntil": null
  },
  {
    "id": "657332EM",
    "title": "Jumbo Gegrilde Kip Hot 600 g",
    "category": "Vlees, vis en vega",
    "price": 6.0,
    "promoPrice": null,
    "pricePerUnit": "10.0 kg",
    "image": "https://www.jumbo.com/dam-images/fit-in/360x360/Products/12122024_1734014904910_1734014919351_8718452742998_596.png",
    "available": true,
    "promoUntil": null
  },
  {
    "id": "135966PAK",
    "title": "Alter Meister - Witte Wijn -1 L",
    "category": "Bier en wijn",
    "price": 2.59,
    "promoPrice": null,
    "pricePerUnit": "2.59 l",
    "image": "https://www.jumbo.com/dam-images/fit-in/360x360/Products/29092023_1695995014116_1695995018587_4003301064586_1.png",
    "available": true,
    "promoUntil": null
  },
  {
    "id": "513618ZK",
    "title": "Lay's Naturel Chips 200 gr",
    "category": "Koek, snoep, chocolade en chips",
    "price": 2.19,
    "promoPrice": null,
    "pricePerUnit": "10.95 kg",
    "image": "https://www.jumbo.com/dam-images/fit-in/360x360/Products/13092025_1757728359637_1757728374326_513618_ZK_08710398526014_C1N1.png",
    "available": true,
    "promoUntil": null
  },
  {
    "id": "604937DS",
    "title": "Jumbo Luxe Slagroom Taart 1 kg",
    "category": "Diepvries",
    "price": 7.82,
    "promoPrice": null,
    "pricePerUnit": "7.82 kg",
    "image": "https://www.jumbo.com/dam-images/fit-in/360x360/Products/14022025_1739539877149_1739539887998_8718452818853_1.png",
    "available": true,
    "promoUntil": null
  },
  {
    "id": "572632ZK",
    "title": "Jumbo Noten Mix Gezouten 200 g",
    "category": "Koek, snoep, chocolade en chips",
    "price": 2.79,
    "promoPrice": null,
    "pricePerUnit": "13.95 kg",
    "image": "https://www.jumbo.com/dam-images/fit-in/360x360/Products/14022024_1707873138746_1707873148388_8718452724802_1.png",
    "available": true,
    "promoUntil": null
  },
  {
    "id": "398353ZK",
    "title": "Jumbo Ribbel Chips Bolognese 250 g",
    "category": "Koek, snoep, chocolade en chips",
    "price": 1.35,
    "promoPrice": null,
    "pricePerUnit": "5.4 kg",
    "image": "https://www.jumbo.com/dam-images/fit-in/360x360/Products/21072025_1753104885637_1753104901815_8718452908851_596.png",
    "available": true,
    "promoUntil": null
  },
  {
    "id": "588987ZK",
    "title": "Jumbo Geraspte Pizza Kaas 40+ 150 g",
    "category": "Vleeswaren, kaas en tapas",
    "price": 2.79,
    "promoPrice": null,
    "pricePerUnit": "18.6 kg",
    "image": "https://www.jumbo.com/dam-images/fit-in/360x360/Products/21112023_1700580790051_1700580801781_8718452749812_1.png",
    "available": true,
    "promoUntil": null
  },
  {
    "id": "492267POT",
    "title": "Drogheria Zwarte Peper 47 g",
    "category": "Wereldkeukens, kruiden, pasta en rijst",
    "price": 3.75,
    "promoPrice": null,
    "pricePerUnit": "79.79 kg",
    "image": "https://www.jumbo.com/dam-images/fit-in/360x360/Products/08052025_1746669626513_1746669633425_492267_POT_08004708048908_C1N1.png",
    "available": true,
    "promoUntil": null
  },
  {
    "id": "170173DS",
    "title": "Jumbo - Slagroomsoesjes Diepvries - 400g",
    "category": "Diepvries",
    "price": 2.3,
    "promoPrice": null,
    "pricePerUnit": "5.75 kg",
    "image": "https://www.jumbo.com/dam-images/fit-in/360x360/Products/29092023_1695995172271_1695995186310_8718452516018_1.png",
    "available": true,
    "promoUntil": null
  },
  {
    "id": "683340BAK",
    "title": "Jumbo Verse Mosselen Super 1 kg",
    "category": "Vlees, vis en vega",
    "price": 5.99,
    "promoPrice": null,
    "pricePerUnit": "5.99 kg",
    "image": "https://www.jumbo.com/dam-images/fit-in/360x360/Products/17072025_1752777164939_1752777170586_8718452698769_1.png",
    "available": true,
    "promoUntil": null
  },
  {
    "id": "670712ZK",
    "title": "Duyvis Borrelnootjes Cocktail Pinda Noten 500g",
    "category": "Koek, snoep, chocolade en chips",
    "price": 4.39,
    "promoPrice": null,
    "pricePerUnit": "8.78 kg",
    "image": "https://www.jumbo.com/dam-images/fit-in/360x360/Products/27032025_1743082411701_1743082419311_8710398530769_1.png",
    "available": true,
    "promoUntil": null
  },
  {
    "id": "153501PAK",
    "title": "Mars Chocolade caramel repen 5-pack",
    "category": "Koek, snoep, chocolade en chips",
    "price": 3.49,
    "promoPrice": null,
    "pricePerUnit": "15.51 kg",
    "image": "https://www.jumbo.com/dam-images/fit-in/360x360/Products/24092025_1758677075454_1758677081867_153501_PAK_05000159452663_H1N1.png",
    "available": true,
    "promoUntil": null
  },
  {
    "id": "522733FLS",
    "title": "Sisi No Bubbles Mango 0% pet 1500 ml",
    "category": "Frisdrank en sappen",
    "price": 2.59,
    "promoPrice": null,
    "pricePerUnit": "1.73 l",
    "image": "https://www.jumbo.com/dam-images/fit-in/360x360/Products/15122023_1702609696284_1702609702371_522733_FLS_08715600246377_C1N1.png",
    "available": true,
    "promoUntil": null
  },
  {
    "id": "391454DS",
    "title": "Jumbo Kaassoufflés 6 Stuks",
    "category": "Diepvries",
    "price": 1.49,
    "promoPrice": null,
    "pricePerUnit": "4.14 kg",
    "image": "https://www.jumbo.com/dam-images/fit-in/360x360/Products/17042025_1744882429437_1744882447566_8718452766994_596.png",
    "available": true,
    "promoUntil": null
  },
  {
    "id": "657369CUP",
    "title": "Jumbo Cottage Cheese Light 200 g",
    "category": "Vleeswaren, kaas en tapas",
    "price": 0.95,
    "promoPrice": null,
    "pricePerUnit": "4.75 kg",
    "image": "https://www.jumbo.com/dam-images/fit-in/360x360/Products/07022025_1738956794404_1738956805884_8718452831616_596.png",
    "available": true,
    "promoUntil": null
  },
  {
    "id": "608944TRA",
    "title": "Jumbo Gemarineerde Burger Plantaardig 2 Stuks",
    "category": "Vlees, vis en vega",
    "price": 3.5,
    "promoPrice": null,
    "pricePerUnit": "16.67 kg",
    "image": "https://www.jumbo.com/dam-images/fit-in/360x360/Products/25042024_1714055710703_1714055717164_8718452826537_1.png",
    "available": true,
    "promoUntil": null
  },
  {
    "id": "447420FLS",
    "title": "Jumbo Citroen Afwasmiddel 500 ml",
    "category": "Huishouden en dieren",
    "price": 0.73,
    "promoPrice": null,
    "pricePerUnit": "1.46 l",
    "image": "https://www.jumbo.com/dam-images/fit-in/360x360/Products/09082023_1691596486550_1691596493498_8718452564866_1.png",
    "available": true,
    "promoUntil": null
  },
  {
    "id": "439573ZK",
    "title": "Jumbo Winegums Zoet & Zacht 500 g",
    "category": "Koek, snoep, chocolade en chips",
    "price": 2.39,
    "promoPrice": null,
    "pricePerUnit": "4.78 kg",
    "image": "https://www.jumbo.com/dam-images/fit-in/360x360/Products/09082023_1691588223049_1691588347238_8718452533947_1.png",
    "available": true,
    "promoUntil": null
  },
  {
    "id": "683887KGR",
    "title": "Jumbo Tonijnsteak Yellowfin ca. 150 g",
    "category": "Vlees, vis en vega",
    "price": 5.28,
    "promoPrice": null,
    "pricePerUnit": "35.2 kg",
    "image": "https://www.jumbo.com/dam-images/fit-in/360x360/Products/28112024_1732807996572_1732808003089_2369236000000_1.png",
    "available": true,
    "promoUntil": null
  },
  {
    "id": "479430DS",
    "title": "Dr. Oetker Ristorante Pizza Quattro Formaggi 340 g",
    "category": "Diepvries",
    "price": 3.89,
    "promoPrice": null,
    "pricePerUnit": "11.44 kg",
    "image": "https://www.jumbo.com/dam-images/fit-in/360x360/Products/17042025_1744853697984_1744853704589_479430_DS_04001724038870_C1N1_s04.png",
    "available": true,
    "promoUntil": null
  },
  {
    "id": "584242FLS",
    "title": "Blue Wonder Desinfectie Reiniger 750 ml",
    "category": "Huishouden en dieren",
    "price": 5.09,
    "promoPrice": null,
    "pricePerUnit": "6.79 l",
    "image": "https://www.jumbo.com/dam-images/fit-in/360x360/Products/24122024_1735008765715_1735008769071_584242_FLS_08712038000748_C1N1.png",
    "available": true,
    "promoUntil": null
  },
  {
    "id": "521758PAK",
    "title": "Taksi Tropisch Fruit Ananas Passievrucht 1,5 L",
    "category": "Frisdrank en sappen",
    "price": 1.85,
    "promoPrice": null,
    "pricePerUnit": "1.23 l",
    "image": "https://www.jumbo.com/dam-images/fit-in/360x360/Products/26022025_1740565969759_1740565973669_8713300042855_1.png",
    "available": true,
    "promoUntil": null
  },
  {
    "id": "220630ZK",
    "title": "Jumbo Kroepoek Java 75 g",
    "category": "Wereldkeukens, kruiden, pasta en rijst",
    "price": 1.04,
    "promoPrice": null,
    "pricePerUnit": "13.87 kg",
    "image": "https://www.jumbo.com/dam-images/fit-in/360x360/Products/09082023_1691586201973_1691586210393_8718452361861_1.png",
    "available": true,
    "promoUntil": null
  },
  {
    "id": "553403DSL",
    "title": "Lipton Ice Tea sparkling Original Suikervrij 6 x 1,5L",
    "category": "Frisdrank en sappen",
    "price": 22.09,
    "promoPrice": 18.77,
    "pricePerUnit": "2.09 l",
    "image": "https://www.jumbo.com/dam-images/fit-in/360x360/Products/08711327586123H1N11eb63a697-2ea6-48ce-b2ae-45a706aa9a87-1719930946441.png",
    "available": true,
    "promoUntil": "di 7 okt"
  },
  {
    "id": "428004FLS",
    "title": "Jumbo Helder Bruisend Citroen Smaak 1,5 L",
    "category": "Frisdrank en sappen",
    "price": 1.19,
    "promoPrice": null,
    "pricePerUnit": "0.79 l",
    "image": "https://www.jumbo.com/dam-images/fit-in/360x360/Products/26022025_1740587608010_1740587617686_8718452640393_596.png",
    "available": true,
    "promoUntil": null
  },
  {
    "id": "672493PAK",
    "title": "Lochtman Malse Runderlappen in Jachtsaus 500 g",
    "category": "Vlees, vis en vega",
    "price": 7.39,
    "promoPrice": null,
    "pricePerUnit": "14.78 kg",
    "image": "https://www.jumbo.com/dam-images/fit-in/360x360/Products/28092023_1695919978946_1695920005998_8717056394428_1.png",
    "available": true,
    "promoUntil": null
  },
  {
    "id": "548288STK",
    "title": "HEMA 20 stuks papier bord 18 cm",
    "category": "Non-food en servicebalie",
    "price": 1.69,
    "promoPrice": null,
    "pricePerUnit": "0.08 pieces",
    "image": "https://www.jumbo.com/dam-images/fit-in/360x360/Products/13042024_1712976708855_1712976711912_548288_STK_08718537956241_C1N1.png",
    "available": true,
    "promoUntil": null
  },
  {
    "id": "680142TRA",
    "title": "Jumbo BBQ Varkens Satespies 200 g",
    "category": "Vlees, vis en vega",
    "price": 3.25,
    "promoPrice": null,
    "pricePerUnit": "16.25 kg",
    "image": "https://www.jumbo.com/dam-images/fit-in/360x360/Products/07052025_1746621206438_1746621211833_8718452911660_1.png",
    "available": true,
    "promoUntil": null
  },
  {
    "id": "683338KGR",
    "title": "Jumbo Gebakken Lekkerbek met Saus ca. 300 g",
    "category": "Vlees, vis en vega",
    "price": 4.29,
    "promoPrice": null,
    "pricePerUnit": "15.9 kg",
    "image": "https://www.jumbo.com/dam-images/fit-in/360x360/Products/10012025_1736519628020_1736519633441_2369230000000_1.png",
    "available": true,
    "promoUntil": null
  },
  {
    "id": "678406PAK",
    "title": "Wicky Zonder Suiker Mango 6x200ML",
    "category": "Frisdrank en sappen",
    "price": 1.99,
    "promoPrice": null,
    "pricePerUnit": "1.66 l",
    "image": "https://www.jumbo.com/dam-images/fit-in/360x360/Products/07022025_1738906885719_1738906889711_678406_PAK_08711900019024_C1N1.png",
    "available": true,
    "promoUntil": null
  },
  {
    "id": "629542DSL",
    "title": "Glorix Blauw Water Ocean Toiletblok 7 x48 g",
    "category": "Huishouden en dieren",
    "price": 26.95,
    "promoPrice": 13.47,
    "pricePerUnit": "1.92 pieces",
    "image": "https://www.jumbo.com/dam-images/fit-in/360x360/Products/629542DSL176c34ece-3c35-49d4-bf92-71bea55c68c0-1724058681034.png",
    "available": true,
    "promoUntil": "di 7 okt"
  },
  {
    "id": "356625PAK",
    "title": "Jumbo XL Tortilla Volkoren 6 Stuks",
    "category": "Wereldkeukens, kruiden, pasta en rijst",
    "price": 0.95,
    "promoPrice": null,
    "pricePerUnit": "2.57 kg",
    "image": "https://www.jumbo.com/dam-images/fit-in/360x360/Products/16012025_1737020106519_1737020134502_8718452726844_1.png",
    "available": true,
    "promoUntil": null
  },
  {
    "id": "554984ZK",
    "title": "Jumbo Naturel Cakejes met Roomboter 320 g",
    "category": "Koek, snoep, chocolade en chips",
    "price": 1.89,
    "promoPrice": null,
    "pricePerUnit": "5.91 kg",
    "image": "https://www.jumbo.com/dam-images/fit-in/360x360/Products/14022024_1707872797403_1707872807836_8718452700585_1.png",
    "available": true,
    "promoUntil": null
  },
  {
    "id": "190541FLS",
    "title": "Jumbo Glasreiniger 750 ML",
    "category": "Huishouden en dieren",
    "price": 1.27,
    "promoPrice": null,
    "pricePerUnit": "1.69 l",
    "image": "https://www.jumbo.com/dam-images/fit-in/360x360/Products/29092023_1695996695795_1695996699357_8718452727445_1.png",
    "available": true,
    "promoUntil": null
  },
  {
    "id": "299186ZK",
    "title": "Jumbo Melange Fijnproeverssla 150 g",
    "category": "Aardappelen, groente en fruit",
    "price": 2.99,
    "promoPrice": null,
    "pricePerUnit": "19.93 kg",
    "image": "https://www.jumbo.com/dam-images/fit-in/360x360/Products/26062024_1719412466733_1719412478573_8718452778317_1.png",
    "available": true,
    "promoUntil": null
  },
  {
    "id": "470333STK",
    "title": "Jumbo Ibuprofen 400mg 20tab UAD",
    "category": "Drogisterij en baby",
    "price": 2.39,
    "promoPrice": null,
    "pricePerUnit": "0.12 pieces",
    "image": "https://www.jumbo.com/dam-images/fit-in/360x360/Products/24092025_1758672108028_1758672111746_8718452524501_1.png",
    "available": true,
    "promoUntil": null
  },
  {
    "id": "657051STK",
    "title": "Jumbo Gelderse Gekookte Worst 300 g",
    "category": "Vleeswaren, kaas en tapas",
    "price": 2.69,
    "promoPrice": null,
    "pricePerUnit": "8.97 kg",
    "image": "https://www.jumbo.com/dam-images/fit-in/360x360/Products/09092025_1757421318374_1757421322171_8718452645206_1.png",
    "available": true,
    "promoUntil": null
  },
  {
    "id": "448021TAS",
    "title": "Noel Fuet Catalán 170 g",
    "category": "Vleeswaren, kaas en tapas",
    "price": 2.59,
    "promoPrice": null,
    "pricePerUnit": "15.24 kg",
    "image": "https://www.jumbo.com/dam-images/fit-in/360x360/Products/14022024_1707873495655_1707873497784_8410783013210_1.png",
    "available": true,
    "promoUntil": null
  },
  {
    "id": "590960FLS",
    "title": "Jumbo - Prosecco Spumante - 750ML",
    "category": "Bier en wijn",
    "price": 7.99,
    "promoPrice": null,
    "pricePerUnit": "10.65 l",
    "image": "https://www.jumbo.com/dam-images/fit-in/360x360/Products/28052025_1748439308286_1748439317406_8718452744961_1.png",
    "available": true,
    "promoUntil": null
  },
  {
    "id": "491917TRA",
    "title": "Jumbo Quiche Lorraine met Gerookte Spekjes en Maasdammer Kaas 300 g",
    "category": "Verse maaltijden en gemak",
    "price": 3.75,
    "promoPrice": null,
    "pricePerUnit": "12.5 kg",
    "image": "https://www.jumbo.com/dam-images/fit-in/360x360/Products/31072025_1753972505214_1753972513576_8718452712540_1.png",
    "available": true,
    "promoUntil": null
  },
  {
    "id": "628867RP",
    "title": "Jumbo Puur Chocolade 200 g",
    "category": "Koek, snoep, chocolade en chips",
    "price": 3.25,
    "promoPrice": null,
    "pricePerUnit": "16.25 kg",
    "image": "https://www.jumbo.com/dam-images/fit-in/360x360/Products/23052025_1748014408771_1748014418544_8718452876976_596.png",
    "available": true,
    "promoUntil": null
  },
  {
    "id": "701829KGR",
    "title": "Jumbo Salami Spaanse Stijl ca. 120g",
    "category": "Vleeswaren, kaas en tapas",
    "price": 3.0,
    "promoPrice": null,
    "pricePerUnit": "25.0 kg",
    "image": "https://www.jumbo.com/dam-images/fit-in/360x360/Products/12122024_1734014925129_1734014930648_2335609000000_1.png",
    "available": true,
    "promoUntil": null
  },
  {
    "id": "656687KGR",
    "title": "Wapenaer Goudse Kaas 48+ Oud ca. 200 g",
    "category": "Vleeswaren, kaas en tapas",
    "price": 4.6,
    "promoPrice": null,
    "pricePerUnit": "22.99 kg",
    "image": "https://www.jumbo.com/dam-images/fit-in/360x360/Products/31122024_1735648371047_1735648376559_2336143000000_1.png",
    "available": true,
    "promoUntil": null
  },
  {
    "id": "594635SC",
    "title": "Vers Aan Tafel Vis in Hollandaisesaus met Rode Bieten en Aardappelpuree 500 g",
    "category": "Verse maaltijden en gemak",
    "price": 5.99,
    "promoPrice": null,
    "pricePerUnit": "11.41 kg",
    "image": "https://www.jumbo.com/dam-images/fit-in/360x360/Products/14022024_1707873857360_1707873869144_8717568249469_1.png",
    "available": true,
    "promoUntil": null
  },
  {
    "id": "608945TRA",
    "title": "Jumbo BBQ Kipburger Ala Minuut 2 Stuks",
    "category": "Vlees, vis en vega",
    "price": 3.0,
    "promoPrice": null,
    "pricePerUnit": "18.75 kg",
    "image": "https://www.jumbo.com/dam-images/fit-in/360x360/Products/07022025_1738956775714_1738956782908_8718452825691_1.png",
    "available": true,
    "promoUntil": null
  },
  {
    "id": "160956PAK",
    "title": "Jumbo Appelsap 1 L",
    "category": "Frisdrank en sappen",
    "price": 1.4,
    "promoPrice": null,
    "pricePerUnit": "1.4 l",
    "image": "https://www.jumbo.com/dam-images/fit-in/360x360/Products/17092024_1726580061718_1726580066204_8718452648962_1.png",
    "available": true,
    "promoUntil": null
  },
  {
    "id": "647453TRL",
    "title": "Minute Maid Orange Sinaasappelsap 24 x 330ML",
    "category": "Frisdrank en sappen",
    "price": 47.5,
    "promoPrice": null,
    "pricePerUnit": "6.0 l",
    "image": "https://www.jumbo.com/dam-images/fit-in/360x360/Products/12122024_1734014943851_1734014948597_5000112510102_1.png",
    "available": true,
    "promoUntil": null
  },
  {
    "id": "74869RP",
    "title": "Tony's Chocolonely Melk Chocolade reep 180 g",
    "category": "Koek, snoep, chocolade en chips",
    "price": 4.03,
    "promoPrice": null,
    "pricePerUnit": "22.39 kg",
    "image": "https://www.jumbo.com/dam-images/fit-in/360x360/Products/25062024_1719284758947_1719284762895_74869_RP_08717677334094_C1N1.png",
    "available": true,
    "promoUntil": null
  },
  {
    "id": "696327ZK",
    "title": "Jumbo Biologisch Aardappelen Vastkokend 2,5KG",
    "category": "Aardappelen, groente en fruit",
    "price": 4.15,
    "promoPrice": null,
    "pricePerUnit": "1.66 kg",
    "image": "https://www.jumbo.com/dam-images/fit-in/360x360/Products/20052025_1747755169720_1747755177980_8718452892754_1.png",
    "available": true,
    "promoUntil": null
  },
  {
    "id": "424612POT",
    "title": "Easy Chicken Tonight Kerrie met ananas 520g",
    "category": "Wereldkeukens, kruiden, pasta en rijst",
    "price": 3.89,
    "promoPrice": null,
    "pricePerUnit": "7.48 kg",
    "image": "https://www.jumbo.com/dam-images/fit-in/360x360/Products/26022025_1740573213041_1740573220246_8710581909679_1.png",
    "available": true,
    "promoUntil": null
  },
  {
    "id": "189883PAK",
    "title": "Jumbo Cake Plakjes 4 stuks x 60 g Verpakt",
    "category": "Koek, snoep, chocolade en chips",
    "price": 3.43,
    "promoPrice": null,
    "pricePerUnit": "0.86 pieces",
    "image": "https://www.jumbo.com/dam-images/fit-in/360x360/Products/10082023_1691675069178_1691675131118_8718452225934_1.png",
    "available": true,
    "promoUntil": null
  },
  {
    "id": "627103STK",
    "title": "Kalkoenfilet 150 g",
    "category": "Vleeswaren, kaas en tapas",
    "price": 2.99,
    "promoPrice": null,
    "pricePerUnit": "19.93 kg",
    "image": "https://www.jumbo.com/dam-images/fit-in/360x360/Products/22072024_1721659043409_1721659050566_5413848275397_1.png",
    "available": true,
    "promoUntil": null
  },
  {
    "id": "45895STK",
    "title": "Kips Roompaté 125 g",
    "category": "Vleeswaren, kaas en tapas",
    "price": 1.99,
    "promoPrice": null,
    "pricePerUnit": "15.92 kg",
    "image": "https://www.jumbo.com/dam-images/fit-in/360x360/Products/26052025_1748229848990_1748229858064_45895_STK_08710991002205_C1N1.png",
    "available": true,
    "promoUntil": null
  },
  {
    "id": "672495STK",
    "title": "Lochtman Limburgs Zuurvlees 1000 g",
    "category": "Vlees, vis en vega",
    "price": 7.89,
    "promoPrice": null,
    "pricePerUnit": "7.89 kg",
    "image": "https://www.jumbo.com/dam-images/fit-in/360x360/Products/09082023_1691587042895_1691587058671_8717056390512_1.png",
    "available": true,
    "promoUntil": null
  },
  {
    "id": "173741FLS",
    "title": "Gonzalves - Witte Port - 750ML",
    "category": "Bier en wijn",
    "price": 5.99,
    "promoPrice": null,
    "pricePerUnit": "7.99 l",
    "image": "https://www.jumbo.com/dam-images/fit-in/360x360/Products/09082023_1691586111274_1691586114983_5603003151004_1.png",
    "available": true,
    "promoUntil": null
  },
  {
    "id": "564003ZK",
    "title": "Sun Brilliant Shine Vaatwascapsules All-in 1 26 capsules",
    "category": "Huishouden en dieren",
    "price": 14.99,
    "promoPrice": null,
    "pricePerUnit": "0.58 pieces",
    "image": "https://www.jumbo.com/dam-images/fit-in/360x360/Products/02092025_1756775528723_1756775575532_564003_ZK_08720181376337_H1N1.png",
    "available": true,
    "promoUntil": null
  },
  {
    "id": "572653ZK",
    "title": "Jumbo Cranberry Notenmix Ongezouten 200 g",
    "category": "Koek, snoep, chocolade en chips",
    "price": 2.39,
    "promoPrice": null,
    "pricePerUnit": "11.95 kg",
    "image": "https://www.jumbo.com/dam-images/fit-in/360x360/Products/14022024_1707872893034_1707872903091_8718452723652_1.png",
    "available": true,
    "promoUntil": null
  },
  {
    "id": "683239BAK",
    "title": "Jumbo Grote Garnalen Naturel 100 g",
    "category": "Vlees, vis en vega",
    "price": 3.49,
    "promoPrice": null,
    "pricePerUnit": "34.9 kg",
    "image": "https://www.jumbo.com/dam-images/fit-in/360x360/Products/29092023_1695995259336_1695995263850_8718452529964_1.png",
    "available": true,
    "promoUntil": null
  },
  {
    "id": "136175STK",
    "title": "Bimi 200 g",
    "category": "Aardappelen, groente en fruit",
    "price": 2.99,
    "promoPrice": null,
    "pricePerUnit": "14.95 kg",
    "image": "https://www.jumbo.com/dam-images/fit-in/360x360/Products/BimiPortraitPrePrintDUTCHPlanetProofNoBackground904acf12-fe25-4b39-a91a-e54e20371748-1718032244795.png",
    "available": true,
    "promoUntil": null
  },
  {
    "id": "645603ZK",
    "title": "Mora Oven & Airfryer Feestmix Party Pack 536g",
    "category": "Diepvries",
    "price": 6.49,
    "promoPrice": null,
    "pricePerUnit": "12.11 kg",
    "image": "https://www.jumbo.com/dam-images/fit-in/360x360/Products/15052025_1747277611680_1747277632048_645603_ZK_08710861914676_H1N1.png",
    "available": true,
    "promoUntil": null
  },
  {
    "id": "329574ZK",
    "title": "Jumbo Wokgroenten Thais 400 g",
    "category": "Aardappelen, groente en fruit",
    "price": 3.29,
    "promoPrice": null,
    "pricePerUnit": "8.23 kg",
    "image": "https://www.jumbo.com/dam-images/fit-in/360x360/Products/12062024_1718202884168_1718202899448_8718452795253_1.png",
    "available": true,
    "promoUntil": null
  },
  {
    "id": "637322BAK",
    "title": "Marhaba Kipfilet 100 g",
    "category": "Vleeswaren, kaas en tapas",
    "price": 2.44,
    "promoPrice": null,
    "pricePerUnit": "24.4 kg",
    "image": "https://www.jumbo.com/dam-images/fit-in/360x360/Products/13092024_1726219995398_1726220001334_8717545699256_1.png",
    "available": true,
    "promoUntil": null
  },
  {
    "id": "285590ZK",
    "title": "Jumbo Waspeen 500 g",
    "category": "Aardappelen, groente en fruit",
    "price": 1.09,
    "promoPrice": null,
    "pricePerUnit": "2.18 kg",
    "image": "https://www.jumbo.com/dam-images/fit-in/360x360/Products/17042025_1744878789954_1744878797122_8711715882387_1.png",
    "available": true,
    "promoUntil": null
  },
  {
    "id": "521316TRA",
    "title": "Jumbo's Verse Maaltijd Pasta Kip Pesto 450 g",
    "category": "Verse maaltijden en gemak",
    "price": 5.99,
    "promoPrice": null,
    "pricePerUnit": "13.31 kg",
    "image": "https://www.jumbo.com/dam-images/fit-in/360x360/Products/16092024_1726444821478_1726444828747_8718452868209_1.png",
    "available": true,
    "promoUntil": null
  },
  {
    "id": "88149STK",
    "title": "Nicotinell Mint zuigtabletten, helpt je te stoppen met roken 2 mg, 96 stuks",
    "category": "Drogisterij en baby",
    "price": 35.99,
    "promoPrice": null,
    "pricePerUnit": "0.37 pieces",
    "image": "https://www.jumbo.com/dam-images/fit-in/360x360/Products/17092025_1758067316173_1758067322067_8713177006332_1.png",
    "available": true,
    "promoUntil": null
  },
  {
    "id": "66467PAK",
    "title": "Lindemulder Indische Cake XL 675 g",
    "category": "Koek, snoep, chocolade en chips",
    "price": 3.17,
    "promoPrice": null,
    "pricePerUnit": "4.7 kg",
    "image": "https://www.jumbo.com/dam-images/fit-in/360x360/Products/09082023_1691570184476_1691570188224_8713627007155_1.png",
    "available": true,
    "promoUntil": null
  },
  {
    "id": "513619ZK",
    "title": "Lay's Paprika Chips 200 gr",
    "category": "Koek, snoep, chocolade en chips",
    "price": 2.19,
    "promoPrice": null,
    "pricePerUnit": "10.95 kg",
    "image": "https://www.jumbo.com/dam-images/fit-in/360x360/Products/13092025_1757728342933_1757728358712_513619_ZK_08710398525918_C1N1.png",
    "available": true,
    "promoUntil": null
  },
  {
    "id": "646240ZK",
    "title": "MAGGI Ovenschotel Kruidenmix Prei Kerrie 64g",
    "category": "Wereldkeukens, kruiden, pasta en rijst",
    "price": 1.79,
    "promoPrice": null,
    "pricePerUnit": "27.97 kg",
    "image": "https://www.jumbo.com/dam-images/fit-in/360x360/Products/17092024_1726541412719_1726541426803_646240_ZK_07613035188174_C1N1_s01.png",
    "available": true,
    "promoUntil": null
  },
  {
    "id": "536759TRA",
    "title": "Hertog Jan - Pils - Blik - 6 x 500ML",
    "category": "Bier en wijn",
    "price": 9.39,
    "promoPrice": null,
    "pricePerUnit": "3.13 l",
    "image": "https://www.jumbo.com/dam-images/fit-in/360x360/Products/08725000660314C1N18ae9304a-90b1-4c84-bfd8-dcb9cf8f1ebd-1712750465914.png",
    "available": true,
    "promoUntil": null
  },
  {
    "id": "700477KGR",
    "title": "Jumbo Grillworst ca. 130 g",
    "category": "Vleeswaren, kaas en tapas",
    "price": 2.5,
    "promoPrice": null,
    "pricePerUnit": "19.23 kg",
    "image": "https://www.jumbo.com/dam-images/fit-in/360x360/Products/12062025_1749742494163_1749742499890_2369501000000_1.png",
    "available": true,
    "promoUntil": null
  },
  {
    "id": "625099DS",
    "title": "Capri Sun Multivitamin Zero 10x200ML",
    "category": "Frisdrank en sappen",
    "price": 4.99,
    "promoPrice": null,
    "pricePerUnit": "2.5 l",
    "image": "https://www.jumbo.com/dam-images/fit-in/360x360/Products/04000177030042C1N19b419637-e52c-44a2-8261-8647fc0e320d-1717675562648.png",
    "available": true,
    "promoUntil": null
  },
  {
    "id": "169337PAK",
    "title": "Jumbo Vulkoeken 6 stuks",
    "category": "Koek, snoep, chocolade en chips",
    "price": 2.19,
    "promoPrice": null,
    "pricePerUnit": "5.21 kg",
    "image": "https://www.jumbo.com/dam-images/fit-in/360x360/Products/29092023_1695995014586_1695995019255_8718452387830_1.png",
    "available": true,
    "promoUntil": null
  },
  {
    "id": "617480PKL",
    "title": "Bar-le-duc mineraalwater koolzuurhoudend fles 6 x 1,5l",
    "category": "Frisdrank en sappen",
    "price": 4.8,
    "promoPrice": null,
    "pricePerUnit": "0.53 l",
    "image": "https://www.jumbo.com/dam-images/fit-in/360x360/Products/08722200965430H1N140a68285-ee3d-40fc-99db-bde3d5f8db83-1748868960206.png",
    "available": true,
    "promoUntil": null
  },
  {
    "id": "560083BAK",
    "title": "Jumbo Nasi Babi Pangang 450 g",
    "category": "Verse maaltijden en gemak",
    "price": 4.5,
    "promoPrice": null,
    "pricePerUnit": "10.0 kg",
    "image": "https://www.jumbo.com/dam-images/fit-in/360x360/Products/14022024_1707872668174_1707872676622_8718452745937_1.png",
    "available": true,
    "promoUntil": null
  },
  {
    "id": "509023ZK",
    "title": "Twix Minis chocolade karamel koek repen uitdeelzak 333g",
    "category": "Koek, snoep, chocolade en chips",
    "price": 4.49,
    "promoPrice": null,
    "pricePerUnit": "13.48 kg",
    "image": "https://www.jumbo.com/dam-images/fit-in/360x360/Products/15052025_1747330435579_1747330458625_5000159560726_596.png",
    "available": true,
    "promoUntil": null
  },
  {
    "id": "326657ZK",
    "title": "Knoppers Wafel Mini's 200 g",
    "category": "Koek, snoep, chocolade en chips",
    "price": 2.99,
    "promoPrice": null,
    "pricePerUnit": "14.95 kg",
    "image": "https://www.jumbo.com/dam-images/fit-in/360x360/Products/16012024_1705419367445_1705419379299_4014400929010_1.png",
    "available": true,
    "promoUntil": null
  },
  {
    "id": "621358PAK",
    "title": "Magnum IJs White Chocolate 6 x 100 ml",
    "category": "Diepvries",
    "price": 7.25,
    "promoPrice": null,
    "pricePerUnit": "12.08 l",
    "image": "https://www.jumbo.com/dam-images/fit-in/360x360/Products/01092025_1756722868922_1756722873416_8711327607569_1.png",
    "available": true,
    "promoUntil": null
  },
  {
    "id": "441009FLS",
    "title": "Slimpie Sinaasappel Framboos Siroop 650 ml",
    "category": "Frisdrank en sappen",
    "price": 3.49,
    "promoPrice": null,
    "pricePerUnit": "5.37 l",
    "image": "https://www.jumbo.com/dam-images/fit-in/360x360/Products/20022024_1708432452233_1708432459232_8719214811167_1.png",
    "available": true,
    "promoUntil": null
  },
  {
    "id": "484355DS",
    "title": "Mora Originals Pikanto 4 x 100 g",
    "category": "Diepvries",
    "price": 4.29,
    "promoPrice": null,
    "pricePerUnit": "10.73 kg",
    "image": "https://www.jumbo.com/dam-images/fit-in/360x360/Products/484355_8710861910616_1_T1_163668KST1691161112788.png",
    "available": true,
    "promoUntil": null
  },
  {
    "id": "395045ZK",
    "title": "Jumbo Geraspte Kaas  Belegen 30+ 150 g",
    "category": "Vleeswaren, kaas en tapas",
    "price": 3.25,
    "promoPrice": null,
    "pricePerUnit": "21.67 kg",
    "image": "https://www.jumbo.com/dam-images/fit-in/360x360/Products/12032025_1741797188359_1741797196219_8718452695188_1.png",
    "available": true,
    "promoUntil": null
  },
  {
    "id": "153943PAK",
    "title": "Kanjers Originele Stroopwafels 4 x 2 Stuks 320 g",
    "category": "Koek, snoep, chocolade en chips",
    "price": 2.81,
    "promoPrice": null,
    "pricePerUnit": "8.78 kg",
    "image": "https://www.jumbo.com/dam-images/fit-in/360x360/Products/09082023_1691588770480_1691588774911_8710739491049_1.png",
    "available": true,
    "promoUntil": null
  },
  {
    "id": "340515GLS",
    "title": "Jumbo Asperges 530 g",
    "category": "Aardappelen, groente en fruit",
    "price": 3.69,
    "promoPrice": null,
    "pricePerUnit": "11.35 kg",
    "image": "https://www.jumbo.com/dam-images/fit-in/360x360/Products/19032025_1742402010326_1742402015283_8718452403097_1.png",
    "available": true,
    "promoUntil": null
  },
  {
    "id": "201509ZK",
    "title": "Iglo Roerbak Sensatie Pasta Kipfilet Boursin 450 g",
    "category": "Diepvries",
    "price": 5.5,
    "promoPrice": null,
    "pricePerUnit": "12.22 kg",
    "image": "https://www.jumbo.com/dam-images/fit-in/360x360/Products/02082025_1754097289980_1754097302719_201509_ZK_08717774267912_C1N1.png",
    "available": true,
    "promoUntil": null
  },
  {
    "id": "362325ZK",
    "title": "Jumbo Melange Rucola 150 g",
    "category": "Aardappelen, groente en fruit",
    "price": 2.39,
    "promoPrice": null,
    "pricePerUnit": "15.93 kg",
    "image": "https://www.jumbo.com/dam-images/fit-in/360x360/Products/06062024_1717691711642_1717691721484_8718452793402_1.png",
    "available": true,
    "promoUntil": null
  },
  {
    "id": "554163BUS",
    "title": "Teisseire Zero Suiker Aardbei Framboos siroop 60 cl",
    "category": "Frisdrank en sappen",
    "price": 4.25,
    "promoPrice": null,
    "pricePerUnit": "7.08 l",
    "image": "https://www.jumbo.com/dam-images/fit-in/360x360/Products/15082025_1755224478843_1755224490992_554163_BUS_03092718638658_C1N1.png",
    "available": true,
    "promoUntil": null
  },
  {
    "id": "447797DS",
    "title": "Romed Blue Nitrile Handschoenen Poedervrij L - 100 Stuks",
    "category": "Drogisterij en baby",
    "price": 18.49,
    "promoPrice": null,
    "pricePerUnit": "0.18 pieces",
    "image": "https://www.jumbo.com/dam-images/fit-in/360x360/Products/09082023_1691589145275_1691589154426_8717202439423_1.png",
    "available": true,
    "promoUntil": null
  },
  {
    "id": "197703DS",
    "title": "Jumbo Rundvlees Kroketten 4 Stuks",
    "category": "Diepvries",
    "price": 2.75,
    "promoPrice": null,
    "pricePerUnit": "8.59 kg",
    "image": "https://www.jumbo.com/dam-images/fit-in/360x360/Products/07022024_1707327184881_1707327212829_8718452766949_596.png",
    "available": true,
    "promoUntil": null
  },
  {
    "id": "589661ZK",
    "title": "Jumbo Geraspte Oude Kaas 48+ Voordeelverpakking 300 g",
    "category": "Vleeswaren, kaas en tapas",
    "price": 6.69,
    "promoPrice": null,
    "pricePerUnit": "22.3 kg",
    "image": "https://www.jumbo.com/dam-images/fit-in/360x360/Products/20112023_1700498044886_1700498054586_8718452745449_1.png",
    "available": true,
    "promoUntil": null
  },
  {
    "id": "388059STK",
    "title": "Jumbo - Luxe Mokka Schnitte",
    "category": "Brood en gebak",
    "price": 7.49,
    "promoPrice": null,
    "pricePerUnit": "7.49 pieces",
    "image": "https://www.jumbo.com/dam-images/fit-in/360x360/Products/31012025_1738337549182_1738337570671_8718452379637_9.png",
    "available": true,
    "promoUntil": null
  },
  {
    "id": "669487FLS",
    "title": "Crystal Clear Koolzuurvrij Appel Peer 1,5L",
    "category": "Frisdrank en sappen",
    "price": 2.49,
    "promoPrice": null,
    "pricePerUnit": "1.66 l",
    "image": "https://www.jumbo.com/dam-images/fit-in/360x360/Products/14022025_1739503155628_1739503165040_669487_FLS_08715600250022_H1N1.png",
    "available": true,
    "promoUntil": null
  },
  {
    "id": "670819KGR",
    "title": "Jumbo Tostiham Voordeelverpakking ca. 200 g",
    "category": "Vleeswaren, kaas en tapas",
    "price": 4.75,
    "promoPrice": null,
    "pricePerUnit": "23.75 kg",
    "image": "https://www.jumbo.com/dam-images/fit-in/360x360/Products/07022025_1738945991545_1738945998326_2369591000000_1.png",
    "available": true,
    "promoUntil": null
  },
  {
    "id": "514116FLS",
    "title": "Karvan Cévitam Aardbei Original Siroop, 900 ml",
    "category": "Frisdrank en sappen",
    "price": 5.99,
    "promoPrice": null,
    "pricePerUnit": "6.66 l",
    "image": "https://www.jumbo.com/dam-images/fit-in/360x360/Products/21082024_1724207958312_1724207964365_514116_FLS_08715700122540_H1N1.png",
    "available": true,
    "promoUntil": null
  },
  {
    "id": "200885ZK",
    "title": "Jumbo Roosjes Bloemkool & Broccoli 400 g",
    "category": "Aardappelen, groente en fruit",
    "price": 2.49,
    "promoPrice": null,
    "pricePerUnit": "6.23 kg",
    "image": "https://www.jumbo.com/dam-images/fit-in/360x360/Products/22082024_1724337260409_1724337276304_8718452776528_1.png",
    "available": true,
    "promoUntil": null
  },
  {
    "id": "701857KGR",
    "title": "Jumbo Casselerrib ca. 100g",
    "category": "Vleeswaren, kaas en tapas",
    "price": 2.5,
    "promoPrice": null,
    "pricePerUnit": "25.0 kg",
    "image": "https://www.jumbo.com/dam-images/fit-in/360x360/Products/13022024_1707842057671_1707842070111_2369012000000_1.png",
    "available": true,
    "promoUntil": null
  },
  {
    "id": "211744ZK",
    "title": "Jumbo Aardappelschijfjes 450 g",
    "category": "Aardappelen, groente en fruit",
    "price": 0.99,
    "promoPrice": null,
    "pricePerUnit": "2.2 kg",
    "image": "https://www.jumbo.com/dam-images/fit-in/360x360/Products/09072024_1720517665198_1720517671753_8718452801541_1.png",
    "available": true,
    "promoUntil": null
  },
  {
    "id": "569144ZK",
    "title": "Van Melle Fruittoffees 225 g",
    "category": "Koek, snoep, chocolade en chips",
    "price": 2.08,
    "promoPrice": null,
    "pricePerUnit": "9.24 kg",
    "image": "https://www.jumbo.com/dam-images/fit-in/360x360/Products/07072025_1751902620333_1751902625774_8723400797463_1.png",
    "available": true,
    "promoUntil": null
  },
  {
    "id": "79145FLS",
    "title": "Waterval - Cabernet Sauvignon - Merlot - 750ML",
    "category": "Bier en wijn",
    "price": 5.29,
    "promoPrice": null,
    "pricePerUnit": "7.05 l",
    "image": "https://www.jumbo.com/dam-images/fit-in/360x360/Products/29112024_1732894395346_1732894398924_6001506900614_1.png",
    "available": true,
    "promoUntil": null
  },
  {
    "id": "587983PAK",
    "title": "Jumbo Extra Sterk & Absorberend Keukenpapier met Decor 3-Laags 2 Rollen",
    "category": "Huishouden en dieren",
    "price": 3.19,
    "promoPrice": null,
    "pricePerUnit": "1.6 pieces",
    "image": "https://www.jumbo.com/dam-images/fit-in/360x360/Products/460464PAK1fd4bb4ca-55d6-42a1-b738-7c4b2feff558-1698400588546.png",
    "available": true,
    "promoUntil": null
  },
  {
    "id": "647607POT",
    "title": "Jumbo's Tradizionale Pastasaus 500 g",
    "category": "Wereldkeukens, kruiden, pasta en rijst",
    "price": 3.29,
    "promoPrice": null,
    "pricePerUnit": "6.58 kg",
    "image": "https://www.jumbo.com/dam-images/fit-in/360x360/Products/12122024_1734003204031_1734003212424_8718452870950_1.png",
    "available": true,
    "promoUntil": null
  },
  {
    "id": "182465FLS",
    "title": "Sabor Dulce Whiskey Cream 0,7 L",
    "category": "Bier en wijn",
    "price": 6.49,
    "promoPrice": null,
    "pricePerUnit": "9.27 l",
    "image": "https://www.jumbo.com/dam-images/fit-in/360x360/Products/07102024_1728259213632_1728259223172_5414145038654_1.png",
    "available": true,
    "promoUntil": null
  },
  {
    "id": "673772KGR",
    "title": "Jumbo Fijnproevers Bavettesteak ca. 200 g",
    "category": "Vlees, vis en vega",
    "price": 5.58,
    "promoPrice": null,
    "pricePerUnit": "27.9 kg",
    "image": "https://www.jumbo.com/dam-images/fit-in/360x360/Products/27052025_1748349169194_1748349176211_2369663000000_1.png",
    "available": true,
    "promoUntil": null
  },
  {
    "id": "478346DS",
    "title": "Dr. Oetker Ristorante Pizza Hawaii 355 g",
    "category": "Diepvries",
    "price": 3.19,
    "promoPrice": null,
    "pricePerUnit": "8.99 kg",
    "image": "https://www.jumbo.com/dam-images/fit-in/360x360/Products/17042025_1744852801836_1744852808496_478346_DS_04001724039082_C1N1_s05.png",
    "available": true,
    "promoUntil": null
  },
  {
    "id": "135614DS",
    "title": "Neutral Waspoeder Kleur 18 wasbeurten",
    "category": "Huishouden en dieren",
    "price": 7.99,
    "promoPrice": null,
    "pricePerUnit": "0.44 wb",
    "image": "https://www.jumbo.com/dam-images/fit-in/360x360/Products/20092025_1758336714911_1758336744791_135614_DS_08712561475877_H1N1.png",
    "available": true,
    "promoUntil": null
  },
  {
    "id": "170210BAK",
    "title": "Jumbo Bourbon Vanille Schepijs 1250 g",
    "category": "Diepvries",
    "price": 3.44,
    "promoPrice": null,
    "pricePerUnit": "1.38 l",
    "image": "https://www.jumbo.com/dam-images/fit-in/360x360/Products/26062024_1719412466335_1719412472977_8718452774548_1.png",
    "available": true,
    "promoUntil": null
  },
  {
    "id": "283755STK",
    "title": "Milka Thank You Chocolade Pralines 110 g",
    "category": "Koek, snoep, chocolade en chips",
    "price": 3.75,
    "promoPrice": null,
    "pricePerUnit": "34.09 kg",
    "image": "https://www.jumbo.com/dam-images/fit-in/360x360/Products/11092025_1757555227328_1757555242609_283755_STK_07622210598714_C1N1_s01.png",
    "available": true,
    "promoUntil": null
  },
  {
    "id": "552839PAK",
    "title": "Lotus Biscoff speculoos koek XL 2P x 10",
    "category": "Koek, snoep, chocolade en chips",
    "price": 1.87,
    "promoPrice": null,
    "pricePerUnit": "7.48 kg",
    "image": "https://www.jumbo.com/dam-images/fit-in/360x360/Products/08062024_1717817272313_1717817275415_552839_PAK_05410126656145_C1N1.png",
    "available": true,
    "promoUntil": null
  },
  {
    "id": "636734KGR",
    "title": "Jumbo Fijnproevers Diamanthaas ca. 240 g",
    "category": "Vlees, vis en vega",
    "price": 6.69,
    "promoPrice": null,
    "pricePerUnit": "27.89 kg",
    "image": "https://www.jumbo.com/dam-images/fit-in/360x360/Products/27022025_1740670388332_1740670394614_2349026000000_1.png",
    "available": true,
    "promoUntil": null
  },
  {
    "id": "638036FLS",
    "title": "Jumbo Toiletreiniger Ocean Fresh 1 L",
    "category": "Huishouden en dieren",
    "price": 1.08,
    "promoPrice": null,
    "pricePerUnit": "1.08 l",
    "image": "https://www.jumbo.com/dam-images/fit-in/360x360/Products/12122024_1734014704637_1734014710008_8718452701629_1.png",
    "available": true,
    "promoUntil": null
  },
  {
    "id": "306323ZK",
    "title": "Jumbo - Pita Broodjes - 10 Stuks",
    "category": "Brood en gebak",
    "price": 0.89,
    "promoPrice": null,
    "pricePerUnit": "1.78 kg",
    "image": "https://www.jumbo.com/dam-images/fit-in/360x360/Products/29092023_1695995554940_1695995560770_8718452633388_1.png",
    "available": true,
    "promoUntil": null
  },
  {
    "id": "560086BAK",
    "title": "Jumbo Bami Saté Ajam 450 g",
    "category": "Verse maaltijden en gemak",
    "price": 4.5,
    "promoPrice": null,
    "pricePerUnit": "10.0 kg",
    "image": "https://www.jumbo.com/dam-images/fit-in/360x360/Products/14022024_1707872668239_1707872681650_8718452745944_1.png",
    "available": true,
    "promoUntil": null
  },
  {
    "id": "491369ZK",
    "title": "Grand'Italia Macaroni Volkoren 500 g",
    "category": "Wereldkeukens, kruiden, pasta en rijst",
    "price": 1.25,
    "promoPrice": null,
    "pricePerUnit": "2.5 kg",
    "image": "https://www.jumbo.com/dam-images/fit-in/360x360/Products/25052024_1716604779137_1716604782647_491369_ZK_08000050026205_H1N1.png",
    "available": true,
    "promoUntil": null
  },
  {
    "id": "539048PAK",
    "title": "Heineken Premium Pilsener Bier Blik 6 x 500ml",
    "category": "Bier en wijn",
    "price": 8.79,
    "promoPrice": null,
    "pricePerUnit": "2.93 l",
    "image": "https://www.jumbo.com/dam-images/fit-in/360x360/Products/07012025_1736267694111_1736267699195_8712000059057_1.png",
    "available": true,
    "promoUntil": null
  },
  {
    "id": "576134DS",
    "title": "Desperados Original Bier Fles 6 x 330ml",
    "category": "Bier en wijn",
    "price": 9.99,
    "promoPrice": null,
    "pricePerUnit": "5.05 l",
    "image": "https://www.jumbo.com/dam-images/fit-in/360x360/Products/07012025_1736267694891_1736267703145_8712000060596_1.png",
    "available": true,
    "promoUntil": null
  },
  {
    "id": "171741CUP",
    "title": "Johma Kip-Kerrie Salade 175 g",
    "category": "Vleeswaren, kaas en tapas",
    "price": 3.15,
    "promoPrice": null,
    "pricePerUnit": "18.0 kg",
    "image": "https://www.jumbo.com/dam-images/fit-in/360x360/Products/26112024_1732617201211_1732617210647_8710506066401_1.png",
    "available": true,
    "promoUntil": null
  },
  {
    "id": "557551KGR",
    "title": "Jumbo Varkensvlees ca. 320 g",
    "category": "Vlees, vis en vega",
    "price": 3.88,
    "promoPrice": null,
    "pricePerUnit": "12.13 kg",
    "image": "https://www.jumbo.com/dam-images/fit-in/360x360/Products/21112024_1732214201503_1732214216519_2348995000000_1.png",
    "available": true,
    "promoUntil": null
  },
  {
    "id": "663391PAK",
    "title": "Jumbo Waterdoekjes Plasticvrij 60 Stuks",
    "category": "Drogisterij en baby",
    "price": 1.39,
    "promoPrice": null,
    "pricePerUnit": "0.02 pieces",
    "image": "https://www.jumbo.com/dam-images/fit-in/360x360/Products/14022025_1739539694717_1739539703091_8718452816484_596.png",
    "available": true,
    "promoUntil": null
  },
  {
    "id": "549096PAK",
    "title": "Grimbergen - Tripel - Fles - 6 x 300ML",
    "category": "Bier en wijn",
    "price": 8.99,
    "promoPrice": null,
    "pricePerUnit": "4.99 l",
    "image": "https://www.jumbo.com/dam-images/fit-in/360x360/Products/08716700016204H1N14386587e-2af4-4494-bcbf-ff8d3b951818-1745413045975.png",
    "available": true,
    "promoUntil": null
  },
  {
    "id": "484404DS",
    "title": "Mora Oven & Airfryer Bamischijven 4 x 80 g",
    "category": "Diepvries",
    "price": 4.69,
    "promoPrice": null,
    "pricePerUnit": "14.66 kg",
    "image": "https://www.jumbo.com/dam-images/fit-in/360x360/Products/06052025_1746494257912_1746494270068_484404_DS_08710861910494_H1N1.png",
    "available": true,
    "promoUntil": null
  },
  {
    "id": "536739PAK",
    "title": "Grolsch - Premium Pilsner - Blik - 6 x 500ML",
    "category": "Bier en wijn",
    "price": 8.49,
    "promoPrice": null,
    "pricePerUnit": "2.83 l",
    "image": "https://www.jumbo.com/dam-images/fit-in/360x360/Products/08716700018796H1N1afc803a5-9ae0-4a32-a866-b428253acdc6-1758094999748.png",
    "available": true,
    "promoUntil": null
  },
  {
    "id": "308343STK",
    "title": "Jumbo Kattenbakvulling Houtkorrel met Dennengeur 10 L",
    "category": "Huishouden en dieren",
    "price": 6.25,
    "promoPrice": null,
    "pricePerUnit": "0.63 l",
    "image": "https://www.jumbo.com/dam-images/fit-in/360x360/Products/17052024_1715942050842_1715942056939_8718452549146_1.png",
    "available": true,
    "promoUntil": null
  },
  {
    "id": "709198TRA",
    "title": "Lezziz Kipburger 2 Stuks",
    "category": "Vlees, vis en vega",
    "price": 3.59,
    "promoPrice": null,
    "pricePerUnit": "14.36 kg",
    "image": "https://www.jumbo.com/dam-images/fit-in/360x360/Products/03092025_1756906417517_1756906422098_8714798300588_1.png",
    "available": true,
    "promoUntil": null
  },
  {
    "id": "597167DS",
    "title": "Jumbo Sanitairzakken met Handvat 10 L 40 Stuks",
    "category": "Huishouden en dieren",
    "price": 1.25,
    "promoPrice": null,
    "pricePerUnit": "0.03 pieces",
    "image": "https://www.jumbo.com/dam-images/fit-in/360x360/Products/12122024_1734014841750_1734014845532_8718452751907_1.png",
    "available": true,
    "promoUntil": null
  },
  {
    "id": "554513ZK",
    "title": "Jumbo Tumtum Mix Uitdeel 10 x 30 g",
    "category": "Koek, snoep, chocolade en chips",
    "price": 1.67,
    "promoPrice": null,
    "pricePerUnit": "5.57 kg",
    "image": "https://www.jumbo.com/dam-images/fit-in/360x360/Products/09082023_1691588274487_1691588285659_8718452534111_1.png",
    "available": true,
    "promoUntil": null
  },
  {
    "id": "503438ZK",
    "title": "Page Toiletpapier Kussenzacht 12 Rollen",
    "category": "Huishouden en dieren",
    "price": 8.49,
    "promoPrice": null,
    "pricePerUnit": "0.71 pieces",
    "image": "https://www.jumbo.com/dam-images/fit-in/360x360/Products/09092025_1757380714787_1757380721281_503438_ZK_05029053581910_C1N1.png",
    "available": true,
    "promoUntil": null
  },
  {
    "id": "684475FLS",
    "title": "Jean Balmont - Merlot - 750ML",
    "category": "Bier en wijn",
    "price": 3.99,
    "promoPrice": null,
    "pricePerUnit": "5.32 l",
    "image": "https://www.jumbo.com/dam-images/fit-in/360x360/Products/27052025_1748356387976_1748356399809_3176780039930_1.png",
    "available": true,
    "promoUntil": null
  },
  {
    "id": "560084BAK",
    "title": "Jumbo Bami Foe Yong Hai 450 g",
    "category": "Verse maaltijden en gemak",
    "price": 4.5,
    "promoPrice": null,
    "pricePerUnit": "10.0 kg",
    "image": "https://www.jumbo.com/dam-images/fit-in/360x360/Products/14022024_1707872686272_1707872696265_8718452745968_1.png",
    "available": true,
    "promoUntil": null
  },
  {
    "id": "557483ZK",
    "title": "Maaslander Jong 30+ Kaas Plakken 150 g",
    "category": "Vleeswaren, kaas en tapas",
    "price": 2.89,
    "promoPrice": null,
    "pricePerUnit": "19.27 kg",
    "image": "https://www.jumbo.com/dam-images/fit-in/360x360/Products/27082025_1756257244717_1756257254481_557483_ZK_08710243909191_H1N1.png",
    "available": true,
    "promoUntil": null
  },
  {
    "id": "144972DS",
    "title": "Mora Classics Hamburgers 12 x 80 g",
    "category": "Diepvries",
    "price": 4.99,
    "promoPrice": null,
    "pricePerUnit": "5.2 kg",
    "image": "https://www.jumbo.com/dam-images/fit-in/360x360/Products/12042024_1712888140226_1712888159353_144972_DS_08710861994197_C1N1_s04.png",
    "available": true,
    "promoUntil": null
  },
  {
    "id": "436014FLS",
    "title": "Royal Club Tonic Classic 0% Suiker Fles 1L",
    "category": "Frisdrank en sappen",
    "price": 2.49,
    "promoPrice": null,
    "pricePerUnit": "2.49 l",
    "image": "https://www.jumbo.com/dam-images/fit-in/360x360/Products/21112023_1700536918015_1700536923024_436014_FLS_08715600244984_C1N1.png",
    "available": true,
    "promoUntil": null
  },
  {
    "id": "704835KGR",
    "title": "Jumbo Boerenmetworst ca. 130g",
    "category": "Vleeswaren, kaas en tapas",
    "price": 3.0,
    "promoPrice": null,
    "pricePerUnit": "23.08 kg",
    "image": "https://www.jumbo.com/dam-images/fit-in/360x360/Products/12122024_1734014943560_1734014950251_2333336000000_1.png",
    "available": true,
    "promoUntil": null
  },
  {
    "id": "317269STK",
    "title": "La Place Worstenbroodjes 4 Stuks",
    "category": "Brood en gebak",
    "price": 7.49,
    "promoPrice": null,
    "pricePerUnit": "1.87 pieces",
    "image": "https://www.jumbo.com/dam-images/fit-in/360x360/Products/07032025_1741361566121_1741361570441_8718452683659_1.png",
    "available": true,
    "promoUntil": null
  },
  {
    "id": "494099DS",
    "title": "SPA REINE Natuurlijk Mineraalwater Eco Pack 5L",
    "category": "Frisdrank en sappen",
    "price": 4.36,
    "promoPrice": null,
    "pricePerUnit": "0.87 l",
    "image": "https://www.jumbo.com/dam-images/fit-in/360x360/Products/11042024_1712838906820_1712838911856_5410013800088_1.png",
    "available": true,
    "promoUntil": null
  },
  {
    "id": "174246DSL",
    "title": "ERU Kids 20 x 100 g",
    "category": "Vleeswaren, kaas en tapas",
    "price": 33.8,
    "promoPrice": null,
    "pricePerUnit": "16.9 kg",
    "image": "https://www.jumbo.com/dam-images/fit-in/360x360/Products/174246DSL-1692282268842.png",
    "available": true,
    "promoUntil": null
  },
  {
    "id": "343916CUP",
    "title": "Bolletje Roggebrood Fries 500 g",
    "category": "Brood en gebak",
    "price": 1.78,
    "promoPrice": null,
    "pricePerUnit": "3.56 kg",
    "image": "https://www.jumbo.com/dam-images/fit-in/360x360/Products/14022024_1707873205370_1707873212973_8710482533614_1.png",
    "available": true,
    "promoUntil": null
  },
  {
    "id": "564004ZK",
    "title": "Sun Brilliant Shine Vaatwascapsules All-in 1 34 capsules",
    "category": "Huishouden en dieren",
    "price": 19.41,
    "promoPrice": null,
    "pricePerUnit": "0.57 pieces",
    "image": "https://www.jumbo.com/dam-images/fit-in/360x360/Products/26032025_1742959433550_1742959508227_564004_ZK_08720181376344_H1N1.png",
    "available": true,
    "promoUntil": null
  },
  {
    "id": "705248ZK",
    "title": "Jumbo - Tosti Brood Wit - Half",
    "category": "Brood en gebak",
    "price": 1.12,
    "promoPrice": null,
    "pricePerUnit": "2.64 kg",
    "image": "https://www.jumbo.com/dam-images/fit-in/360x360/Products/22042024_1713800059204_1713800070518_8718452792368_1.png",
    "available": true,
    "promoUntil": null
  },
  {
    "id": "641206KGR",
    "title": "Jumbo Ovengebakken Spek ca. 105 g",
    "category": "Vleeswaren, kaas en tapas",
    "price": 3.0,
    "promoPrice": null,
    "pricePerUnit": "28.57 kg",
    "image": "https://www.jumbo.com/dam-images/fit-in/360x360/Products/04072025_1751617998077_1751618003140_2349059000000_1.png",
    "available": true,
    "promoUntil": null
  },
  {
    "id": "387266PAK",
    "title": "Jumbo Krokante Kermis met Kokos 300 g",
    "category": "Koek, snoep, chocolade en chips",
    "price": 1.69,
    "promoPrice": null,
    "pricePerUnit": "5.63 kg",
    "image": "https://www.jumbo.com/dam-images/fit-in/360x360/Products/09082023_1691587850574_1691587862181_8718452497935_1.png",
    "available": true,
    "promoUntil": null
  },
  {
    "id": "510351PAK",
    "title": "Jumbo Volkoren Digestive 400 g",
    "category": "Koek, snoep, chocolade en chips",
    "price": 1.09,
    "promoPrice": null,
    "pricePerUnit": "2.73 kg",
    "image": "https://www.jumbo.com/dam-images/fit-in/360x360/Products/09092025_1757421314486_1757421320212_8718452631162_1.png",
    "available": true,
    "promoUntil": null
  },
  {
    "id": "383979FLS",
    "title": "Mount Fishtail - Sauvignon Blanc - 750 ML",
    "category": "Bier en wijn",
    "price": 8.99,
    "promoPrice": null,
    "pricePerUnit": "11.99 l",
    "image": "https://www.jumbo.com/dam-images/fit-in/360x360/Products/16042024_1713278111615_1713278114429_9421904809307_1.png",
    "available": true,
    "promoUntil": null
  },
  {
    "id": "685493BAK",
    "title": "Jumbo Gegaarde Gehaktballen Varken 8 Stuks",
    "category": "Vlees, vis en vega",
    "price": 3.99,
    "promoPrice": null,
    "pricePerUnit": "12.47 kg",
    "image": "https://www.jumbo.com/dam-images/fit-in/360x360/Products/03072025_1751567587272_1751567593601_8718452898534_1.png",
    "available": true,
    "promoUntil": null
  },
  {
    "id": "538300PAK",
    "title": "Leffe - Blond 0.0% Alcoholvrij Belgisch Abdijbier - Blik - 6 x 330ML",
    "category": "Bier en wijn",
    "price": 8.29,
    "promoPrice": 6.21,
    "pricePerUnit": "3.14 l",
    "image": "https://www.jumbo.com/dam-images/fit-in/360x360/Products/05410228304999H1N1b5b83cc1-778f-48e3-8c73-b61231269bb8-1713366595048.png",
    "available": true,
    "promoUntil": "di 30 sep"
  },
  {
    "id": "538513PAK",
    "title": "Heineken Premium Pilsener Bier Blik 7+1 x 330ml",
    "category": "Bier en wijn",
    "price": 7.77,
    "promoPrice": null,
    "pricePerUnit": "2.94 l",
    "image": "https://www.jumbo.com/dam-images/fit-in/360x360/Products/07012025_1736267674107_1736267677912_8712000059064_1.png",
    "available": true,
    "promoUntil": null
  },
  {
    "id": "200828FLS",
    "title": "Jumbo Lente Fris Wasverzachter 750 ml",
    "category": "Huishouden en dieren",
    "price": 1.59,
    "promoPrice": null,
    "pricePerUnit": "0.05 wb",
    "image": "https://www.jumbo.com/dam-images/fit-in/360x360/Products/09082023_1691584969930_1691584977144_8718452287505_1.png",
    "available": true,
    "promoUntil": null
  },
  {
    "id": "624886ZK",
    "title": "Jumbo's Gnocchi 400 g",
    "category": "Wereldkeukens, kruiden, pasta en rijst",
    "price": 2.99,
    "promoPrice": null,
    "pricePerUnit": "7.48 kg",
    "image": "https://www.jumbo.com/dam-images/fit-in/360x360/Products/02102024_1727876048770_1727876058009_8718452832637_1.png",
    "available": true,
    "promoUntil": null
  },
  {
    "id": "619358STK",
    "title": "Milner Jong Belgen 20+ Kaas Plakken",
    "category": "Vleeswaren, kaas en tapas",
    "price": 3.19,
    "promoPrice": null,
    "pricePerUnit": "21.27 kg",
    "image": "https://www.jumbo.com/dam-images/fit-in/360x360/Products/18112024_1731918756355_1731918776513_8710912059493_6.png",
    "available": true,
    "promoUntil": null
  },
  {
    "id": "583466STK",
    "title": "Jumbo Kaasstrips 8 Stuks",
    "category": "Vleeswaren, kaas en tapas",
    "price": 2.99,
    "promoPrice": null,
    "pricePerUnit": "18.69 kg",
    "image": "https://www.jumbo.com/dam-images/fit-in/360x360/Products/05122023_1701794045503_1701794055107_8718452760916_1.png",
    "available": true,
    "promoUntil": null
  },
  {
    "id": "630266CUP",
    "title": "Jumbo Burrata 250 g",
    "category": "Vleeswaren, kaas en tapas",
    "price": 1.99,
    "promoPrice": null,
    "pricePerUnit": "15.92 kg",
    "image": "https://www.jumbo.com/dam-images/fit-in/360x360/Products/09072024_1720517728345_1720517734185_8718452797738_1.png",
    "available": true,
    "promoUntil": null
  },
  {
    "id": "581692ZK",
    "title": "Jumbo Melange Jonge Bladsla & Veldsla 75 g",
    "category": "Aardappelen, groente en fruit",
    "price": 1.42,
    "promoPrice": null,
    "pricePerUnit": "18.93 kg",
    "image": "https://www.jumbo.com/dam-images/fit-in/360x360/Products/06062024_1717691711944_1717691721878_8718452793358_1.png",
    "available": true,
    "promoUntil": null
  },
  {
    "id": "207384STK",
    "title": "Grand'Italia Fusilli Volkoren 500 g",
    "category": "Wereldkeukens, kruiden, pasta en rijst",
    "price": 1.87,
    "promoPrice": null,
    "pricePerUnit": "3.74 kg",
    "image": "https://www.jumbo.com/dam-images/fit-in/360x360/Products/19042025_1745024499078_1745024503313_207384_STK_08000050137505_H1N1.png",
    "available": true,
    "promoUntil": null
  },
  {
    "id": "195421STK",
    "title": "Jumbo Wok Noodles 248 g",
    "category": "Wereldkeukens, kruiden, pasta en rijst",
    "price": 1.15,
    "promoPrice": null,
    "pricePerUnit": "4.64 kg",
    "image": "https://www.jumbo.com/dam-images/fit-in/360x360/Products/09082023_1691584854499_1691584872305_8718452261543_1.png",
    "available": true,
    "promoUntil": null
  },
  {
    "id": "615304BAK",
    "title": "Jumbo Huzarensalade met Aardappel, Doperwten, Rundvlees en Augurk 1kg",
    "category": "Verse maaltijden en gemak",
    "price": 2.49,
    "promoPrice": null,
    "pricePerUnit": "2.49 kg",
    "image": "https://www.jumbo.com/dam-images/fit-in/360x360/Products/13112024_1731459616422_1731459620872_8718452830763_1.png",
    "available": true,
    "promoUntil": null
  },
  {
    "id": "684474FLS",
    "title": "Jean Balmont - Sauvignon Blanc - 750ML",
    "category": "Bier en wijn",
    "price": 3.99,
    "promoPrice": null,
    "pricePerUnit": "5.32 l",
    "image": "https://www.jumbo.com/dam-images/fit-in/360x360/Products/27052025_1748356387677_1748356391192_3176780039916_1.png",
    "available": true,
    "promoUntil": null
  },
  {
    "id": "429203FLS",
    "title": "Royal Club Ginger Ale Fles 1L",
    "category": "Frisdrank en sappen",
    "price": 2.49,
    "promoPrice": null,
    "pricePerUnit": "2.49 l",
    "image": "https://www.jumbo.com/dam-images/fit-in/360x360/Products/08122023_1702014513383_1702014519100_429203_FLS_08715600244861_C1N1.png",
    "available": true,
    "promoUntil": null
  },
  {
    "id": "490823DS",
    "title": "Mars Ijs repen chocolade caramel 6-pack",
    "category": "Diepvries",
    "price": 4.99,
    "promoPrice": null,
    "pricePerUnit": "16.8 l",
    "image": "https://www.jumbo.com/dam-images/fit-in/360x360/Products/15052025_1747330435213_1747330453074_5000159541459_596.png",
    "available": true,
    "promoUntil": null
  },
  {
    "id": "672113TRA",
    "title": "Jumbo Biologisch Tartaartje 2 Stuks ",
    "category": "Vlees, vis en vega",
    "price": 4.99,
    "promoPrice": null,
    "pricePerUnit": "24.95 kg",
    "image": "https://www.jumbo.com/dam-images/fit-in/360x360/Products/18062025_1750260789134_1750260824186_8718452874347_1.png",
    "available": true,
    "promoUntil": null
  },
  {
    "id": "465533ZK",
    "title": "Jumbo Veldsla 150 g",
    "category": "Aardappelen, groente en fruit",
    "price": 2.19,
    "promoPrice": null,
    "pricePerUnit": "14.6 kg",
    "image": "https://www.jumbo.com/dam-images/fit-in/360x360/Products/05062024_1717601667600_1717601677608_8718452793426_1.png",
    "available": true,
    "promoUntil": null
  },
  {
    "id": "519961TRA",
    "title": "Jumbo's Verse Maaltijd Beef Teriyaki 450 g",
    "category": "Verse maaltijden en gemak",
    "price": 6.29,
    "promoPrice": null,
    "pricePerUnit": "13.98 kg",
    "image": "https://www.jumbo.com/dam-images/fit-in/360x360/Products/16092024_1726444821323_1726444830660_8718452785131_1.png",
    "available": true,
    "promoUntil": null
  },
  {
    "id": "282882STK",
    "title": "Napoleon Fruitmix 225 g",
    "category": "Koek, snoep, chocolade en chips",
    "price": 2.06,
    "promoPrice": null,
    "pricePerUnit": "9.16 kg",
    "image": "https://www.jumbo.com/dam-images/fit-in/360x360/Products/26052025_1748231876611_1748231900759_282882_STK_08721077490489_H1N1.png",
    "available": true,
    "promoUntil": null
  },
  {
    "id": "87880BAK",
    "title": "Jumbo Grove Braadworst Kruidnagel Varken 400g",
    "category": "Vlees, vis en vega",
    "price": 3.99,
    "promoPrice": null,
    "pricePerUnit": "9.98 kg",
    "image": "https://www.jumbo.com/dam-images/fit-in/360x360/Products/05112024_1730820971455_1730820982445_8718452343133_1.png",
    "available": true,
    "promoUntil": null
  },
  {
    "id": "701826KGR",
    "title": "Jumbo Chorizo ca. 125g",
    "category": "Vleeswaren, kaas en tapas",
    "price": 3.0,
    "promoPrice": null,
    "pricePerUnit": "24.0 kg",
    "image": "https://www.jumbo.com/dam-images/fit-in/360x360/Products/22082024_1724337261728_1724337269295_2369202000000_1.png",
    "available": true,
    "promoUntil": null
  },
  {
    "id": "487945PAK",
    "title": "Lipton Ice Tea Green Lemon 1,5 L",
    "category": "Frisdrank en sappen",
    "price": 3.39,
    "promoPrice": null,
    "pricePerUnit": "2.26 l",
    "image": "https://www.jumbo.com/dam-images/fit-in/360x360/Products/08062025_1749345517727_1749345532799_487945_PAK_08711327547964_H1N1.png",
    "available": true,
    "promoUntil": null
  },
  {
    "id": "212301STK",
    "title": "Verkade Originals Nizza Kokos met een Laagje Suiker 240 g",
    "category": "Koek, snoep, chocolade en chips",
    "price": 1.78,
    "promoPrice": null,
    "pricePerUnit": "7.42 kg",
    "image": "https://www.jumbo.com/dam-images/fit-in/360x360/Products/28112024_1732764846294_1732764851532_212301_STK_08710412973572_H1N1.png",
    "available": true,
    "promoUntil": null
  },
  {
    "id": "610623STK",
    "title": "Jumbo Ovengebakken Spek 100 g",
    "category": "Vleeswaren, kaas en tapas",
    "price": 2.79,
    "promoPrice": null,
    "pricePerUnit": "27.9 kg",
    "image": "https://www.jumbo.com/dam-images/fit-in/360x360/Products/12122024_1734014784341_1734014790082_8718452775309_1.png",
    "available": true,
    "promoUntil": null
  },
  {
    "id": "612236DS",
    "title": "Mexicano Classic Oven & Airfryer 4x88g",
    "category": "Diepvries",
    "price": 3.99,
    "promoPrice": null,
    "pricePerUnit": "11.74 kg",
    "image": "https://www.jumbo.com/dam-images/fit-in/360x360/Products/30012024_1706603309377_1706603313195_612236_DS_08710555530502_A1N1.png",
    "available": true,
    "promoUntil": null
  },
  {
    "id": "693997CUP",
    "title": "Jumbo Wraphapje Gerookte Zalm met Roomkaas 110 g",
    "category": "Vleeswaren, kaas en tapas",
    "price": 3.09,
    "promoPrice": null,
    "pricePerUnit": "28.09 kg",
    "image": "https://www.jumbo.com/dam-images/fit-in/360x360/Products/08072025_1751988827793_1751988835280_8718452923366_1.png",
    "available": true,
    "promoUntil": null
  },
  {
    "id": "608652PAK",
    "title": "Wahid Kipfilet Provence 125 g",
    "category": "Vleeswaren, kaas en tapas",
    "price": 2.54,
    "promoPrice": null,
    "pricePerUnit": "20.32 kg",
    "image": "https://www.jumbo.com/dam-images/fit-in/360x360/Products/28032025_1743157976210_1743157983461_8716221098291_1.png",
    "available": true,
    "promoUntil": null
  },
  {
    "id": "135928PAK",
    "title": "Lieblich - Witte Wijn - 1L",
    "category": "Bier en wijn",
    "price": 2.99,
    "promoPrice": null,
    "pricePerUnit": "2.99 l",
    "image": "https://www.jumbo.com/dam-images/fit-in/360x360/Products/10082023_1691677205193_1691677209590_4003301064784_1.png",
    "available": true,
    "promoUntil": null
  },
  {
    "id": "204651FLS",
    "title": "Roosvicee Vruchtenmix siroop 500 ml",
    "category": "Frisdrank en sappen",
    "price": 2.84,
    "promoPrice": null,
    "pricePerUnit": "5.68 l",
    "image": "https://www.jumbo.com/dam-images/fit-in/360x360/Products/07082025_1754532756469_1754532759748_204651_FLS_08710395946549_C1N1.png",
    "available": true,
    "promoUntil": null
  },
  {
    "id": "608966PAK",
    "title": "DubbelFrisss Boost Bosvruchten - Appel 1,5L",
    "category": "Frisdrank en sappen",
    "price": 1.99,
    "promoPrice": null,
    "pricePerUnit": "1.33 l",
    "image": "https://www.jumbo.com/dam-images/fit-in/360x360/Products/26052025_1748277172673_1748277178971_8720157401964_1.png",
    "available": true,
    "promoUntil": null
  },
  {
    "id": "608236BAK",
    "title": "Jumbo Plakjes Leverworst 175 g",
    "category": "Vleeswaren, kaas en tapas",
    "price": 2.29,
    "promoPrice": null,
    "pricePerUnit": "13.09 kg",
    "image": "https://www.jumbo.com/dam-images/fit-in/360x360/Products/19062024_1718814836625_1718814844995_8718452767823_1.png",
    "available": true,
    "promoUntil": null
  },
  {
    "id": "200872FLS",
    "title": "Jumbo Kleur 2x Geconcentreerd Vloeibaar Wasmiddel - 28 wasbeurten",
    "category": "Huishouden en dieren",
    "price": 2.91,
    "promoPrice": null,
    "pricePerUnit": "0.1 wb",
    "image": "https://www.jumbo.com/dam-images/fit-in/360x360/Products/03012024_1704290946558_1704290952374_8718452281893_1.png",
    "available": true,
    "promoUntil": null
  },
  {
    "id": "144355ROL",
    "title": "Pally Biscuits Marie Biscuits 2 x 200 g",
    "category": "Koek, snoep, chocolade en chips",
    "price": 0.89,
    "promoPrice": null,
    "pricePerUnit": "2.23 kg",
    "image": "https://www.jumbo.com/dam-images/fit-in/360x360/Products/09082023_1691584885377_1691584895656_8710736731056_1.png",
    "available": true,
    "promoUntil": null
  },
  {
    "id": "33169DSL",
    "title": "Peter Mertes - Selektion 6 x 750ml",
    "category": "Bier en wijn",
    "price": 21.3,
    "promoPrice": null,
    "pricePerUnit": "4.73 l",
    "image": "https://www.jumbo.com/dam-images/fit-in/360x360/Products/33169DSL-1692278375375.png",
    "available": true,
    "promoUntil": null
  },
  {
    "id": "600030BAK",
    "title": "Ei-Bieslook Salade 250 g",
    "category": "Vleeswaren, kaas en tapas",
    "price": 1.46,
    "promoPrice": null,
    "pricePerUnit": "5.84 kg",
    "image": "https://www.jumbo.com/dam-images/fit-in/360x360/Products/16012024_1705422786324_1705422796928_8710378860589_1.png",
    "available": true,
    "promoUntil": null
  },
  {
    "id": "699736TRA",
    "title": "Jumbo's Linzen Burger 200 g",
    "category": "Vlees, vis en vega",
    "price": 2.59,
    "promoPrice": null,
    "pricePerUnit": "12.95 kg",
    "image": "https://www.jumbo.com/dam-images/fit-in/360x360/Products/04082025_1754307233530_1754307243546_8718452912636_1.png",
    "available": true,
    "promoUntil": null
  },
  {
    "id": "608651TRA",
    "title": "Wahid Kipfilet Chilipeper 125 g",
    "category": "Vleeswaren, kaas en tapas",
    "price": 2.54,
    "promoPrice": null,
    "pricePerUnit": "20.32 kg",
    "image": "https://www.jumbo.com/dam-images/fit-in/360x360/Products/28032025_1743157976291_1743157984089_8716221004032_1.png",
    "available": true,
    "promoUntil": null
  },
  {
    "id": "465254ZK",
    "title": "Smarties Mini Melkchocolade Uitdeelzak 259 g",
    "category": "Koek, snoep, chocolade en chips",
    "price": 3.36,
    "promoPrice": null,
    "pricePerUnit": "12.97 kg",
    "image": "https://www.jumbo.com/dam-images/fit-in/360x360/Products/08082025_1754616482297_1754616496163_465254_ZK_07613035312111_H1N1_s01.png",
    "available": true,
    "promoUntil": null
  },
  {
    "id": "575153ZK",
    "title": "M&M's Chocolate Maxi 400 g",
    "category": "Koek, snoep, chocolade en chips",
    "price": 6.29,
    "promoPrice": null,
    "pricePerUnit": "15.73 kg",
    "image": "https://www.jumbo.com/dam-images/fit-in/360x360/Products/15082025_1755225124888_1755225129942_575153_ZK_.png",
    "available": true,
    "promoUntil": null
  },
  {
    "id": "645706KGR",
    "title": "Jumbo Coburger ca. 120 g",
    "category": "Vleeswaren, kaas en tapas",
    "price": 3.72,
    "promoPrice": null,
    "pricePerUnit": "31.0 kg",
    "image": "https://www.jumbo.com/dam-images/fit-in/360x360/Products/29012025_1738168391045_1738168404715_2335817000000_1.png",
    "available": true,
    "promoUntil": null
  },
  {
    "id": "90276PAK",
    "title": "Amstel Radler Citroen Bier Fles 6 x 300ml",
    "category": "Bier en wijn",
    "price": 5.79,
    "promoPrice": null,
    "pricePerUnit": "3.22 l",
    "image": "https://www.jumbo.com/dam-images/fit-in/360x360/Products/07012025_1736267692038_1736267697356_8712000033088_1.png",
    "available": true,
    "promoUntil": null
  },
  {
    "id": "540551PAK",
    "title": "7Up Refreshing Lemon & Lime Taste Frisdrank 6 x 330ml",
    "category": "Frisdrank en sappen",
    "price": 4.55,
    "promoPrice": null,
    "pricePerUnit": "2.3 l",
    "image": "https://www.jumbo.com/dam-images/fit-in/360x360/Products/25032024_1711381636025_1711381640814_8715600247800_1.png",
    "available": true,
    "promoUntil": null
  },
  {
    "id": "663221PAK",
    "title": "Jumbo Vochtige Lotion Doekjes Gevoelige Huid 80 Stuks",
    "category": "Drogisterij en baby",
    "price": 1.45,
    "promoPrice": null,
    "pricePerUnit": "0.02 pieces",
    "image": "https://www.jumbo.com/dam-images/fit-in/360x360/Products/14022025_1739539158503_1739539165446_8718452816477_596.png",
    "available": true,
    "promoUntil": null
  },
  {
    "id": "201502DS",
    "title": "Iglo Roerbak Groente-Idee Boerenmix 400 g",
    "category": "Diepvries",
    "price": 3.95,
    "promoPrice": null,
    "pricePerUnit": "9.88 kg",
    "image": "https://www.jumbo.com/dam-images/fit-in/360x360/Products/17072024_1721183068765_1721183074186_201502_DS_08717774267769_C1N1.png",
    "available": true,
    "promoUntil": null
  },
  {
    "id": "226785DS",
    "title": "Jumbo Kibbeling 300 g",
    "category": "Diepvries",
    "price": 2.53,
    "promoPrice": null,
    "pricePerUnit": "8.43 kg",
    "image": "https://www.jumbo.com/dam-images/fit-in/360x360/Products/16042025_1744817609439_1744817623678_8718452650255_596.png",
    "available": true,
    "promoUntil": null
  },
  {
    "id": "411085ZK",
    "title": "Maltesers Crunchy chocolade snoepjes 273g",
    "category": "Koek, snoep, chocolade en chips",
    "price": 6.19,
    "promoPrice": null,
    "pricePerUnit": "22.67 kg",
    "image": "https://www.jumbo.com/dam-images/fit-in/360x360/Products/19062025_1750299834407_1750299839828_411085_ZK_.png",
    "available": true,
    "promoUntil": null
  },
  {
    "id": "413523ZK",
    "title": "Jumbo Opbakaardappelen Geroosterde Knoflook 600 g",
    "category": "Aardappelen, groente en fruit",
    "price": 1.79,
    "promoPrice": null,
    "pricePerUnit": "2.98 kg",
    "image": "https://www.jumbo.com/dam-images/fit-in/360x360/Products/16072024_1721144059442_1721144068305_8718452819225_1.png",
    "available": true,
    "promoUntil": null
  },
  {
    "id": "134890FLS",
    "title": "Gato Negro - Sauvignon Blanc - 750ML",
    "category": "Bier en wijn",
    "price": 5.29,
    "promoPrice": null,
    "pricePerUnit": "7.05 l",
    "image": "https://www.jumbo.com/dam-images/fit-in/360x360/Products/7804300010645T16579de63-1b46-462d-b2d4-3f02736253d6-1742370642526.png",
    "available": true,
    "promoUntil": null
  },
  {
    "id": "552660STK",
    "title": "Jumbo - Kaas-Ui Bollen - 4 Stuks",
    "category": "Brood en gebak",
    "price": 2.79,
    "promoPrice": null,
    "pricePerUnit": "0.7 pieces",
    "image": "https://www.jumbo.com/dam-images/fit-in/360x360/Products/09082023_1691593194318_1691593199235_8718452711147_1.png",
    "available": true,
    "promoUntil": null
  },
  {
    "id": "656688KGR",
    "title": "Wapenaer Goudse Kaas Jong 48+ Plakken ca. 230 g",
    "category": "Vleeswaren, kaas en tapas",
    "price": 3.79,
    "promoPrice": null,
    "pricePerUnit": "16.49 kg",
    "image": "https://www.jumbo.com/dam-images/fit-in/360x360/Products/04092025_1756996411982_1756996416177_2336146000000_1.png",
    "available": true,
    "promoUntil": null
  },
  {
    "id": "12184DSL",
    "title": "Grand Sud – Merlot Rosé 6 x 1 L",
    "category": "Bier en wijn",
    "price": 35.94,
    "promoPrice": null,
    "pricePerUnit": "5.99 l",
    "image": "https://www.jumbo.com/dam-images/fit-in/360x360/Products/12184DSL-1692278328844.png",
    "available": true,
    "promoUntil": null
  },
  {
    "id": "276488ZK",
    "title": "Jumbo Fijngesneden Opbakaardappelen 600 g",
    "category": "Aardappelen, groente en fruit",
    "price": 1.31,
    "promoPrice": null,
    "pricePerUnit": "2.18 kg",
    "image": "https://www.jumbo.com/dam-images/fit-in/360x360/Products/26062024_1719412466678_1719412474063_8718452801534_1.png",
    "available": true,
    "promoUntil": null
  },
  {
    "id": "79127DSL",
    "title": "Los Gansos - Chardonnay 6 x 750ml",
    "category": "Bier en wijn",
    "price": 35.94,
    "promoPrice": null,
    "pricePerUnit": "7.99 l",
    "image": "https://www.jumbo.com/dam-images/fit-in/360x360/Products/37804320369212f60ffed9-5dcf-4e19-b4bc-bc7dc10192b1-1750860429831.png",
    "available": true,
    "promoUntil": null
  },
  {
    "id": "354463FLS",
    "title": "Corvezzo - Prosecco - Biologisch - 750ML",
    "category": "Bier en wijn",
    "price": 7.99,
    "promoPrice": null,
    "pricePerUnit": "10.65 l",
    "image": "https://www.jumbo.com/dam-images/fit-in/360x360/Products/22052025_1747906485881_1747906489980_8051764722518_1.png",
    "available": true,
    "promoUntil": null
  },
  {
    "id": "574527CUP",
    "title": "Robijn Classics 3-in-1 Wascapsules Color 15 wasbeurten",
    "category": "Huishouden en dieren",
    "price": 10.89,
    "promoPrice": null,
    "pricePerUnit": "0.73 wb",
    "image": "https://www.jumbo.com/dam-images/fit-in/360x360/Products/11092025_1757588674855_1757588681365_8720181395307_1.png",
    "available": true,
    "promoUntil": null
  },
  {
    "id": "656950STK",
    "title": "Kips Slagersleverworst 330 g",
    "category": "Vleeswaren, kaas en tapas",
    "price": 2.75,
    "promoPrice": null,
    "pricePerUnit": "8.33 kg",
    "image": "https://www.jumbo.com/dam-images/fit-in/360x360/Products/26052025_1748222575334_1748222578206_656950_STK_08710991000584_C1N1.png",
    "available": true,
    "promoUntil": null
  },
  {
    "id": "622478POT",
    "title": "Vanish Oxi Action Wasbooster Poeder - Vlekverwijderaar Voor Gekleurde Was - 720g",
    "category": "Huishouden en dieren",
    "price": 12.99,
    "promoPrice": null,
    "pricePerUnit": "18.04 kg",
    "image": "https://www.jumbo.com/dam-images/fit-in/360x360/Products/10072025_1752113551559_1752113557469_622478_POT_03665468700823_C1N1.png",
    "available": true,
    "promoUntil": null
  },
  {
    "id": "211768PAK",
    "title": "Jumbo Pizza Diavolo 330 g",
    "category": "Diepvries",
    "price": 2.49,
    "promoPrice": null,
    "pricePerUnit": "7.55 kg",
    "image": "https://www.jumbo.com/dam-images/fit-in/360x360/Products/26042024_1714127650059_1714127682400_8718452777037_596.png",
    "available": true,
    "promoUntil": null
  },
  {
    "id": "26055PAK",
    "title": "Jumbo Kletskoppen met Pindastukjes 175 g",
    "category": "Koek, snoep, chocolade en chips",
    "price": 1.25,
    "promoPrice": null,
    "pricePerUnit": "7.14 kg",
    "image": "https://www.jumbo.com/dam-images/fit-in/360x360/Products/29092023_1695995013061_1695995015916_8718452387793_1.png",
    "available": true,
    "promoUntil": null
  },
  {
    "id": "538530TRL",
    "title": "Amstel Radler Citroen 0.0 Bier Blik 330ml",
    "category": "Bier en wijn",
    "price": 25.16,
    "promoPrice": null,
    "pricePerUnit": "3.18 l",
    "image": "https://www.jumbo.com/dam-images/fit-in/360x360/Products/134661TRL-1692362321743.png",
    "available": true,
    "promoUntil": null
  },
  {
    "id": "680923PAK",
    "title": "Jumbo Duo Drank Sinaasappel Mango 1 L",
    "category": "Frisdrank en sappen",
    "price": 1.69,
    "promoPrice": null,
    "pricePerUnit": "1.69 l",
    "image": "https://www.jumbo.com/dam-images/fit-in/360x360/Products/09072025_1752046391050_1752046396018_8718452887019_1.png",
    "available": true,
    "promoUntil": null
  },
  {
    "id": "398872ZK",
    "title": "Jumbo Ribbel Chips Paprika 250 g",
    "category": "Koek, snoep, chocolade en chips",
    "price": 1.35,
    "promoPrice": null,
    "pricePerUnit": "5.4 kg",
    "image": "https://www.jumbo.com/dam-images/fit-in/360x360/Products/01112024_1730464446951_1730464464192_8718452836277_596.png",
    "available": true,
    "promoUntil": null
  },
  {
    "id": "81222ZK",
    "title": "Aviko Oven Friet Pommes Frites Supercrunch",
    "category": "Diepvries",
    "price": 2.5,
    "promoPrice": null,
    "pricePerUnit": "3.33 kg",
    "image": "https://www.jumbo.com/dam-images/fit-in/360x360/Products/15102024_1728999188243_1728999194594_8710449919451_1.png",
    "available": true,
    "promoUntil": null
  },
  {
    "id": "653625ZK",
    "title": "Délifrance Croissants 6 Stuks",
    "category": "Diepvries",
    "price": 2.85,
    "promoPrice": null,
    "pricePerUnit": "0.48 pieces",
    "image": "https://www.jumbo.com/dam-images/fit-in/360x360/Products/25102024_1729866970332_1729866978937_3291810119731_1.png",
    "available": true,
    "promoUntil": null
  },
  {
    "id": "479108FLS",
    "title": "SPA FRUIT Bruisende Fruitige Frisdrank Orange 1,25 L",
    "category": "Frisdrank en sappen",
    "price": 2.45,
    "promoPrice": null,
    "pricePerUnit": "1.96 l",
    "image": "https://www.jumbo.com/dam-images/fit-in/360x360/Products/19082025_1755568610956_1755568617132_479108_FLS_05410013800040_H1N1.png",
    "available": true,
    "promoUntil": null
  },
  {
    "id": "608967PAK",
    "title": "DubbelFrisss Boost Framboos - Cranberry 1,5L",
    "category": "Frisdrank en sappen",
    "price": 1.99,
    "promoPrice": null,
    "pricePerUnit": "1.33 l",
    "image": "https://www.jumbo.com/dam-images/fit-in/360x360/Products/26052025_1748277172983_1748277177806_8720157401940_1.png",
    "available": true,
    "promoUntil": null
  },
  {
    "id": "617473ZK",
    "title": "Milner Komijn Jong Belegen 30+ Kaas Plakken",
    "category": "Vleeswaren, kaas en tapas",
    "price": 3.39,
    "promoPrice": null,
    "pricePerUnit": "22.6 kg",
    "image": "https://www.jumbo.com/dam-images/fit-in/360x360/Products/04112024_1730709244890_1730709263582_8710912059578_6.png",
    "available": true,
    "promoUntil": null
  },
  {
    "id": "608752KGR",
    "title": "Wapenaer Goudse Kaas 48+ Belegen Plakken Voordeelverpakking ca. 350 g",
    "category": "Vleeswaren, kaas en tapas",
    "price": 6.12,
    "promoPrice": null,
    "pricePerUnit": "17.49 kg",
    "image": "https://www.jumbo.com/dam-images/fit-in/360x360/Products/26032025_1742981586182_1742981591759_2336167000000_1.png",
    "available": true,
    "promoUntil": null
  },
  {
    "id": "170148POT",
    "title": "Aardappel Anders Bacon - Ui 390ML",
    "category": "Wereldkeukens, kruiden, pasta en rijst",
    "price": 3.29,
    "promoPrice": null,
    "pricePerUnit": "8.44 l",
    "image": "https://www.jumbo.com/dam-images/fit-in/360x360/Products/15032024_1710470474362_1710470480479_170148_POT_05414972116518_C1N1.png",
    "available": true,
    "promoUntil": null
  },
  {
    "id": "167986DS",
    "title": "Mora Oven & Airfryer Goudse Kaassoufflés 4 x 70 g",
    "category": "Diepvries",
    "price": 4.59,
    "promoPrice": null,
    "pricePerUnit": "16.39 kg",
    "image": "https://www.jumbo.com/dam-images/fit-in/360x360/Products/26042025_1745638866971_1745638876115_167986_DS_08710861995194_H1N1.png",
    "available": true,
    "promoUntil": null
  },
  {
    "id": "220952POT",
    "title": "Jumbo Rode Kool met Appel 680 g",
    "category": "Aardappelen, groente en fruit",
    "price": 0.63,
    "promoPrice": null,
    "pricePerUnit": "0.93 kg",
    "image": "https://www.jumbo.com/dam-images/fit-in/360x360/Products/09082023_1691585250416_1691585263364_8718452360123_1.png",
    "available": true,
    "promoUntil": null
  },
  {
    "id": "212150STK",
    "title": "Jumbo Hutspot 1 kg",
    "category": "Aardappelen, groente en fruit",
    "price": 2.49,
    "promoPrice": null,
    "pricePerUnit": "2.49 kg",
    "image": "https://www.jumbo.com/dam-images/fit-in/360x360/Products/30092024_1727706763036_1727706771328_8718452798667_1.png",
    "available": true,
    "promoUntil": null
  },
  {
    "id": "526442PAK",
    "title": "La Chouffe - Blond - Fles - 4 x 330ML",
    "category": "Bier en wijn",
    "price": 8.99,
    "promoPrice": null,
    "pricePerUnit": "6.81 l",
    "image": "https://www.jumbo.com/dam-images/fit-in/360x360/Products/09082023_1691588099235_1691588160489_5410769133089_1.png",
    "available": true,
    "promoUntil": null
  },
  {
    "id": "700395FLS",
    "title": "Fleuril Black Wasmiddel 29WB",
    "category": "Huishouden en dieren",
    "price": 13.99,
    "promoPrice": null,
    "pricePerUnit": "0.48 wb",
    "image": "https://www.jumbo.com/dam-images/fit-in/360x360/Products/22052025_1747907806612_1747907822441_700395_FLS_05410091776961_C1N1.png",
    "available": true,
    "promoUntil": null
  },
  {
    "id": "620066ZK",
    "title": "Jumbo Biologische Broccoliroosjes 450 g",
    "category": "Diepvries",
    "price": 2.53,
    "promoPrice": null,
    "pricePerUnit": "5.62 kg",
    "image": "https://www.jumbo.com/dam-images/fit-in/360x360/Products/23052024_1716456913841_1716456922013_8718452810086_1.png",
    "available": true,
    "promoUntil": null
  },
  {
    "id": "211770PAK",
    "title": "Jumbo Pizza Extravaganza 340 g",
    "category": "Diepvries",
    "price": 2.99,
    "promoPrice": null,
    "pricePerUnit": "8.79 kg",
    "image": "https://www.jumbo.com/dam-images/fit-in/360x360/Products/26042024_1714127650164_1714127684409_8718452777044_596.png",
    "available": true,
    "promoUntil": null
  },
  {
    "id": "544536DS",
    "title": "Robijn Classics Wasmiddeldoekjes Color 16 wasstrips",
    "category": "Huishouden en dieren",
    "price": 9.99,
    "promoPrice": null,
    "pricePerUnit": "0.62 wb",
    "image": "https://www.jumbo.com/dam-images/fit-in/360x360/Products/30072025_1753842419169_1753842480351_544536_DS_08720181264641_H1N1.png",
    "available": true,
    "promoUntil": null
  },
  {
    "id": "482735ZK",
    "title": "Doritos Nacho Cheese Tortilla Chips 170 gr",
    "category": "Koek, snoep, chocolade en chips",
    "price": 1.99,
    "promoPrice": null,
    "pricePerUnit": "11.71 kg",
    "image": "https://www.jumbo.com/dam-images/fit-in/360x360/Products/DoritosNachoCheese170grHERO08710398161987H1N1e2846cc0-b86e-462b-b831-83579d6849c5-1754392869232.png",
    "available": true,
    "promoUntil": null
  },
  {
    "id": "546049ZK",
    "title": "Jumbo Verse Friet 1 kg",
    "category": "Aardappelen, groente en fruit",
    "price": 2.49,
    "promoPrice": null,
    "pricePerUnit": "2.49 kg",
    "image": "https://www.jumbo.com/dam-images/fit-in/360x360/Products/05082024_1722872066553_1722872075351_8718452802418_1.png",
    "available": true,
    "promoUntil": null
  },
  {
    "id": "504999STK",
    "title": "Jumbo Asperge Tips Groen 100 g",
    "category": "Aardappelen, groente en fruit",
    "price": 3.99,
    "promoPrice": null,
    "pricePerUnit": "39.9 kg",
    "image": "https://www.jumbo.com/dam-images/fit-in/360x360/Products/11042025_1744378428246_1744378433909_8718449050228_1.png",
    "available": true,
    "promoUntil": null
  },
  {
    "id": "588321ZK",
    "title": "Jumbo Geraspte Pastakaas 45+ 150 g",
    "category": "Vleeswaren, kaas en tapas",
    "price": 2.79,
    "promoPrice": null,
    "pricePerUnit": "18.6 kg",
    "image": "https://www.jumbo.com/dam-images/fit-in/360x360/Products/14022024_1707873798828_1707873806126_8718452749805_1.png",
    "available": true,
    "promoUntil": null
  },
  {
    "id": "679536DS",
    "title": "Swiffer Vloerreiniger Droge Vloerdoekjes Schoon & Fris X30 Vangt En Houdt Stof Vast",
    "category": "Huishouden en dieren",
    "price": 9.49,
    "promoPrice": null,
    "pricePerUnit": "0.32 pieces",
    "image": "https://www.jumbo.com/dam-images/fit-in/360x360/Products/16062025_1750077167114_1750077174196_8700216677295_1.png",
    "available": true,
    "promoUntil": null
  },
  {
    "id": "648135KGR",
    "title": "Jumbo Geitenkaas 30+ Jong Belegen Plakken ca. 200 g",
    "category": "Vleeswaren, kaas en tapas",
    "price": 4.5,
    "promoPrice": null,
    "pricePerUnit": "22.49 kg",
    "image": "https://www.jumbo.com/dam-images/fit-in/360x360/Products/27112023_1701103206429_1701103216256_2336042000000_1.png",
    "available": true,
    "promoUntil": null
  },
  {
    "id": "188165FLS",
    "title": "El Bio - Tempranillo - Cabernet Sauvignon - Biologisch - 750ML",
    "category": "Bier en wijn",
    "price": 5.69,
    "promoPrice": 4.69,
    "pricePerUnit": "6.25 l",
    "image": "https://www.jumbo.com/dam-images/fit-in/360x360/Products/13012025_1736771665622_1736771668198_8436561121168_1.png",
    "available": true,
    "promoUntil": "di 7 okt"
  },
  {
    "id": "484438ZK",
    "title": "Katja Apekoppen XXL Voordeel 410 g",
    "category": "Koek, snoep, chocolade en chips",
    "price": 3.28,
    "promoPrice": null,
    "pricePerUnit": "8.2 kg",
    "image": "https://www.jumbo.com/dam-images/fit-in/360x360/Products/01052024_1714529328489_1714529336378_484438_ZK_08716100202122_C1N1.png",
    "available": true,
    "promoUntil": null
  },
  {
    "id": "63411BAK",
    "title": "Johma Zalmsalade 175 g",
    "category": "Vleeswaren, kaas en tapas",
    "price": 3.99,
    "promoPrice": null,
    "pricePerUnit": "22.8 kg",
    "image": "https://www.jumbo.com/dam-images/fit-in/360x360/Products/06082025_1754442944234_1754442955787_63411_BAK_08710506037067_C1N1.png",
    "available": true,
    "promoUntil": null
  },
  {
    "id": "213957BAK",
    "title": "Zespri Kiwifruit Green 3 Stuks",
    "category": "Aardappelen, groente en fruit",
    "price": 2.49,
    "promoPrice": null,
    "pricePerUnit": "0.83 pieces",
    "image": "https://www.jumbo.com/dam-images/fit-in/360x360/Products/09082023_1691584972776_1691584978585_8710147617574_1.png",
    "available": true,
    "promoUntil": null
  },
  {
    "id": "681339TRA",
    "title": "Jumbo Plantaardig Kipburger Krokant 2 Stuks",
    "category": "Vlees, vis en vega",
    "price": 2.5,
    "promoPrice": null,
    "pricePerUnit": "12.5 kg",
    "image": "https://www.jumbo.com/dam-images/fit-in/360x360/Products/06032025_1741249973947_1741249981860_8718452705641_1.png",
    "available": true,
    "promoUntil": null
  },
  {
    "id": "588988ZK",
    "title": "Jumbo Geraspte Cheddar Kaas 50+ 150 g",
    "category": "Vleeswaren, kaas en tapas",
    "price": 2.99,
    "promoPrice": null,
    "pricePerUnit": "19.93 kg",
    "image": "https://www.jumbo.com/dam-images/fit-in/360x360/Products/14022024_1707873798935_1707873807944_8718452748495_1.png",
    "available": true,
    "promoUntil": null
  },
  {
    "id": "639197PAK",
    "title": "Jumbo Allesreinigerdoekjes Bergamot 80 Stuks",
    "category": "Huishouden en dieren",
    "price": 1.29,
    "promoPrice": null,
    "pricePerUnit": "0.02 pieces",
    "image": "https://www.jumbo.com/dam-images/fit-in/360x360/Products/18112024_1731940417399_1731940423199_8718452825530_1.png",
    "available": true,
    "promoUntil": null
  },
  {
    "id": "179228STK",
    "title": "Beckers Oven & Airfryer Mini Snacks 320 g",
    "category": "Diepvries",
    "price": 3.99,
    "promoPrice": null,
    "pricePerUnit": "12.47 kg",
    "image": "https://www.jumbo.com/dam-images/fit-in/360x360/Products/26102023_1698283022034_1698283040809_179228_STK_08710555148455_C1N1.png",
    "available": true,
    "promoUntil": null
  },
  {
    "id": "580754STK",
    "title": "Jumbo Microvezeldoekjes 8 Stuks",
    "category": "Huishouden en dieren",
    "price": 4.35,
    "promoPrice": null,
    "pricePerUnit": "0.54 pieces",
    "image": "https://www.jumbo.com/dam-images/fit-in/360x360/Products/14052025_1747215232185_1747215246016_8718452699599_1.png",
    "available": true,
    "promoUntil": null
  },
  {
    "id": "688123TRA",
    "title": "Jumbo Heekfilet Mediterraanse Stijl Gemarineerd 210 g",
    "category": "Vlees, vis en vega",
    "price": 4.0,
    "promoPrice": null,
    "pricePerUnit": "19.05 kg",
    "image": "https://www.jumbo.com/dam-images/fit-in/360x360/Products/07072025_1751902636323_1751902643797_8718452893843_1.png",
    "available": true,
    "promoUntil": null
  },
  {
    "id": "147087PAK",
    "title": "Jumbo Vaatwas Zout 2 kg",
    "category": "Huishouden en dieren",
    "price": 1.09,
    "promoPrice": null,
    "pricePerUnit": "0.55 kg",
    "image": "https://www.jumbo.com/dam-images/fit-in/360x360/Products/10082023_1691674904997_1691674924047_8718452063673_1.png",
    "available": true,
    "promoUntil": null
  },
  {
    "id": "505987FLS",
    "title": "Jumbo Biologisch Diksap Appel 400 ml",
    "category": "Frisdrank en sappen",
    "price": 3.95,
    "promoPrice": null,
    "pricePerUnit": "9.88 l",
    "image": "https://www.jumbo.com/dam-images/fit-in/360x360/Products/10082023_1691677709828_1691677715405_8718452648443_1.png",
    "available": true,
    "promoUntil": null
  },
  {
    "id": "563310PAK",
    "title": "Jumbo Green Ice Tea Pure 6 x 250 ml",
    "category": "Frisdrank en sappen",
    "price": 1.9,
    "promoPrice": null,
    "pricePerUnit": "1.27 l",
    "image": "https://www.jumbo.com/dam-images/fit-in/360x360/Products/14022024_1707872836329_1707872843871_8718452636051_1.png",
    "available": true,
    "promoUntil": null
  },
  {
    "id": "294765ZK",
    "title": "Jumbo Filet Americain 3 Stuks",
    "category": "Vleeswaren, kaas en tapas",
    "price": 2.59,
    "promoPrice": null,
    "pricePerUnit": "24.67 kg",
    "image": "https://www.jumbo.com/dam-images/fit-in/360x360/Products/21022025_1740151972276_1740151978446_8718452750443_1.png",
    "available": true,
    "promoUntil": null
  },
  {
    "id": "645763KGR",
    "title": "Jumbo Fricandeau Naturel ca. 100 g",
    "category": "Vleeswaren, kaas en tapas",
    "price": 2.87,
    "promoPrice": null,
    "pricePerUnit": "28.7 kg",
    "image": "https://www.jumbo.com/dam-images/fit-in/360x360/Products/04072025_1751617977621_1751617985094_2378599000000_1.png",
    "available": true,
    "promoUntil": null
  },
  {
    "id": "642075KGR",
    "title": "Jumbo Spianata Romana ca. 110 g",
    "category": "Vleeswaren, kaas en tapas",
    "price": 3.19,
    "promoPrice": null,
    "pricePerUnit": "29.0 kg",
    "image": "https://www.jumbo.com/dam-images/fit-in/360x360/Products/07072025_1751887997041_1751888003003_2353082000000_1.png",
    "available": true,
    "promoUntil": null
  },
  {
    "id": "302236STK",
    "title": "Jumbo Tros Cherry Tomaten 200 g",
    "category": "Aardappelen, groente en fruit",
    "price": 2.19,
    "promoPrice": null,
    "pricePerUnit": "10.95 kg",
    "image": "https://www.jumbo.com/dam-images/fit-in/360x360/Products/29092023_1695994884164_1695994888334_8718449007420_1.png",
    "available": true,
    "promoUntil": null
  },
  {
    "id": "604315FLS",
    "title": "Tiempo & Tierra - Rosé - 750ML",
    "category": "Bier en wijn",
    "price": 4.99,
    "promoPrice": null,
    "pricePerUnit": "6.65 l",
    "image": "https://www.jumbo.com/dam-images/fit-in/360x360/Products/24042024_1713947768593_1713947771161_8411971007288_1.png",
    "available": true,
    "promoUntil": null
  },
  {
    "id": "707295PAK",
    "title": "Leffe - Tripel Belgisch Abdijbier - Fles - 6 x 300ML",
    "category": "Bier en wijn",
    "price": 9.99,
    "promoPrice": 7.49,
    "pricePerUnit": "4.16 l",
    "image": "https://www.jumbo.com/dam-images/fit-in/360x360/Products/09082023_1691587662247_1691587678189_8725000539085_1.png",
    "available": true,
    "promoUntil": "di 30 sep"
  },
  {
    "id": "671305ROL",
    "title": "Jumbo Fruitbiscuits Appelsmaak 6 x 3 Stuks",
    "category": "Koek, snoep, chocolade en chips",
    "price": 1.4,
    "promoPrice": null,
    "pricePerUnit": "5.34 kg",
    "image": "https://www.jumbo.com/dam-images/fit-in/360x360/Products/14022025_1739539724143_1739539737507_8718452861675_596.png",
    "available": true,
    "promoUntil": null
  },
  {
    "id": "167954DS",
    "title": "Iglo Kapiteins Klassiekers Crispino's Familieverpakking 4 Stuks 300 g",
    "category": "Diepvries",
    "price": 4.69,
    "promoPrice": null,
    "pricePerUnit": "15.63 kg",
    "image": "https://www.jumbo.com/dam-images/fit-in/360x360/Products/08717774266427A1N1282a08df-ad1a-47b9-8461-1718407d5e6c-1722415753849.png",
    "available": true,
    "promoUntil": null
  },
  {
    "id": "537672PAK",
    "title": "Hero Cassis The Original 4 x 250 ml",
    "category": "Frisdrank en sappen",
    "price": 2.99,
    "promoPrice": null,
    "pricePerUnit": "2.99 l",
    "image": "https://www.jumbo.com/dam-images/fit-in/360x360/Products/28112023_1701167646496_1701167654014_8713500080923_1.png",
    "available": true,
    "promoUntil": null
  },
  {
    "id": "306157STK",
    "title": "Jumbo - Macarons - 12 Stuks",
    "category": "Brood en gebak",
    "price": 5.49,
    "promoPrice": null,
    "pricePerUnit": "0.46 pieces",
    "image": "https://www.jumbo.com/dam-images/fit-in/360x360/Products/09092025_1757410417685_1757410420766_8718452037186_1.png",
    "available": true,
    "promoUntil": null
  },
  {
    "id": "543975CUP",
    "title": "La Vache qui rit Smeerkaas 40+ Naturel 8 puntjes 120 g",
    "category": "Vleeswaren, kaas en tapas",
    "price": 2.19,
    "promoPrice": null,
    "pricePerUnit": "18.25 kg",
    "image": "https://www.jumbo.com/dam-images/fit-in/360x360/Products/18082025_1755531251789_1755531256460_3073781195972_1.png",
    "available": true,
    "promoUntil": null
  },
  {
    "id": "96225FLS",
    "title": "Waterval Moscato 750 ml",
    "category": "Bier en wijn",
    "price": 5.29,
    "promoPrice": null,
    "pricePerUnit": "7.05 l",
    "image": "https://www.jumbo.com/dam-images/fit-in/360x360/Products/28112024_1732807996369_1732808000077_6001506906128_1.png",
    "available": true,
    "promoUntil": null
  },
  {
    "id": "707692NET",
    "title": "Jumbo Mineola 1 kg",
    "category": "Aardappelen, groente en fruit",
    "price": 2.98,
    "promoPrice": null,
    "pricePerUnit": "2.98 kg",
    "image": "https://www.jumbo.com/dam-images/fit-in/360x360/Products/21072025_1753108367804_1753108376359_8718452149247_1.png",
    "available": true,
    "promoUntil": null
  },
  {
    "id": "608738STK",
    "title": "Jumbo Lekker Veggie Paté Vegan 125 g",
    "category": "Vleeswaren, kaas en tapas",
    "price": 1.87,
    "promoPrice": null,
    "pricePerUnit": "14.96 kg",
    "image": "https://www.jumbo.com/dam-images/fit-in/360x360/Products/12122024_1734014581537_1734014584313_8718452602162_1.png",
    "available": true,
    "promoUntil": null
  },
  {
    "id": "701131DS",
    "title": "Dr. Oetker Big Americans Pizza Cheeseburger Style 444 g",
    "category": "Diepvries",
    "price": 4.99,
    "promoPrice": null,
    "pricePerUnit": "11.24 kg",
    "image": "https://www.jumbo.com/dam-images/fit-in/360x360/Products/10092025_1757466876766_1757466886075_701131_DS_04001724052067_C1N1_s04.png",
    "available": true,
    "promoUntil": null
  },
  {
    "id": "211952FLS",
    "title": "Orbea - Pinot Grigio - 750 ML",
    "category": "Bier en wijn",
    "price": 4.19,
    "promoPrice": null,
    "pricePerUnit": "5.59 l",
    "image": "https://www.jumbo.com/dam-images/fit-in/360x360/Products/09082023_1691586973243_1691586976631_8003545804555_1.png",
    "available": true,
    "promoUntil": null
  },
  {
    "id": "79144FLS",
    "title": "Waterval - Chardonnay - Colombard - 750ML",
    "category": "Bier en wijn",
    "price": 5.29,
    "promoPrice": null,
    "pricePerUnit": "7.05 l",
    "image": "https://www.jumbo.com/dam-images/fit-in/360x360/Products/28112024_1732807996203_1732808000178_6001506900607_1.png",
    "available": true,
    "promoUntil": null
  },
  {
    "id": "532123KGR",
    "title": "Jumbo Goudse Kaas 48+ Jong Belegen ca. 393 g",
    "category": "Vleeswaren, kaas en tapas",
    "price": 6.09,
    "promoPrice": null,
    "pricePerUnit": "15.5 kg",
    "image": "https://www.jumbo.com/dam-images/fit-in/360x360/Products/09082023_1691592646636_1691592712577_2335943000000_1.png",
    "available": true,
    "promoUntil": null
  },
  {
    "id": "168072DS",
    "title": "Grolsch - Citroen Radler - Fles - 6 x 300ML",
    "category": "Bier en wijn",
    "price": 5.89,
    "promoPrice": null,
    "pricePerUnit": "3.27 l",
    "image": "https://www.jumbo.com/dam-images/fit-in/360x360/Products/08716700017010H1N169ae38fd-a595-43af-822b-1767b586fa15-1758097280452.png",
    "available": true,
    "promoUntil": null
  },
  {
    "id": "555589BAK",
    "title": "Jumbo Ei Bacon Salade 200 g",
    "category": "Vleeswaren, kaas en tapas",
    "price": 2.85,
    "promoPrice": null,
    "pricePerUnit": "14.25 kg",
    "image": "https://www.jumbo.com/dam-images/fit-in/360x360/Products/11122023_1702297984292_1702297989199_8718452696376_1.png",
    "available": true,
    "promoUntil": null
  },
  {
    "id": "672235BLS",
    "title": "Varta Longlife Power AA 6+2 Stuks",
    "category": "Non-food en servicebalie",
    "price": 7.99,
    "promoPrice": null,
    "pricePerUnit": "1.0 pieces",
    "image": "https://www.jumbo.com/dam-images/fit-in/360x360/Products/27032025_1743037260264_1743037266827_4008496559558_1.png",
    "available": true,
    "promoUntil": null
  },
  {
    "id": "173085FLS",
    "title": "I Heart - Prosecco - 750 ML",
    "category": "Bier en wijn",
    "price": 6.49,
    "promoPrice": null,
    "pricePerUnit": "8.65 l",
    "image": "https://www.jumbo.com/dam-images/fit-in/360x360/Products/07102024_1728300855337_1728300863744_5060215333329_1.png",
    "available": true,
    "promoUntil": null
  },
  {
    "id": "649715DS",
    "title": "Jumbo Tissues Balsem 3 Laags 80 Stuks",
    "category": "Drogisterij en baby",
    "price": 0.88,
    "promoPrice": null,
    "pricePerUnit": "0.01 pieces",
    "image": "https://www.jumbo.com/dam-images/fit-in/360x360/Products/01112024_1730471707989_1730471721295_8718452814060_596.png",
    "available": true,
    "promoUntil": null
  },
  {
    "id": "522939CUP",
    "title": "Jumbo Surimi met Krab Salade 200 g",
    "category": "Vleeswaren, kaas en tapas",
    "price": 2.99,
    "promoPrice": null,
    "pricePerUnit": "14.95 kg",
    "image": "https://www.jumbo.com/dam-images/fit-in/360x360/Products/28032025_1743157992330_1743157998960_8718452813056_1.png",
    "available": true,
    "promoUntil": null
  },
  {
    "id": "492332PAK",
    "title": "Jumbo Aardappel Gratin 700 g",
    "category": "Aardappelen, groente en fruit",
    "price": 3.29,
    "promoPrice": null,
    "pricePerUnit": "4.7 kg",
    "image": "https://www.jumbo.com/dam-images/fit-in/360x360/Products/05082024_1722872066445_1722872074486_8718452809936_1.png",
    "available": true,
    "promoUntil": null
  },
  {
    "id": "429168PKL",
    "title": "Bar-le-Duc Natuurlijk Mineraalwater Bruisend met Citroen Smaak 6 x 1,5 L",
    "category": "Frisdrank en sappen",
    "price": 7.49,
    "promoPrice": null,
    "pricePerUnit": "0.83 l",
    "image": "https://www.jumbo.com/dam-images/fit-in/360x360/Products/429168PKL-1692282874096.png",
    "available": true,
    "promoUntil": null
  },
  {
    "id": "226725BAK",
    "title": "Jumbo Saté Ajam 260 g",
    "category": "Verse maaltijden en gemak",
    "price": 3.45,
    "promoPrice": null,
    "pricePerUnit": "13.27 kg",
    "image": "https://www.jumbo.com/dam-images/fit-in/360x360/Products/18042024_1713454452912_1713454460668_8718452826728_1.png",
    "available": true,
    "promoUntil": null
  },
  {
    "id": "502273FLS",
    "title": "Slimpie Watermeloen Aardbei Smaak Siroop 650 ml",
    "category": "Frisdrank en sappen",
    "price": 3.49,
    "promoPrice": null,
    "pricePerUnit": "5.37 l",
    "image": "https://www.jumbo.com/dam-images/fit-in/360x360/Products/06022024_1707237251731_1707237259114_8719214811297_1.png",
    "available": true,
    "promoUntil": null
  },
  {
    "id": "560949TRA",
    "title": "Jumbo Spaghetti Tomatensaus 450 g",
    "category": "Verse maaltijden en gemak",
    "price": 4.49,
    "promoPrice": null,
    "pricePerUnit": "9.98 kg",
    "image": "https://www.jumbo.com/dam-images/fit-in/360x360/Products/14022024_1707872745560_1707872756875_8718452738748_1.png",
    "available": true,
    "promoUntil": null
  },
  {
    "id": "428557FLS",
    "title": "Fanta Lemon zero sugar 1,5 L",
    "category": "Frisdrank en sappen",
    "price": 2.85,
    "promoPrice": null,
    "pricePerUnit": "1.9 l",
    "image": "https://www.jumbo.com/dam-images/fit-in/360x360/Products/12012024_1705027909631_1705027913993_428557_FLS_05000112646238_H1N1.png",
    "available": true,
    "promoUntil": null
  },
  {
    "id": "605499PAK",
    "title": "Jumbo Mini Roze Koek 6 Stuks",
    "category": "Koek, snoep, chocolade en chips",
    "price": 1.08,
    "promoPrice": null,
    "pricePerUnit": "5.14 kg",
    "image": "https://www.jumbo.com/dam-images/fit-in/360x360/Products/25092024_1727278475581_1727278483117_8718452794911_1.png",
    "available": true,
    "promoUntil": null
  },
  {
    "id": "579695DS",
    "title": "Dr. Oetker Big Americans Pizza Shoarma 415 g",
    "category": "Diepvries",
    "price": 4.99,
    "promoPrice": null,
    "pricePerUnit": "12.02 kg",
    "image": "https://www.jumbo.com/dam-images/fit-in/360x360/Products/21052025_1747791596290_1747791605103_579695_DS_04001724046790_C1N1_s03.png",
    "available": true,
    "promoUntil": null
  },
  {
    "id": "81319ZK",
    "title": "Santa Maria Tortilla Wraps Medium 8 Stuks 320 g",
    "category": "Wereldkeukens, kruiden, pasta en rijst",
    "price": 2.53,
    "promoPrice": null,
    "pricePerUnit": "0.32 pieces",
    "image": "https://www.jumbo.com/dam-images/fit-in/360x360/Products/13092025_1757731073201_1757731093289_81319_ZK_.png",
    "available": true,
    "promoUntil": null
  },
  {
    "id": "161337DS",
    "title": "Iglo Fish Cuisine Bretagne 380 g",
    "category": "Diepvries",
    "price": 5.93,
    "promoPrice": null,
    "pricePerUnit": "15.61 kg",
    "image": "https://www.jumbo.com/dam-images/fit-in/360x360/Products/29092023_1695996345599_1695996349887_8717774269480_1.png",
    "available": true,
    "promoUntil": null
  },
  {
    "id": "57014PAK",
    "title": "Jumbo à la Minute Aardappelpuree 3 x 60 g",
    "category": "Wereldkeukens, kruiden, pasta en rijst",
    "price": 0.89,
    "promoPrice": null,
    "pricePerUnit": "4.94 kg",
    "image": "https://www.jumbo.com/dam-images/fit-in/360x360/Products/29042025_1745937192130_1745937200836_8711715823748_1.png",
    "available": true,
    "promoUntil": null
  },
  {
    "id": "163200PAK",
    "title": "LU Mini Crackers Naturel 8 x 5 Stuks 250g",
    "category": "Koek, snoep, chocolade en chips",
    "price": 2.06,
    "promoPrice": null,
    "pricePerUnit": "8.24 kg",
    "image": "https://www.jumbo.com/dam-images/fit-in/360x360/Products/24092025_1758720817998_1758720825492_7622210475152_596.png",
    "available": true,
    "promoUntil": null
  },
  {
    "id": "515129ZK",
    "title": "Lay's Bugles Nacho Cheese Kaas Chips 125 gr",
    "category": "Koek, snoep, chocolade en chips",
    "price": 2.19,
    "promoPrice": null,
    "pricePerUnit": "17.52 kg",
    "image": "https://www.jumbo.com/dam-images/fit-in/360x360/Products/15092025_1757954050444_1757954055249_8710398502308_1.png",
    "available": true,
    "promoUntil": null
  },
  {
    "id": "674452FLS",
    "title": "Jumbo Fruitsiroop Framboos met Appel 750ML",
    "category": "Frisdrank en sappen",
    "price": 3.49,
    "promoPrice": null,
    "pricePerUnit": "4.65 l",
    "image": "https://www.jumbo.com/dam-images/fit-in/360x360/Products/09072025_1752046390818_1752046403256_8718452889143_596.png",
    "available": true,
    "promoUntil": null
  },
  {
    "id": "593088PAK",
    "title": "Jumbo Tintelfris Witte Druif Citroen 1Kcal 1,5 L",
    "category": "Frisdrank en sappen",
    "price": 1.29,
    "promoPrice": null,
    "pricePerUnit": "0.86 l",
    "image": "https://www.jumbo.com/dam-images/fit-in/360x360/Products/26042024_1714145594907_1714145610294_8718452649051_596.png",
    "available": true,
    "promoUntil": null
  },
  {
    "id": "625953ZK",
    "title": "Duyvis Tijgernootjes Bacon Kaas Pinda Noten 500 gr",
    "category": "Koek, snoep, chocolade en chips",
    "price": 4.49,
    "promoPrice": null,
    "pricePerUnit": "8.98 kg",
    "image": "https://www.jumbo.com/dam-images/fit-in/360x360/Products/30042025_1746016376418_1746016383683_8710398530707_1.png",
    "available": true,
    "promoUntil": null
  },
  {
    "id": "580153FLS",
    "title": "Karvan Cévitam Zero Multivruchten Siroop 600 ml",
    "category": "Frisdrank en sappen",
    "price": 4.29,
    "promoPrice": null,
    "pricePerUnit": "7.15 l",
    "image": "https://www.jumbo.com/dam-images/fit-in/360x360/Products/28082025_1756343086638_1756343093066_580153_FLS_08710395948659_H1N1.png",
    "available": true,
    "promoUntil": null
  },
  {
    "id": "483647ZK",
    "title": "Tena Discreet with InstaDry Zone Extra Duo Pack 2 x 10 Stuks",
    "category": "Drogisterij en baby",
    "price": 8.79,
    "promoPrice": null,
    "pricePerUnit": "0.44 pieces",
    "image": "https://www.jumbo.com/dam-images/fit-in/360x360/Products/30072024_1722306632266_1722306635363_483647_ZK_.png",
    "available": true,
    "promoUntil": null
  },
  {
    "id": "60903DSL",
    "title": "Peñasol - Vino Tinto 6 x 1L",
    "category": "Bier en wijn",
    "price": 19.68,
    "promoPrice": null,
    "pricePerUnit": "3.28 l",
    "image": "https://www.jumbo.com/dam-images/fit-in/360x360/Products/60903DSL-1692282667344.png",
    "available": true,
    "promoUntil": null
  },
  {
    "id": "169378ZK",
    "title": "Smoeltjes Speculaasjes 8 Zakjes",
    "category": "Koek, snoep, chocolade en chips",
    "price": 2.15,
    "promoPrice": null,
    "pricePerUnit": "10.75 kg",
    "image": "https://www.jumbo.com/dam-images/fit-in/360x360/Products/22122023_1703225269217_1703225274505_169378_ZK_08710508770900_C1N1.png",
    "available": true,
    "promoUntil": null
  },
  {
    "id": "683348BAK",
    "title": "Ouwehand Rijke Haringsalade Room 250 g",
    "category": "Vlees, vis en vega",
    "price": 3.45,
    "promoPrice": null,
    "pricePerUnit": "13.8 kg",
    "image": "https://www.jumbo.com/dam-images/fit-in/360x360/Products/16062025_1750070007220_1750070014505_8710407088526_1.png",
    "available": true,
    "promoUntil": null
  },
  {
    "id": "444569FLS",
    "title": "Robijn Klein & Krachtig Classics Vloeibaar Wasmiddel Color Pink Sensation 19 Wasbeurten",
    "category": "Huishouden en dieren",
    "price": 17.49,
    "promoPrice": null,
    "pricePerUnit": "0.92 wb",
    "image": "https://www.jumbo.com/dam-images/fit-in/360x360/Products/23092025_1758589982547_1758590008271_444569_FLS_08720181105197_H1N1.png",
    "available": true,
    "promoUntil": null
  },
  {
    "id": "531520DS",
    "title": "Kleenex Tissues - Soft White - Everyday 70 Stuks",
    "category": "Drogisterij en baby",
    "price": 1.29,
    "promoPrice": null,
    "pricePerUnit": "0.02 pieces",
    "image": "https://www.jumbo.com/dam-images/fit-in/360x360/Products/10082023_1691677663819_1691677674955_5029053039688_1.png",
    "available": true,
    "promoUntil": null
  },
  {
    "id": "548010STK",
    "title": "Jumbo - Rijstevlaai Slagroom - Half",
    "category": "Brood en gebak",
    "price": 7.99,
    "promoPrice": null,
    "pricePerUnit": "7.99 pieces",
    "image": "https://www.jumbo.com/dam-images/fit-in/360x360/Products/09092025_1757406804510_1757406821846_8718452721856_9.png",
    "available": true,
    "promoUntil": null
  },
  {
    "id": "470207DS",
    "title": "Jumbo Peren Waterijsjes 12 Stuks",
    "category": "Diepvries",
    "price": 1.59,
    "promoPrice": null,
    "pricePerUnit": "2.65 kg",
    "image": "https://www.jumbo.com/dam-images/fit-in/360x360/Products/10082023_1691676463339_1691676502025_8718452576944_1.png",
    "available": true,
    "promoUntil": null
  },
  {
    "id": "509021ZK",
    "title": "Snickers Minis chocolade pinda caramel repen uitdeelzak 333g",
    "category": "Koek, snoep, chocolade en chips",
    "price": 4.49,
    "promoPrice": null,
    "pricePerUnit": "13.48 kg",
    "image": "https://www.jumbo.com/dam-images/fit-in/360x360/Products/04072025_1751594989637_1751594994612_509021_ZK_05000159560832_C1N1.png",
    "available": true,
    "promoUntil": null
  },
  {
    "id": "188553PAK",
    "title": "Jumbo Piccolo Wit 6 Stuks 300 g",
    "category": "Brood en gebak",
    "price": 0.99,
    "promoPrice": null,
    "pricePerUnit": "3.3 kg",
    "image": "https://www.jumbo.com/dam-images/fit-in/360x360/Products/29092023_1695995636476_1695995641890_8718452644797_1.png",
    "available": true,
    "promoUntil": null
  },
  {
    "id": "99450STK",
    "title": "Jumbo Bapao Rundvlees 115 g",
    "category": "Verse maaltijden en gemak",
    "price": 1.29,
    "promoPrice": null,
    "pricePerUnit": "1.29 pieces",
    "image": "https://www.jumbo.com/dam-images/fit-in/360x360/Products/18042025_1744972367386_1744972375402_8718452893065_1.png",
    "available": true,
    "promoUntil": null
  },
  {
    "id": "569255ZK",
    "title": "Puuur visch Kibbeling Oven & Airfryer 450 g",
    "category": "Diepvries",
    "price": 6.49,
    "promoPrice": null,
    "pricePerUnit": "14.42 kg",
    "image": "https://www.jumbo.com/dam-images/fit-in/360x360/Products/14022024_1707872893385_1707872912803_8719326805801_1.png",
    "available": true,
    "promoUntil": null
  },
  {
    "id": "470209DS",
    "title": "Jumbo Aardbei Waterijsjes met Echt Fruit 12 Stuks",
    "category": "Diepvries",
    "price": 1.59,
    "promoPrice": null,
    "pricePerUnit": "2.65 kg",
    "image": "https://www.jumbo.com/dam-images/fit-in/360x360/Products/09082023_1691596486971_1691596500085_8718452576951_1.png",
    "available": true,
    "promoUntil": null
  },
  {
    "id": "581148ZK",
    "title": "Jumbo Peterselie 40 g",
    "category": "Aardappelen, groente en fruit",
    "price": 1.59,
    "promoPrice": null,
    "pricePerUnit": "39.75 kg",
    "image": "https://www.jumbo.com/dam-images/fit-in/360x360/Products/29072024_1722270917726_1722270923624_8718452796335_1.png",
    "available": true,
    "promoUntil": null
  },
  {
    "id": "624208FLS",
    "title": "Sun Spoelglans Vaatwas 750 ml",
    "category": "Huishouden en dieren",
    "price": 4.75,
    "promoPrice": null,
    "pricePerUnit": "6.33 l",
    "image": "https://www.jumbo.com/dam-images/fit-in/360x360/Products/05092025_1757039469092_1757039492976_624208_FLS_08720181485879_C1N1.png",
    "available": true,
    "promoUntil": null
  },
  {
    "id": "688126KGR",
    "title": "Jumbo Scholfilet Zonder Huid ca. 240 g",
    "category": "Vlees, vis en vega",
    "price": 6.48,
    "promoPrice": null,
    "pricePerUnit": "26.99 kg",
    "image": "https://www.jumbo.com/dam-images/fit-in/360x360/Products/26052025_1748244748316_1748244755183_2369307000000_1.png",
    "available": true,
    "promoUntil": null
  },
  {
    "id": "149216TRA",
    "title": "Maza Muhammara 200g",
    "category": "Vleeswaren, kaas en tapas",
    "price": 2.95,
    "promoPrice": null,
    "pricePerUnit": "14.75 kg",
    "image": "https://www.jumbo.com/dam-images/fit-in/360x360/Products/29082025_1756432477956_1756432487474_149216_TRA_08714779001862_A1N1.png",
    "available": true,
    "promoUntil": null
  },
  {
    "id": "690245FLS",
    "title": "Robijn Klein & Krachtig Wasmiddel Zwart 665ML",
    "category": "Huishouden en dieren",
    "price": 17.99,
    "promoPrice": null,
    "pricePerUnit": "0.82 wb",
    "image": "https://www.jumbo.com/dam-images/fit-in/360x360/Products/16092025_1757984767438_1757984813294_690245_FLS_08720181676796_C1N1.png",
    "available": true,
    "promoUntil": null
  },
  {
    "id": "444440ZK",
    "title": "Jumbo - Baguette Volkoren - 2 Stuks",
    "category": "Brood en gebak",
    "price": 1.45,
    "promoPrice": null,
    "pricePerUnit": "4.83 kg",
    "image": "https://www.jumbo.com/dam-images/fit-in/360x360/Products/29092023_1695995626996_1695995635966_8718452644841_1.png",
    "available": true,
    "promoUntil": null
  },
  {
    "id": "447895DSL",
    "title": "Jumbo Huiswijn - Halfzoet 6 x 1 L",
    "category": "Bier en wijn",
    "price": 29.34,
    "promoPrice": null,
    "pricePerUnit": "4.89 l",
    "image": "https://www.jumbo.com/dam-images/fit-in/360x360/Products/447895DSL-1692362533892.png",
    "available": true,
    "promoUntil": null
  },
  {
    "id": "306143STK",
    "title": "Jumbo - Kersen-vanillebavaroisvlaai - Half",
    "category": "Brood en gebak",
    "price": 8.49,
    "promoPrice": null,
    "pricePerUnit": "8.49 pieces",
    "image": "https://www.jumbo.com/dam-images/fit-in/360x360/Products/29042025_1745933569031_1745933588927_8718452129553_9.png",
    "available": true,
    "promoUntil": null
  },
  {
    "id": "613296DS",
    "title": "Ola IJs Cornetto Classico 6 Stuks 6 x 90ml",
    "category": "Diepvries",
    "price": 4.29,
    "promoPrice": null,
    "pricePerUnit": "7.94 l",
    "image": "https://www.jumbo.com/dam-images/fit-in/360x360/Products/26052025_1748226719661_1748226775275_613296_DS_08711327616783_H1N1.png",
    "available": true,
    "promoUntil": null
  },
  {
    "id": "648142KGR",
    "title": "Jumbo Geitenkaas Belegen 50+ ca. 350 g",
    "category": "Vleeswaren, kaas en tapas",
    "price": 7.7,
    "promoPrice": null,
    "pricePerUnit": "21.99 kg",
    "image": "https://www.jumbo.com/dam-images/fit-in/360x360/Products/09082023_1691592990084_1691593083134_2335973000000_1.png",
    "available": true,
    "promoUntil": null
  },
  {
    "id": "479107FLS",
    "title": "Spa FRUIT Bruisende Fruitige Frisdrank Lemon Cactus 1,25 L",
    "category": "Frisdrank en sappen",
    "price": 2.45,
    "promoPrice": null,
    "pricePerUnit": "1.96 l",
    "image": "https://www.jumbo.com/dam-images/fit-in/360x360/Products/19082025_1755568638597_1755568644584_479107_FLS_05410013802044_H1N1.png",
    "available": true,
    "promoUntil": null
  },
  {
    "id": "690249FLS",
    "title": "Robijn Klein & Krachtig Wasmiddel Zwart 1,19L",
    "category": "Huishouden en dieren",
    "price": 30.49,
    "promoPrice": null,
    "pricePerUnit": "0.78 wb",
    "image": "https://www.jumbo.com/dam-images/fit-in/360x360/Products/29062025_1751158917312_1751158940210_690249_FLS_08720181676888_H1N1.png",
    "available": true,
    "promoUntil": null
  },
  {
    "id": "211814ZK",
    "title": "Jumbo Minikrieltjes Bourgondisch 600 g",
    "category": "Aardappelen, groente en fruit",
    "price": 1.29,
    "promoPrice": null,
    "pricePerUnit": "2.15 kg",
    "image": "https://www.jumbo.com/dam-images/fit-in/360x360/Products/05082024_1722872065994_1722872073231_8718452819188_1.png",
    "available": true,
    "promoUntil": null
  },
  {
    "id": "220627SLF",
    "title": "Jumbo Mini Tortilla Naturel 12 Stuks",
    "category": "Wereldkeukens, kruiden, pasta en rijst",
    "price": 1.99,
    "promoPrice": null,
    "pricePerUnit": "7.65 kg",
    "image": "https://www.jumbo.com/dam-images/fit-in/360x360/Products/01022024_1706794450859_1706794466324_8718452726837_1.png",
    "available": true,
    "promoUntil": null
  },
  {
    "id": "669621DS",
    "title": "Ariel 3in1 PODS Color, Wasmiddel Capsules 15",
    "category": "Huishouden en dieren",
    "price": 12.99,
    "promoPrice": null,
    "pricePerUnit": "0.87 pieces",
    "image": "https://www.jumbo.com/dam-images/fit-in/360x360/Products/14082025_1755200015423_1755200022257_8700216683982_1.png",
    "available": true,
    "promoUntil": null
  },
  {
    "id": "192158STK",
    "title": "WC Eend Action Gel Marine Wave",
    "category": "Huishouden en dieren",
    "price": 3.75,
    "promoPrice": null,
    "pricePerUnit": "5.0 l",
    "image": "https://www.jumbo.com/dam-images/fit-in/360x360/Products/15102024_1728958293381_1728958296415_192158_STK_05000204007473_C1N1.png",
    "available": true,
    "promoUntil": null
  },
  {
    "id": "683123DS",
    "title": "Bavaria 0.0% Fruity Rosé 6x330ML",
    "category": "Bier en wijn",
    "price": 5.89,
    "promoPrice": null,
    "pricePerUnit": "2.97 l",
    "image": "https://www.jumbo.com/dam-images/fit-in/360x360/Products/08714800051538C1N0c6b0d83c-00ee-4e46-a9ef-72ba526f188d-1749739425190.png",
    "available": true,
    "promoUntil": null
  },
  {
    "id": "633957CUP",
    "title": "Jumbo Hummus Naturel 200 g",
    "category": "Vleeswaren, kaas en tapas",
    "price": 2.39,
    "promoPrice": null,
    "pricePerUnit": "11.95 kg",
    "image": "https://www.jumbo.com/dam-images/fit-in/360x360/Products/04092024_1725460583958_1725460591544_8718452854448_1.png",
    "available": true,
    "promoUntil": null
  },
  {
    "id": "354590ZK",
    "title": "Duyvis Borrelnootjes Poesta Pinda Noten 275 gr",
    "category": "Koek, snoep, chocolade en chips",
    "price": 2.99,
    "promoPrice": null,
    "pricePerUnit": "10.87 kg",
    "image": "https://www.jumbo.com/dam-images/fit-in/360x360/Products/16072025_1752661986255_1752661991615_8710398517388_1.png",
    "available": true,
    "promoUntil": null
  },
  {
    "id": "490312FLS",
    "title": "SPA FRUIT Niet-Bruisende Fruitige Frisdrank Raspberry Blackcurrant 1,25 L",
    "category": "Frisdrank en sappen",
    "price": 2.45,
    "promoPrice": null,
    "pricePerUnit": "1.96 l",
    "image": "https://www.jumbo.com/dam-images/fit-in/360x360/Products/13082024_1723534518831_1723534522988_5410013811046_1.png",
    "available": true,
    "promoUntil": null
  },
  {
    "id": "200549DS",
    "title": "Original Wagner Piccolinis Pizza Tomate-Mozzarella 9 Stuks 270 g",
    "category": "Diepvries",
    "price": 3.49,
    "promoPrice": null,
    "pricePerUnit": "12.93 kg",
    "image": "https://www.jumbo.com/dam-images/fit-in/360x360/Products/27082024_1724733346845_1724733355871_200549_DS_04009233014446_C1N1_s06.png",
    "available": true,
    "promoUntil": null
  },
  {
    "id": "452708FLS",
    "title": "Signature des Princes - Chateauneuf du Pape - Grenache Noir - Syrah - 750ML",
    "category": "Bier en wijn",
    "price": 25.49,
    "promoPrice": null,
    "pricePerUnit": "33.99 l",
    "image": "https://www.jumbo.com/dam-images/fit-in/360x360/Products/09082023_1691596457951_1691596460321_3760170008011_1.png",
    "available": true,
    "promoUntil": null
  },
  {
    "id": "672361TRA",
    "title": "Mora Kip Saté in Milde Pindasaus Value Pack 2 x 160g",
    "category": "Diepvries",
    "price": 3.99,
    "promoPrice": null,
    "pricePerUnit": "12.47 kg",
    "image": "https://www.jumbo.com/dam-images/fit-in/360x360/Products/20022025_1740019376105_1740019384634_672361_TRA_08710861986338_C1N1.png",
    "available": true,
    "promoUntil": null
  },
  {
    "id": "656690KGR",
    "title": "Wapenaer Goudse Kaas 48+ Jong Belegen ca. 230 g",
    "category": "Vleeswaren, kaas en tapas",
    "price": 4.02,
    "promoPrice": null,
    "pricePerUnit": "17.49 kg",
    "image": "https://www.jumbo.com/dam-images/fit-in/360x360/Products/14102024_1728894968394_1728894979077_2336145000000_1.png",
    "available": true,
    "promoUntil": null
  },
  {
    "id": "553432PAK",
    "title": "Lipton Ice Tea Peach 1,5L",
    "category": "Frisdrank en sappen",
    "price": 3.39,
    "promoPrice": null,
    "pricePerUnit": "2.26 l",
    "image": "https://www.jumbo.com/dam-images/fit-in/360x360/Products/11032025_1741662063711_1741662087823_553432_PAK_08711327579033_H1N1.png",
    "available": true,
    "promoUntil": null
  },
  {
    "id": "617475TRA",
    "title": "Milner Belegen 30+ Kaas Plakken",
    "category": "Vleeswaren, kaas en tapas",
    "price": 3.29,
    "promoPrice": null,
    "pricePerUnit": "21.93 kg",
    "image": "https://www.jumbo.com/dam-images/fit-in/360x360/Products/18112024_1731940416984_1731940438860_8710912059530_6.png",
    "available": true,
    "promoUntil": null
  },
  {
    "id": "625432DS",
    "title": "Jumbo Chocs Mini Mix 285 g",
    "category": "Diepvries",
    "price": 2.35,
    "promoPrice": null,
    "pricePerUnit": "5.88 l",
    "image": "https://www.jumbo.com/dam-images/fit-in/360x360/Products/04062024_1717490781089_1717490797091_8718452806706_596.png",
    "available": true,
    "promoUntil": null
  },
  {
    "id": "423905ZK",
    "title": "Jumbo Knapperige Ham & Kaas 125 g",
    "category": "Koek, snoep, chocolade en chips",
    "price": 0.77,
    "promoPrice": null,
    "pricePerUnit": "6.16 kg",
    "image": "https://www.jumbo.com/dam-images/fit-in/360x360/Products/423905_8718452540938_1_T1_423905ZK1691170936038.png",
    "available": true,
    "promoUntil": null
  },
  {
    "id": "203972STK",
    "title": "Van der Meulen Melba Toast Naturel 120 g",
    "category": "Koek, snoep, chocolade en chips",
    "price": 1.41,
    "promoPrice": null,
    "pricePerUnit": "11.75 kg",
    "image": "https://www.jumbo.com/dam-images/fit-in/360x360/Products/20012024_1705721229287_1705721237728_203972_STK_08710649120992_C1N1.png",
    "available": true,
    "promoUntil": null
  },
  {
    "id": "704836DS",
    "title": "Jumbo Meloenmix Watermeloen Cantaloupe Meloen Galiameloen 175 g",
    "category": "Aardappelen, groente en fruit",
    "price": 2.25,
    "promoPrice": null,
    "pricePerUnit": "12.86 kg",
    "image": "https://www.jumbo.com/dam-images/fit-in/360x360/Products/16062025_1750077167529_1750077174905_8718452835607_1.png",
    "available": true,
    "promoUntil": null
  },
  {
    "id": "668880KGR",
    "title": "Jumbo Yorkham Naturel ca. 120 g",
    "category": "Vleeswaren, kaas en tapas",
    "price": 3.66,
    "promoPrice": null,
    "pricePerUnit": "30.5 kg",
    "image": "https://www.jumbo.com/dam-images/fit-in/360x360/Products/07022025_1738945991430_1738946009799_2369595000000_1.png",
    "available": true,
    "promoUntil": null
  },
  {
    "id": "179769DS",
    "title": "Topking VlamTosti's Lekker Pittig 2 Stuks 240 g",
    "category": "Diepvries",
    "price": 3.49,
    "promoPrice": null,
    "pricePerUnit": "14.54 kg",
    "image": "https://www.jumbo.com/dam-images/fit-in/360x360/Products/04082025_1754303572702_1754303581620_8711103401459_1.png",
    "available": true,
    "promoUntil": null
  },
  {
    "id": "469606FLS",
    "title": "Royal Club Bitter Lemon Fles 1L",
    "category": "Frisdrank en sappen",
    "price": 2.49,
    "promoPrice": null,
    "pricePerUnit": "2.49 l",
    "image": "https://www.jumbo.com/dam-images/fit-in/360x360/Products/10102023_1696900790728_1696900795353_469606_FLS_08715600244724_C1N1.png",
    "available": true,
    "promoUntil": null
  },
  {
    "id": "207108BAK",
    "title": "Jumbo Filet Americain Speciaal 175 g",
    "category": "Vleeswaren, kaas en tapas",
    "price": 3.19,
    "promoPrice": null,
    "pricePerUnit": "18.23 kg",
    "image": "https://www.jumbo.com/dam-images/fit-in/360x360/Products/18092023_1695054105629_1695054115176_8718452604555_1.png",
    "available": true,
    "promoUntil": null
  },
  {
    "id": "522938CUP",
    "title": "Jumbo Surinaamse Eisalade 200 g",
    "category": "Vleeswaren, kaas en tapas",
    "price": 2.79,
    "promoPrice": null,
    "pricePerUnit": "13.95 kg",
    "image": "https://www.jumbo.com/dam-images/fit-in/360x360/Products/23112023_1700746391269_1700746409907_8718452665389_1.png",
    "available": true,
    "promoUntil": null
  },
  {
    "id": "474844FLS",
    "title": "Neutral Vloeibaar Wasmiddel Kleur 20 wasbeurten",
    "category": "Huishouden en dieren",
    "price": 8.69,
    "promoPrice": null,
    "pricePerUnit": "0.43 wb",
    "image": "https://www.jumbo.com/dam-images/fit-in/360x360/Products/08092025_1757334778651_1757334781903_8720181212666_1.png",
    "available": true,
    "promoUntil": null
  },
  {
    "id": "550004ZK",
    "title": "Maaslander Jong 50+ Kaas Plakken 150 g",
    "category": "Vleeswaren, kaas en tapas",
    "price": 2.99,
    "promoPrice": null,
    "pricePerUnit": "19.93 kg",
    "image": "https://www.jumbo.com/dam-images/fit-in/360x360/Products/10072025_1752157973095_1752157984936_8710243909160_596.png",
    "available": true,
    "promoUntil": null
  },
  {
    "id": "428597PAK",
    "title": "Taksi Tropisch Fruit Ananas Passievrucht 2 L",
    "category": "Frisdrank en sappen",
    "price": 2.96,
    "promoPrice": null,
    "pricePerUnit": "1.48 l",
    "image": "https://www.jumbo.com/dam-images/fit-in/360x360/Products/25042025_1745546567445_1745546598712_428597_PAK_08720157464914_C1N1.png",
    "available": true,
    "promoUntil": null
  },
  {
    "id": "645604DS",
    "title": "Mora Oven & Airfryer Frikandellen Value Pack 8 x 70g",
    "category": "Diepvries",
    "price": 4.85,
    "promoPrice": null,
    "pricePerUnit": "8.66 kg",
    "image": "https://www.jumbo.com/dam-images/fit-in/360x360/Products/16092025_1757985210345_1757985220202_645604_DS_08710861914683_H1N1.png",
    "available": true,
    "promoUntil": null
  },
  {
    "id": "612479STK",
    "title": "Jumbo Tostiham Voordeelverpakking 225 g",
    "category": "Vleeswaren, kaas en tapas",
    "price": 3.69,
    "promoPrice": null,
    "pricePerUnit": "16.4 kg",
    "image": "https://www.jumbo.com/dam-images/fit-in/360x360/Products/07052024_1715099656470_1715099662640_8718452824274_1.png",
    "available": true,
    "promoUntil": null
  },
  {
    "id": "505988DS",
    "title": "Knorr Wereldgerechten Maaltijdpakket Mexicaanse Taco's XL 245 g",
    "category": "Wereldkeukens, kruiden, pasta en rijst",
    "price": 5.79,
    "promoPrice": null,
    "pricePerUnit": "23.63 kg",
    "image": "https://www.jumbo.com/dam-images/fit-in/360x360/Products/19092025_1758288802892_1758288810901_8720182257062_1.png",
    "available": true,
    "promoUntil": null
  },
  {
    "id": "687752ZK",
    "title": "Lay's Sensations Mexican Pepper Chips 150g",
    "category": "Koek, snoep, chocolade en chips",
    "price": 2.49,
    "promoPrice": null,
    "pricePerUnit": "16.6 kg",
    "image": "https://www.jumbo.com/dam-images/fit-in/360x360/Products/21032025_1742559725071_1742559740066_687752_ZK_08710398160034_C1N1.png",
    "available": true,
    "promoUntil": null
  },
  {
    "id": "608220STK",
    "title": "van Oers Rundvleessalade 1000 g",
    "category": "Verse maaltijden en gemak",
    "price": 5.99,
    "promoPrice": null,
    "pricePerUnit": "5.99 kg",
    "image": "https://www.jumbo.com/dam-images/fit-in/360x360/Products/12122024_1734014623063_1734014629245_8712404035077_1.png",
    "available": true,
    "promoUntil": null
  },
  {
    "id": "135532BAK",
    "title": "HEKS'NKAAS® Origineel 150 g",
    "category": "Vleeswaren, kaas en tapas",
    "price": 2.75,
    "promoPrice": null,
    "pricePerUnit": "18.33 kg",
    "image": "https://www.jumbo.com/dam-images/fit-in/360x360/Products/23082025_1755911741207_1755911745707_135532_BAK_08718719170137_C1N1.png",
    "available": true,
    "promoUntil": null
  },
  {
    "id": "684965DS",
    "title": "Jumbo Rode Kool & Appel 450 g",
    "category": "Diepvries",
    "price": 0.89,
    "promoPrice": null,
    "pricePerUnit": "1.98 kg",
    "image": "https://www.jumbo.com/dam-images/fit-in/360x360/Products/10042025_1744295587466_1744295605574_8718452814602_596.png",
    "available": true,
    "promoUntil": null
  },
  {
    "id": "478390DS",
    "title": "Dr. Oetker Ristorante Pizza Tonno 355 g",
    "category": "Diepvries",
    "price": 3.19,
    "promoPrice": null,
    "pricePerUnit": "8.99 kg",
    "image": "https://www.jumbo.com/dam-images/fit-in/360x360/Products/20092025_1758337221730_1758337231682_478390_DS_04001724038993_C1N1_s06.png",
    "available": true,
    "promoUntil": null
  },
  {
    "id": "685438DS",
    "title": "Jumbo Chocoladeletter Melk S 135 g",
    "category": "",
    "price": 2.59,
    "promoPrice": null,
    "pricePerUnit": "19.19 kg",
    "image": "https://www.jumbo.com/dam-images/fit-in/360x360/Products/26052025_1748277173604_1748277184974_8718452915200_596.png",
    "available": true,
    "promoUntil": null
  },
  {
    "id": "212027FLS",
    "title": "Castell Llord - Cava - Brut - 750ML",
    "category": "Bier en wijn",
    "price": 6.65,
    "promoPrice": null,
    "pricePerUnit": "8.87 l",
    "image": "https://www.jumbo.com/dam-images/fit-in/360x360/Products/24082023_1692876842572_1692876844359_8411277204862_1.png",
    "available": true,
    "promoUntil": null
  },
  {
    "id": "212604ZK",
    "title": "Jumbo Gesneden Salademix Fris & Knapperig 300 g",
    "category": "Aardappelen, groente en fruit",
    "price": 1.49,
    "promoPrice": null,
    "pricePerUnit": "4.97 kg",
    "image": "https://www.jumbo.com/dam-images/fit-in/360x360/Products/26062024_1719412466426_1719412477594_8718452777211_1.png",
    "available": true,
    "promoUntil": null
  },
  {
    "id": "577921BAK",
    "title": "Jumbo Groene Salade Italiaanse Stijl 250 g",
    "category": "Aardappelen, groente en fruit",
    "price": 3.99,
    "promoPrice": null,
    "pricePerUnit": "15.96 kg",
    "image": "https://www.jumbo.com/dam-images/fit-in/360x360/Products/07042025_1743984025360_1743984034308_8718452893188_1.png",
    "available": true,
    "promoUntil": null
  },
  {
    "id": "640541KGR",
    "title": "Jumbo Scharrel Kipfilet Gerookt ca. 135 g",
    "category": "Vleeswaren, kaas en tapas",
    "price": 3.5,
    "promoPrice": null,
    "pricePerUnit": "25.93 kg",
    "image": "https://www.jumbo.com/dam-images/fit-in/360x360/Products/14042025_1744630405327_1744630410348_2369921000000_1.png",
    "available": true,
    "promoUntil": null
  },
  {
    "id": "525197ZK",
    "title": "Smuldier Vlees Complete Maaltijd 400 g",
    "category": "Diepvries",
    "price": 1.78,
    "promoPrice": null,
    "pricePerUnit": "4.45 kg",
    "image": "https://www.jumbo.com/dam-images/fit-in/360x360/Products/03062024_1717420814099_1717420831691_8720795350020_1.png",
    "available": true,
    "promoUntil": null
  },
  {
    "id": "453486ZK",
    "title": "Jumbo - Turks Brood - 500 g",
    "category": "Brood en gebak",
    "price": 1.29,
    "promoPrice": null,
    "pricePerUnit": "2.58 kg",
    "image": "https://www.jumbo.com/dam-images/fit-in/360x360/Products/01092025_1756737208215_1756737216936_8718452633340_1.png",
    "available": true,
    "promoUntil": null
  },
  {
    "id": "498554KGR",
    "title": "Beemster Belegen Kaas 48+ Plakken ca. 220 g",
    "category": "Vleeswaren, kaas en tapas",
    "price": 4.95,
    "promoPrice": null,
    "pricePerUnit": "22.49 kg",
    "image": "https://www.jumbo.com/dam-images/fit-in/360x360/Products/10052024_1715351655852_1715351661895_2353097000000_1.png",
    "available": true,
    "promoUntil": null
  },
  {
    "id": "479663DS",
    "title": "Greenminds Roerstaafjes Hout, 100 stuks",
    "category": "Non-food en servicebalie",
    "price": 0.89,
    "promoPrice": null,
    "pricePerUnit": "19.35 kg",
    "image": "https://www.jumbo.com/dam-images/fit-in/360x360/Products/12072024_1720742547666_1720742551494_8712113611418_1.png",
    "available": true,
    "promoUntil": null
  },
  {
    "id": "658069TRA",
    "title": "Jumbo Jan Hagel Koekjes 250 g",
    "category": "Koek, snoep, chocolade en chips",
    "price": 2.88,
    "promoPrice": null,
    "pricePerUnit": "11.52 kg",
    "image": "https://www.jumbo.com/dam-images/fit-in/360x360/Products/13052025_1747103197611_1747103216312_658069_TRA_08718452738519_C1N1_R.png",
    "available": true,
    "promoUntil": null
  },
  {
    "id": "350281STK",
    "title": "Lonka Sinas Snippers tray 244gr",
    "category": "Koek, snoep, chocolade en chips",
    "price": 2.81,
    "promoPrice": null,
    "pricePerUnit": "11.52 kg",
    "image": "https://www.jumbo.com/dam-images/fit-in/360x360/Products/06082025_1754445444245_1754445450751_350281_STK_08713800134104_C1N1.png",
    "available": true,
    "promoUntil": null
  },
  {
    "id": "492468DSL",
    "title": "Lambrusco - Bianco Amabile 6 x 750 ml",
    "category": "Bier en wijn",
    "price": 15.54,
    "promoPrice": null,
    "pricePerUnit": "3.45 l",
    "image": "https://www.jumbo.com/dam-images/fit-in/360x360/Products/492468DSL-1692279527620.png",
    "available": true,
    "promoUntil": null
  },
  {
    "id": "194966ZK",
    "title": "Jumbo Brunch Broodjes Mix 12 Stuks 300 g",
    "category": "Brood en gebak",
    "price": 1.99,
    "promoPrice": null,
    "pricePerUnit": "6.63 kg",
    "image": "https://www.jumbo.com/dam-images/fit-in/360x360/Products/29092023_1695996140683_1695996156196_8718452669998_1.png",
    "available": true,
    "promoUntil": null
  },
  {
    "id": "503436ZK",
    "title": "Page Kussenzacht Toiletpapier 6-rollen",
    "category": "Huishouden en dieren",
    "price": 4.49,
    "promoPrice": null,
    "pricePerUnit": "0.75 pieces",
    "image": "https://www.jumbo.com/dam-images/fit-in/360x360/Products/26092024_1727313570354_1727313573663_503436_ZK_05029053581897_C1N1.png",
    "available": true,
    "promoUntil": null
  },
  {
    "id": "445332STK",
    "title": "Jumbo - Muesli Bollen - 4 Stuks",
    "category": "Brood en gebak",
    "price": 1.99,
    "promoPrice": null,
    "pricePerUnit": "0.5 pieces",
    "image": "https://www.jumbo.com/dam-images/fit-in/360x360/Products/19032025_1742395989099_1742395993614_8718452874002_1.png",
    "available": true,
    "promoUntil": null
  },
  {
    "id": "157442ROL",
    "title": "Pally Biscuits Digestive 400 g",
    "category": "Koek, snoep, chocolade en chips",
    "price": 1.08,
    "promoPrice": null,
    "pricePerUnit": "2.7 kg",
    "image": "https://www.jumbo.com/dam-images/fit-in/360x360/Products/18012024_1705544167039_1705544175364_157442_ROL_08710736790046_C1N1.png",
    "available": true,
    "promoUntil": null
  },
  {
    "id": "656686KGR",
    "title": "Wapenaer Goudse Kaas 48+ Overjarig Plakken ca. 200 g",
    "category": "Vleeswaren, kaas en tapas",
    "price": 4.8,
    "promoPrice": null,
    "pricePerUnit": "23.99 kg",
    "image": "https://www.jumbo.com/dam-images/fit-in/360x360/Products/20012025_1737387270320_1737387275385_2336147000000_1.png",
    "available": true,
    "promoUntil": null
  },
  {
    "id": "569202FLS",
    "title": "Jumbo Kleur Geconcentreerd Vloeibaar Wasmiddel Orchidee 44 Wasbeurten",
    "category": "Huishouden en dieren",
    "price": 6.19,
    "promoPrice": null,
    "pricePerUnit": "0.14 wb",
    "image": "https://www.jumbo.com/dam-images/fit-in/360x360/Products/20112023_1700498044615_1700498058821_8718452738588_1.png",
    "available": true,
    "promoUntil": null
  },
  {
    "id": "519963TRA",
    "title": "Jumbo's Verse Maaltijd Beef Rendang 450 g",
    "category": "Verse maaltijden en gemak",
    "price": 6.29,
    "promoPrice": null,
    "pricePerUnit": "13.98 kg",
    "image": "https://www.jumbo.com/dam-images/fit-in/360x360/Products/16092024_1726444821225_1726444828945_8718452857012_1.png",
    "available": true,
    "promoUntil": null
  },
  {
    "id": "162007ZK",
    "title": "Go-Tan Gebakken Uitjes 500 g",
    "category": "Wereldkeukens, kruiden, pasta en rijst",
    "price": 3.63,
    "promoPrice": null,
    "pricePerUnit": "7.26 kg",
    "image": "https://www.jumbo.com/dam-images/fit-in/360x360/Products/20122023_1703049706353_1703049712876_162007_ZK_08710605030884_C1N1.png",
    "available": true,
    "promoUntil": null
  },
  {
    "id": "155662ZK",
    "title": "Jumbo Blokjes Oude Kaas 48+ 200 g",
    "category": "Vleeswaren, kaas en tapas",
    "price": 4.69,
    "promoPrice": null,
    "pricePerUnit": "23.45 kg",
    "image": "https://www.jumbo.com/dam-images/fit-in/360x360/Products/155662_8718449018822_1_T1_155662ZK1691392408602.png",
    "available": true,
    "promoUntil": null
  },
  {
    "id": "522929CUP",
    "title": "Jumbo Sellerie Salade 200 g",
    "category": "Vleeswaren, kaas en tapas",
    "price": 2.27,
    "promoPrice": null,
    "pricePerUnit": "11.35 kg",
    "image": "https://www.jumbo.com/dam-images/fit-in/360x360/Products/23112023_1700746391103_1700746400928_8718452665372_1.png",
    "available": true,
    "promoUntil": null
  },
  {
    "id": "192156STK",
    "title": "WC Eend Action Gel Pine Forest",
    "category": "Huishouden en dieren",
    "price": 3.75,
    "promoPrice": null,
    "pricePerUnit": "5.0 l",
    "image": "https://www.jumbo.com/dam-images/fit-in/360x360/Products/15102024_1728958275986_1728958279521_192156_STK_05000204007411_C1N1.png",
    "available": true,
    "promoUntil": null
  },
  {
    "id": "72840PAK",
    "title": "Twix Chocolade caramel koek repen 5x2-pack",
    "category": "Koek, snoep, chocolade en chips",
    "price": 3.99,
    "promoPrice": null,
    "pricePerUnit": "15.96 kg",
    "image": "https://www.jumbo.com/dam-images/fit-in/360x360/Products/24092025_1758677638061_1758677644766_72840_PAK_05000159557702_H1N1.png",
    "available": true,
    "promoUntil": null
  },
  {
    "id": "678122DS",
    "title": "Red Bull Energy Regular 7+1 250ML",
    "category": "Frisdrank en sappen",
    "price": 11.83,
    "promoPrice": null,
    "pricePerUnit": "5.92 l",
    "image": "https://www.jumbo.com/dam-images/fit-in/360x360/Products/09002490282349C1N1a9fc9240-816b-462f-9f72-409fb41ebe94-1752246477975.png",
    "available": true,
    "promoUntil": null
  },
  {
    "id": "533298PAK",
    "title": "Lipton Ice Tea Sparkling Original 4x250ML",
    "category": "Frisdrank en sappen",
    "price": 3.59,
    "promoPrice": null,
    "pricePerUnit": "3.59 l",
    "image": "https://www.jumbo.com/dam-images/fit-in/360x360/Products/08711327572546H1N13dc1434d-9de5-4516-9819-0ec828f34216-1719933506624.png",
    "available": true,
    "promoUntil": null
  },
  {
    "id": "498383PAK",
    "title": "DubbelFrisss Sinaasappel & Mandarijn met Appel 1,5 L",
    "category": "Frisdrank en sappen",
    "price": 2.89,
    "promoPrice": null,
    "pricePerUnit": "1.93 l",
    "image": "https://www.jumbo.com/dam-images/fit-in/360x360/Products/04092025_1756989206195_1756989209713_8720157467533_1.png",
    "available": true,
    "promoUntil": null
  },
  {
    "id": "522953CUP",
    "title": "Jumbo Komkommer Salade 200 g",
    "category": "Vleeswaren, kaas en tapas",
    "price": 2.27,
    "promoPrice": null,
    "pricePerUnit": "11.35 kg",
    "image": "https://www.jumbo.com/dam-images/fit-in/360x360/Products/23102024_1729711991240_1729711997332_8718452813049_1.png",
    "available": true,
    "promoUntil": null
  },
  {
    "id": "362534ZK",
    "title": "Jumbo's Tomaat Mozzarella Basilicum Tortelloni 250 g",
    "category": "Wereldkeukens, kruiden, pasta en rijst",
    "price": 2.89,
    "promoPrice": null,
    "pricePerUnit": "11.56 kg",
    "image": "https://www.jumbo.com/dam-images/fit-in/360x360/Products/23092024_1727091277346_1727091286562_8718452832613_1.png",
    "available": true,
    "promoUntil": null
  },
  {
    "id": "274966STK",
    "title": "Vers Aan Tafel Stoofpotje met Andijvie à la Crème en Puree 500 g",
    "category": "Verse maaltijden en gemak",
    "price": 5.49,
    "promoPrice": null,
    "pricePerUnit": "10.98 kg",
    "image": "https://www.jumbo.com/dam-images/fit-in/360x360/Products/14022024_1707873856738_1707873866112_8717568249681_1.png",
    "available": true,
    "promoUntil": null
  },
  {
    "id": "409661PAK",
    "title": "Westmalle - Trappist Tripel - Fles - 4 x 330ML",
    "category": "Bier en wijn",
    "price": 9.29,
    "promoPrice": null,
    "pricePerUnit": "7.04 l",
    "image": "https://www.jumbo.com/dam-images/fit-in/360x360/Products/09082023_1691588005042_1691588012771_5412343000237_1.png",
    "available": true,
    "promoUntil": null
  },
  {
    "id": "434972BLK",
    "title": "Fairtrade Original Kokosmelk 400 ml",
    "category": "Wereldkeukens, kruiden, pasta en rijst",
    "price": 2.49,
    "promoPrice": null,
    "pricePerUnit": "6.23 l",
    "image": "https://www.jumbo.com/dam-images/fit-in/360x360/Products/18012024_1705550257577_1705550262320_434972_BLK_08711741305355_C1N1.png",
    "available": true,
    "promoUntil": null
  },
  {
    "id": "478575DS",
    "title": "Dr. Oetker Ristorante Pizza Bolognese 375 g",
    "category": "Diepvries",
    "price": 3.89,
    "promoPrice": null,
    "pricePerUnit": "10.37 kg",
    "image": "https://www.jumbo.com/dam-images/fit-in/360x360/Products/17042025_1744853221544_1744853228810_478575_DS_04001724039235_C1N1_s02.png",
    "available": true,
    "promoUntil": null
  },
  {
    "id": "647598POT",
    "title": "Jumbo's Basilico Pastasaus 500 g",
    "category": "Wereldkeukens, kruiden, pasta en rijst",
    "price": 3.29,
    "promoPrice": null,
    "pricePerUnit": "6.58 kg",
    "image": "https://www.jumbo.com/dam-images/fit-in/360x360/Products/12122024_1734003203442_1734003210684_8718452870943_1.png",
    "available": true,
    "promoUntil": null
  },
  {
    "id": "482732ZK",
    "title": "Doritos Pure Paprika Tortilla Chips 170 gr",
    "category": "Koek, snoep, chocolade en chips",
    "price": 2.29,
    "promoPrice": null,
    "pricePerUnit": "13.47 kg",
    "image": "https://www.jumbo.com/dam-images/fit-in/360x360/Products/08072025_1751985168592_1751985174030_8710398523679_1.png",
    "available": true,
    "promoUntil": null
  },
  {
    "id": "182180POT",
    "title": "Jumbo Kaneel 29 g",
    "category": "Wereldkeukens, kruiden, pasta en rijst",
    "price": 2.09,
    "promoPrice": null,
    "pricePerUnit": "72.07 kg",
    "image": "https://www.jumbo.com/dam-images/fit-in/360x360/Products/12122024_1734014400945_1734014405558_87337327_1.png",
    "available": true,
    "promoUntil": null
  },
  {
    "id": "184176DS",
    "title": "Dr. Oetker Big Americans Pizza Cheese Onion 385 g",
    "category": "Diepvries",
    "price": 4.99,
    "promoPrice": null,
    "pricePerUnit": "12.96 kg",
    "image": "https://www.jumbo.com/dam-images/fit-in/360x360/Products/20052025_1747702924015_1747702932903_184176_DS_04001724023784_C1N1_s02.png",
    "available": true,
    "promoUntil": null
  },
  {
    "id": "638605DS",
    "title": "Wahid Rookworst Kip/Kalkoen/Rund 250 g",
    "category": "Vleeswaren, kaas en tapas",
    "price": 3.29,
    "promoPrice": null,
    "pricePerUnit": "13.16 kg",
    "image": "https://www.jumbo.com/dam-images/fit-in/360x360/Products/29052025_1748543588073_1748543593401_8716221091360_1.png",
    "available": true,
    "promoUntil": null
  },
  {
    "id": "679754TRA",
    "title": "Jumbo's Verse Maaltijd Kip Ketjap 450 g",
    "category": "Verse maaltijden en gemak",
    "price": 5.99,
    "promoPrice": null,
    "pricePerUnit": "13.31 kg",
    "image": "https://www.jumbo.com/dam-images/fit-in/360x360/Products/05032025_1741185150248_1741185161832_8718452905669_1.png",
    "available": true,
    "promoUntil": null
  },
  {
    "id": "614916CUP",
    "title": "Jumbo Dip Kaas Pesto 100 g",
    "category": "Vleeswaren, kaas en tapas",
    "price": 2.49,
    "promoPrice": null,
    "pricePerUnit": "24.9 kg",
    "image": "https://www.jumbo.com/dam-images/fit-in/360x360/Products/29052024_1717000394002_1717000401587_8718452834808_1.png",
    "available": true,
    "promoUntil": null
  },
  {
    "id": "37187DSL",
    "title": "Grand Sud – Merlot - 4 x 3L",
    "category": "Bier en wijn",
    "price": 65.96,
    "promoPrice": null,
    "pricePerUnit": "5.5 l",
    "image": "https://www.jumbo.com/dam-images/fit-in/360x360/Products/37187DSL-1692362485631.png",
    "available": true,
    "promoUntil": null
  },
  {
    "id": "533240TRA",
    "title": "Fanta Cassis 4 x 250 ml",
    "category": "Frisdrank en sappen",
    "price": 3.25,
    "promoPrice": null,
    "pricePerUnit": "3.25 l",
    "image": "https://www.jumbo.com/dam-images/fit-in/360x360/Products/08012024_1704706383139_1704706391851_5000112659351_1.png",
    "available": true,
    "promoUntil": null
  },
  {
    "id": "608046FLS",
    "title": "Pepsi Zero Sugar 1,5 L",
    "category": "Frisdrank en sappen",
    "price": 2.69,
    "promoPrice": null,
    "pricePerUnit": "1.79 l",
    "image": "https://www.jumbo.com/dam-images/fit-in/360x360/Products/25032024_1711381637080_1711381659521_8715600248968_596.png",
    "available": true,
    "promoUntil": null
  },
  {
    "id": "203676STK",
    "title": "Johma Kip-Mango Salade 175 g",
    "category": "Vleeswaren, kaas en tapas",
    "price": 3.35,
    "promoPrice": null,
    "pricePerUnit": "19.14 kg",
    "image": "https://www.jumbo.com/dam-images/fit-in/360x360/Products/06082025_1754445391565_1754445407540_203676_STK_08710506073683_C1N1.png",
    "available": true,
    "promoUntil": null
  },
  {
    "id": "608181FLS",
    "title": "Pepsi Zero Sugar Cherry Flavour 1.5 L",
    "category": "Frisdrank en sappen",
    "price": 2.69,
    "promoPrice": null,
    "pricePerUnit": "1.79 l",
    "image": "https://www.jumbo.com/dam-images/fit-in/360x360/Products/25032024_1711381637349_1711381643020_8715600248906_1.png",
    "available": true,
    "promoUntil": null
  },
  {
    "id": "449011FLS",
    "title": "Neleman - Verdejo - Biologisch - 750ML",
    "category": "Bier en wijn",
    "price": 6.49,
    "promoPrice": null,
    "pricePerUnit": "8.65 l",
    "image": "https://www.jumbo.com/dam-images/fit-in/360x360/Products/09082023_1691588637069_1691588643967_8720254239361_1.png",
    "available": true,
    "promoUntil": null
  },
  {
    "id": "367275KGR",
    "title": "Jumbo Peperpaté ca. 170 g",
    "category": "Vleeswaren, kaas en tapas",
    "price": 2.97,
    "promoPrice": null,
    "pricePerUnit": "17.5 kg",
    "image": "https://www.jumbo.com/dam-images/fit-in/360x360/Products/09092025_1757421319978_1757421328570_2333438000000_1.png",
    "available": true,
    "promoUntil": null
  },
  {
    "id": "523453FLS",
    "title": "Osborne - Sherry Medium - 750ML",
    "category": "Bier en wijn",
    "price": 5.79,
    "promoPrice": null,
    "pricePerUnit": "7.72 l",
    "image": "https://www.jumbo.com/dam-images/fit-in/360x360/Products/09082023_1691579019936_1691579041505_8410337046039_1.png",
    "available": true,
    "promoUntil": null
  },
  {
    "id": "608225DS",
    "title": "Maza Hoemoes XL",
    "category": "Vleeswaren, kaas en tapas",
    "price": 3.99,
    "promoPrice": null,
    "pricePerUnit": "11.4 kg",
    "image": "https://www.jumbo.com/dam-images/fit-in/360x360/Products/17052025_1747449928123_1747449948919_608225_DS_08714779007857_A1N1.png",
    "available": true,
    "promoUntil": null
  },
  {
    "id": "664936ZK",
    "title": "Jumbo Saucijzenbroodjes 4 Stuks",
    "category": "Brood en gebak",
    "price": 3.99,
    "promoPrice": null,
    "pricePerUnit": "11.08 kg",
    "image": "https://www.jumbo.com/dam-images/fit-in/360x360/Products/18022025_1739896393868_1739896404201_8718452901081_1.png",
    "available": true,
    "promoUntil": null
  },
  {
    "id": "666332TRA",
    "title": "Jumbo Crème Brûlée Koekjes met Crèmevulling 200 g",
    "category": "Koek, snoep, chocolade en chips",
    "price": 1.99,
    "promoPrice": null,
    "pricePerUnit": "9.95 kg",
    "image": "https://www.jumbo.com/dam-images/fit-in/360x360/Products/03032025_1741030349185_1741030358850_8718452875313_9.png",
    "available": true,
    "promoUntil": null
  },
  {
    "id": "143068POT",
    "title": "Verstegen Mix voor Kip Traditioneel 225 g",
    "category": "Wereldkeukens, kruiden, pasta en rijst",
    "price": 4.99,
    "promoPrice": null,
    "pricePerUnit": "22.18 kg",
    "image": "https://www.jumbo.com/dam-images/fit-in/360x360/Products/14032024_1710381755570_1710381760936_143068_POT_08712200544247_H1N1.png",
    "available": true,
    "promoUntil": null
  },
  {
    "id": "533421DS",
    "title": "Marcel's Green Soap alles-in-één vaatwastabletten - 25st",
    "category": "Huishouden en dieren",
    "price": 9.99,
    "promoPrice": null,
    "pricePerUnit": "20.77 kg",
    "image": "https://www.jumbo.com/dam-images/fit-in/360x360/Products/02082025_1754097904178_1754097909477_533421_DS_08720254337661_C1N1.png",
    "available": true,
    "promoUntil": null
  },
  {
    "id": "540467PAK",
    "title": "Bullit Energy Drink 6 x 250 ml",
    "category": "Frisdrank en sappen",
    "price": 5.89,
    "promoPrice": null,
    "pricePerUnit": "3.93 l",
    "image": "https://www.jumbo.com/dam-images/fit-in/360x360/Products/09012025_1736433168694_1736433175466_9008703000823_1.png",
    "available": true,
    "promoUntil": null
  },
  {
    "id": "591430ZK",
    "title": "Westland Zalm Salade Voordeelverpakking 560 g",
    "category": "Verse maaltijden en gemak",
    "price": 4.59,
    "promoPrice": null,
    "pricePerUnit": "8.2 kg",
    "image": "https://www.jumbo.com/dam-images/fit-in/360x360/Products/12062025_1749692774926_1749692800551_591430_ZK_08710846314071_H1N1_v01.png",
    "available": true,
    "promoUntil": null
  },
  {
    "id": "452332STK",
    "title": "Unicura Ultra Antibacteriële Handzeep 250 ml",
    "category": "Drogisterij en baby",
    "price": 2.99,
    "promoPrice": null,
    "pricePerUnit": "11.96 l",
    "image": "https://www.jumbo.com/dam-images/fit-in/360x360/Products/18052024_1715997514054_1715997516518_452332_STK_08718951455115_C1N1.png",
    "available": true,
    "promoUntil": null
  },
  {
    "id": "687585PAK",
    "title": "Trendic Koolzuurhoudend Water 9 x 500 ML",
    "category": "Frisdrank en sappen",
    "price": 1.54,
    "promoPrice": null,
    "pricePerUnit": "0.34 l",
    "image": "https://www.jumbo.com/dam-images/fit-in/360x360/Products/050PETrendicmineralwaterbruisend22fa072d19-c0fb-4bc6-bbce-491741bd1859-1748618701440.png",
    "available": true,
    "promoUntil": null
  },
  {
    "id": "513440DS",
    "title": "Knorr Wereldgerechten Maaltijdpakket Surinaamse Roti 230 g",
    "category": "Wereldkeukens, kruiden, pasta en rijst",
    "price": 4.69,
    "promoPrice": null,
    "pricePerUnit": "20.39 kg",
    "image": "https://www.jumbo.com/dam-images/fit-in/360x360/Products/19092025_1758292430094_1758292443688_8720182257086_1.png",
    "available": true,
    "promoUntil": null
  },
  {
    "id": "562794STK",
    "title": "Jumbo Wokgroente Japanse Stijl 400 g",
    "category": "Aardappelen, groente en fruit",
    "price": 2.99,
    "promoPrice": null,
    "pricePerUnit": "7.48 kg",
    "image": "https://www.jumbo.com/dam-images/fit-in/360x360/Products/19062024_1718814836054_1718814845771_8718452818365_1.png",
    "available": true,
    "promoUntil": null
  },
  {
    "id": "618268PAK",
    "title": "Pepsi Regular Multipack Fles 4x1,5L",
    "category": "Frisdrank en sappen",
    "price": 10.75,
    "promoPrice": null,
    "pricePerUnit": "1.79 l",
    "image": "https://www.jumbo.com/dam-images/fit-in/360x360/Products/08715600249132H1N15a2b4b9f-3425-4ce4-b0a9-67064cf940de-1711632229050.png",
    "available": true,
    "promoUntil": null
  },
  {
    "id": "215556STK",
    "title": "Tena Lady Discreet Normal Verbanden Duo Pack 2 x 12 Stuks",
    "category": "Drogisterij en baby",
    "price": 8.79,
    "promoPrice": null,
    "pricePerUnit": "0.37 pieces",
    "image": "https://www.jumbo.com/dam-images/fit-in/360x360/Products/30072024_1722301443513_1722301447101_215556_STK_.png",
    "available": true,
    "promoUntil": null
  },
  {
    "id": "431355ZK",
    "title": "Candyman Vrieslollies 10 Stuks 500 ml",
    "category": "Diepvries",
    "price": 0.99,
    "promoPrice": null,
    "pricePerUnit": "1.98 l",
    "image": "https://www.jumbo.com/dam-images/fit-in/360x360/Products/12122023_1702347441321_1702347445928_431355_ZK_08719700008064_C1N1.png",
    "available": true,
    "promoUntil": null
  },
  {
    "id": "153500PAK",
    "title": "Snickers Chocolade pinda caramel repen 5-pack",
    "category": "Koek, snoep, chocolade en chips",
    "price": 3.49,
    "promoPrice": null,
    "pricePerUnit": "13.96 kg",
    "image": "https://www.jumbo.com/dam-images/fit-in/360x360/Products/19062025_1750305916227_1750305921415_153500_PAK_.png",
    "available": true,
    "promoUntil": null
  },
  {
    "id": "87594PAK",
    "title": "Santa Maria Tortilla Wraps Large 6 Stuks 371 g",
    "category": "Wereldkeukens, kruiden, pasta en rijst",
    "price": 2.34,
    "promoPrice": null,
    "pricePerUnit": "6.31 kg",
    "image": "https://www.jumbo.com/dam-images/fit-in/360x360/Products/13092025_1757729126078_1757729146324_87594_PAK_07311310312879_C1N1.png",
    "available": true,
    "promoUntil": null
  },
  {
    "id": "143560PAK",
    "title": "Jumbo - Kampioentjes Meergranen - 4 Stuks",
    "category": "Brood en gebak",
    "price": 0.87,
    "promoPrice": null,
    "pricePerUnit": "0.22 pieces",
    "image": "https://www.jumbo.com/dam-images/fit-in/360x360/Products/12122024_1734014639991_1734014646899_8718452647491_1.png",
    "available": true,
    "promoUntil": null
  },
  {
    "id": "80716ZK",
    "title": "Milka Choco Wafer Koekjes met Melkchocolade 6 Stuks 180g",
    "category": "Koek, snoep, chocolade en chips",
    "price": 2.96,
    "promoPrice": null,
    "pricePerUnit": "16.44 kg",
    "image": "https://www.jumbo.com/dam-images/fit-in/360x360/Products/02092025_1756816428102_1756816434186_7622300292508_596.png",
    "available": true,
    "promoUntil": null
  },
  {
    "id": "685906ZK",
    "title": "Jumbo Bloemkool Roosjes 450 g",
    "category": "Diepvries",
    "price": 1.48,
    "promoPrice": null,
    "pricePerUnit": "3.29 kg",
    "image": "https://www.jumbo.com/dam-images/fit-in/360x360/Products/16052025_1747387969121_1747387984266_8718452862016_596.png",
    "available": true,
    "promoUntil": null
  },
  {
    "id": "226106STK",
    "title": "Jumbo Zoute Sticks 200 g",
    "category": "Koek, snoep, chocolade en chips",
    "price": 0.44,
    "promoPrice": null,
    "pricePerUnit": "2.2 kg",
    "image": "https://www.jumbo.com/dam-images/fit-in/360x360/Products/09082023_1691585250928_1691585272069_8718452349180_1.png",
    "available": true,
    "promoUntil": null
  },
  {
    "id": "656336STK",
    "title": "Kroon Saksische Smeerleverworst 150 g",
    "category": "Vleeswaren, kaas en tapas",
    "price": 0.75,
    "promoPrice": null,
    "pricePerUnit": "5.0 kg",
    "image": "https://www.jumbo.com/dam-images/fit-in/360x360/Products/14022025_1739539694595_1739539702517_87287660_1.png",
    "available": true,
    "promoUntil": null
  },
  {
    "id": "265620PAK",
    "title": "Jumbo Biologisch Zilvervliesrijst 400 g",
    "category": "Wereldkeukens, kruiden, pasta en rijst",
    "price": 1.18,
    "promoPrice": null,
    "pricePerUnit": "2.95 kg",
    "image": "https://www.jumbo.com/dam-images/fit-in/360x360/Products/13112023_1699893187499_1699893202643_8718452565245_1.png",
    "available": true,
    "promoUntil": null
  },
  {
    "id": "570359ZK",
    "title": "POM-BÄR Original 90 g",
    "category": "Koek, snoep, chocolade en chips",
    "price": 1.79,
    "promoPrice": null,
    "pricePerUnit": "19.89 kg",
    "image": "https://www.jumbo.com/dam-images/fit-in/360x360/Products/15092025_1757898023863_1757898027517_570359_ZK_08710532467562_A1N1.png",
    "available": true,
    "promoUntil": null
  },
  {
    "id": "641651STK",
    "title": "Jumbo Ambachtelijke Pizzabodems 2 Stuks",
    "category": "Verse maaltijden en gemak",
    "price": 3.39,
    "promoPrice": null,
    "pricePerUnit": "6.4 kg",
    "image": "https://www.jumbo.com/dam-images/fit-in/360x360/Products/29042025_1745933569383_1745933576476_8718452697991_1.png",
    "available": true,
    "promoUntil": null
  },
  {
    "id": "664663ZK",
    "title": "Venco Droptoppers Zacht & Zoet XL 340 g",
    "category": "Koek, snoep, chocolade en chips",
    "price": 3.65,
    "promoPrice": null,
    "pricePerUnit": "10.74 kg",
    "image": "https://www.jumbo.com/dam-images/fit-in/360x360/Products/17012025_1737079819314_1737079829637_664663_ZK_08713800255649_H1N1.png",
    "available": true,
    "promoUntil": null
  },
  {
    "id": "646462FLS",
    "title": "Jumbo Vers Sap Appel, Peer & Framboos 1L",
    "category": "Frisdrank en sappen",
    "price": 4.19,
    "promoPrice": null,
    "pricePerUnit": "4.19 l",
    "image": "https://www.jumbo.com/dam-images/fit-in/360x360/Products/25102024_1729870449051_1729870452547_8718452876679_1.png",
    "available": true,
    "promoUntil": null
  },
  {
    "id": "133602DS",
    "title": "Mora Oven & Airfryer Frikandellen 4 x 70 g",
    "category": "Diepvries",
    "price": 2.69,
    "promoPrice": null,
    "pricePerUnit": "9.61 kg",
    "image": "https://www.jumbo.com/dam-images/fit-in/360x360/Products/14062025_1749867716876_1749867730984_133602_DS_08710861986710_H1N1.png",
    "available": true,
    "promoUntil": null
  },
  {
    "id": "625105PAK",
    "title": "DubbelFrisss 1Kcal Framboos - Cranberry 6-pack 0,2L",
    "category": "Frisdrank en sappen",
    "price": 2.99,
    "promoPrice": null,
    "pricePerUnit": "2.49 l",
    "image": "https://www.jumbo.com/dam-images/fit-in/360x360/Products/26052025_1748277173290_1748277182865_8720157402329_1.png",
    "available": true,
    "promoUntil": null
  },
  {
    "id": "168989ZK",
    "title": "Jumbo Kruidnoten Chocolademix 300 g",
    "category": "Koek, snoep, chocolade en chips",
    "price": 2.49,
    "promoPrice": null,
    "pricePerUnit": "8.3 kg",
    "image": "https://www.jumbo.com/dam-images/fit-in/360x360/Products/09082023_1691588268328_1691588276822_8718452310838_1.png",
    "available": true,
    "promoUntil": null
  },
  {
    "id": "645764KGR",
    "title": "Jumbo Biologisch Gegrilde Slagers Achterham ca. 100 g",
    "category": "Vleeswaren, kaas en tapas",
    "price": 3.55,
    "promoPrice": null,
    "pricePerUnit": "35.5 kg",
    "image": "https://www.jumbo.com/dam-images/fit-in/360x360/Products/04072025_1751617998691_1751618011188_2348972000000_596.png",
    "available": true,
    "promoUntil": null
  },
  {
    "id": "341832DS",
    "title": "Jumbo Frikandellen Airfryer & Oven 5 Stuks",
    "category": "Diepvries",
    "price": 2.19,
    "promoPrice": null,
    "pricePerUnit": "6.26 kg",
    "image": "https://www.jumbo.com/dam-images/fit-in/360x360/Products/02052025_1746196386426_1746196406053_8718452903290_596.png",
    "available": true,
    "promoUntil": null
  },
  {
    "id": "595008CUP",
    "title": "Trolli Sour Bizzl Mix Fruitgom 1000 g",
    "category": "Koek, snoep, chocolade en chips",
    "price": 8.99,
    "promoPrice": null,
    "pricePerUnit": "8.99 kg",
    "image": "https://www.jumbo.com/dam-images/fit-in/360x360/Products/25062024_1719283354989_1719283363916_595008_CUP_04000512446125_C1N1.png",
    "available": true,
    "promoUntil": null
  },
  {
    "id": "612514DS",
    "title": "Magnum Mini IJs Classic 6 Stuks 6 x 55ml",
    "category": "Diepvries",
    "price": 5.99,
    "promoPrice": null,
    "pricePerUnit": "18.15 l",
    "image": "https://www.jumbo.com/dam-images/fit-in/360x360/Products/01092025_1756722868667_1756722872545_8711327608207_1.png",
    "available": true,
    "promoUntil": null
  },
  {
    "id": "223282DS",
    "title": "Jumbo Mini Snacks Airfryer & Oven ca. 16 Stuks",
    "category": "Diepvries",
    "price": 3.29,
    "promoPrice": null,
    "pricePerUnit": "10.28 kg",
    "image": "https://www.jumbo.com/dam-images/fit-in/360x360/Products/04022025_1738686825844_1738686840347_8718452767038_596.png",
    "available": true,
    "promoUntil": null
  },
  {
    "id": "390425PAK",
    "title": "DubbelFrisss Witte Druiven & Citroen Smaak 1,5 L",
    "category": "Frisdrank en sappen",
    "price": 2.69,
    "promoPrice": null,
    "pricePerUnit": "1.79 l",
    "image": "https://www.jumbo.com/dam-images/fit-in/360x360/Products/20062025_1750404904730_1750404909027_8720157463764_1.png",
    "available": true,
    "promoUntil": null
  },
  {
    "id": "609701BKR",
    "title": "Jumbo Boerenmetworst 80 g",
    "category": "Vleeswaren, kaas en tapas",
    "price": 2.39,
    "promoPrice": null,
    "pricePerUnit": "29.88 kg",
    "image": "https://www.jumbo.com/dam-images/fit-in/360x360/Products/12122024_1734014822852_1734014830379_8718452767977_1.png",
    "available": true,
    "promoUntil": null
  },
  {
    "id": "391874ZK",
    "title": "Jumbo Minikrieltjes Bistro 425 g",
    "category": "Aardappelen, groente en fruit",
    "price": 0.93,
    "promoPrice": null,
    "pricePerUnit": "2.19 kg",
    "image": "https://www.jumbo.com/dam-images/fit-in/360x360/Products/17052024_1715942050910_1715942059237_8718452819140_1.png",
    "available": true,
    "promoUntil": null
  },
  {
    "id": "217448KSL",
    "title": "Klein Vriend – Merlot 6 x 750 ml",
    "category": "Bier en wijn",
    "price": 19.74,
    "promoPrice": null,
    "pricePerUnit": "4.39 l",
    "image": "https://www.jumbo.com/dam-images/fit-in/360x360/Products/217448KSL-1692282881383.png",
    "available": true,
    "promoUntil": null
  },
  {
    "id": "449002FLS",
    "title": "Neleman - Tempranillo - Biologisch 750ML",
    "category": "Bier en wijn",
    "price": 6.49,
    "promoPrice": null,
    "pricePerUnit": "8.65 l",
    "image": "https://www.jumbo.com/dam-images/fit-in/360x360/Products/09082023_1691590031530_1691590075917_8720598150087_1.png",
    "available": true,
    "promoUntil": null
  },
  {
    "id": "187203STK",
    "title": "Apetina Herbs & Spices White Cheese in Oil 265 g",
    "category": "Vleeswaren, kaas en tapas",
    "price": 2.99,
    "promoPrice": null,
    "pricePerUnit": "19.93 kg",
    "image": "https://www.jumbo.com/dam-images/fit-in/360x360/Products/19062025_1750343645633_1750343653511_5711953043031_1.png",
    "available": true,
    "promoUntil": null
  },
  {
    "id": "387261PAK",
    "title": "Pally Theekoekjes 300 g",
    "category": "Koek, snoep, chocolade en chips",
    "price": 0.65,
    "promoPrice": null,
    "pricePerUnit": "2.17 kg",
    "image": "https://www.jumbo.com/dam-images/fit-in/360x360/Products/09082023_1691587627313_1691587633854_8710736952109_1.png",
    "available": true,
    "promoUntil": null
  },
  {
    "id": "681477TRA",
    "title": "Jumbo Vegetarische Hamblokjes Naturel 175 g",
    "category": "Vlees, vis en vega",
    "price": 2.74,
    "promoPrice": null,
    "pricePerUnit": "15.66 kg",
    "image": "https://www.jumbo.com/dam-images/fit-in/360x360/Products/06032025_1741249974752_1741249981759_8718452792924_1.png",
    "available": true,
    "promoUntil": null
  },
  {
    "id": "404868DS",
    "title": "LiGA Evergreen Koekjes Krenten Voordeelverpakking 9 x 2 Stuks 337,5g",
    "category": "Koek, snoep, chocolade en chips",
    "price": 3.66,
    "promoPrice": null,
    "pricePerUnit": "10.83 kg",
    "image": "https://www.jumbo.com/dam-images/fit-in/360x360/Products/05082025_1754400784593_1754400798385_7622210651785_596.png",
    "available": true,
    "promoUntil": null
  },
  {
    "id": "576376STK",
    "title": "Jumbo - Roomboter Bollen - 6 Stuks",
    "category": "Brood en gebak",
    "price": 2.79,
    "promoPrice": null,
    "pricePerUnit": "7.15 kg",
    "image": "https://www.jumbo.com/dam-images/fit-in/360x360/Products/07052025_1746603227495_1746603231286_8718452891214_1.png",
    "available": true,
    "promoUntil": null
  },
  {
    "id": "584557KGR",
    "title": "Wapenaer Goudse Kaas Jong met Komijn 48+ Stuk ca. 366 g",
    "category": "Vleeswaren, kaas en tapas",
    "price": 6.95,
    "promoPrice": null,
    "pricePerUnit": "18.99 kg",
    "image": "https://www.jumbo.com/dam-images/fit-in/360x360/Products/03062024_1717420814541_1717420823405_2336161000000_1.png",
    "available": true,
    "promoUntil": null
  },
  {
    "id": "91786PAK",
    "title": "Bounty Chocolade kokos repen 5x2-pack",
    "category": "Koek, snoep, chocolade en chips",
    "price": 4.29,
    "promoPrice": null,
    "pricePerUnit": "0.86 pieces",
    "image": "https://www.jumbo.com/dam-images/fit-in/360x360/Products/15052025_1747330434288_1747330459555_5000159557542_596.png",
    "available": true,
    "promoUntil": null
  },
  {
    "id": "429420FLS",
    "title": "Crystal Clear Cranberry Smaak Drank 1,5 L",
    "category": "Frisdrank en sappen",
    "price": 2.49,
    "promoPrice": null,
    "pricePerUnit": "1.66 l",
    "image": "https://www.jumbo.com/dam-images/fit-in/360x360/Products/05022025_1738724397838_1738724406632_429420_FLS_08715600243611_H1N1.png",
    "available": true,
    "promoUntil": null
  },
  {
    "id": "535666PAK",
    "title": "Leffe - Blond Belgisch Abdijbier - Blik - 6 x 330ML",
    "category": "Bier en wijn",
    "price": 9.29,
    "promoPrice": 6.96,
    "pricePerUnit": "3.52 l",
    "image": "https://www.jumbo.com/dam-images/fit-in/360x360/Products/198120PAK-1692362499702.png",
    "available": true,
    "promoUntil": "di 30 sep"
  },
  {
    "id": "197730DS",
    "title": "Jumbo Rundvlees Bitterballen Airfryer & Oven ca. 12 Stuks",
    "category": "Diepvries",
    "price": 2.59,
    "promoPrice": null,
    "pricePerUnit": "8.63 kg",
    "image": "https://www.jumbo.com/dam-images/fit-in/360x360/Products/07022024_1707320044151_1707320070665_8718452767045_596.png",
    "available": true,
    "promoUntil": null
  },
  {
    "id": "673002ZK",
    "title": "Jumbo Gegrilde Groentemix Paprika, Aubergine & Courgette 450 g",
    "category": "Diepvries",
    "price": 1.87,
    "promoPrice": null,
    "pricePerUnit": "4.16 kg",
    "image": "https://www.jumbo.com/dam-images/fit-in/360x360/Products/31012025_1738341194555_1738341218025_8718452879144_596.png",
    "available": true,
    "promoUntil": null
  },
  {
    "id": "548011STK",
    "title": "Jumbo - Appelkruimelvlaai - Half",
    "category": "Brood en gebak",
    "price": 4.99,
    "promoPrice": null,
    "pricePerUnit": "4.99 pieces",
    "image": "https://www.jumbo.com/dam-images/fit-in/360x360/Products/09092025_1757406804608_1757406821206_8718452837694_9.png",
    "available": true,
    "promoUntil": null
  },
  {
    "id": "200970DS",
    "title": "Iglo Roerbak Groente-Idee Hollands 480 g",
    "category": "Diepvries",
    "price": 3.95,
    "promoPrice": null,
    "pricePerUnit": "8.23 kg",
    "image": "https://www.jumbo.com/dam-images/fit-in/360x360/Products/17082024_1723859433503_1723859439002_200970_DS_08717774267677_C1N1.png",
    "available": true,
    "promoUntil": null
  },
  {
    "id": "695637PAK",
    "title": "Jumbo Vitamine Drink Zero Sugar Limoen- & Lycheesmaak 6 x 500ML",
    "category": "Frisdrank en sappen",
    "price": 3.79,
    "promoPrice": null,
    "pricePerUnit": "1.26 l",
    "image": "https://www.jumbo.com/dam-images/fit-in/360x360/Products/23072025_1753259607404_1753259613872_8718452904242_1.png",
    "available": true,
    "promoUntil": null
  },
  {
    "id": "437859PAK",
    "title": "Jumbo Bruisend Mineraalwater Bloedsinaasappel Smaak 6 x 500ML",
    "category": "Frisdrank en sappen",
    "price": 2.9,
    "promoPrice": null,
    "pricePerUnit": "0.97 l",
    "image": "https://www.jumbo.com/dam-images/fit-in/360x360/Products/14022024_1707873643320_1707873650224_8718452631377_1.png",
    "available": true,
    "promoUntil": null
  },
  {
    "id": "583639FLS",
    "title": "Jumbo Multivitamine Light 1,5 L",
    "category": "Frisdrank en sappen",
    "price": 1.99,
    "promoPrice": null,
    "pricePerUnit": "1.33 l",
    "image": "https://www.jumbo.com/dam-images/fit-in/360x360/Products/12122024_1734014742429_1734014746567_8718452725366_1.png",
    "available": true,
    "promoUntil": null
  },
  {
    "id": "470162STK",
    "title": "Jumbo Paracetamol/Coffeïne 500/50mg 20st",
    "category": "Drogisterij en baby",
    "price": 1.79,
    "promoPrice": null,
    "pricePerUnit": "0.09 pieces",
    "image": "https://www.jumbo.com/dam-images/fit-in/360x360/Products/24092025_1758672136387_1758672141346_8718452186389_1.png",
    "available": true,
    "promoUntil": null
  },
  {
    "id": "60292ZK",
    "title": "Aviko Aardappelblokjes",
    "category": "Diepvries",
    "price": 2.66,
    "promoPrice": null,
    "pricePerUnit": "3.55 kg",
    "image": "https://www.jumbo.com/dam-images/fit-in/360x360/Products/15102024_1728999188389_1728999198029_8710449913671_1.png",
    "available": true,
    "promoUntil": null
  },
  {
    "id": "577087CUP",
    "title": "Jumbo Kaasblokjes Kruiden Jong 48+ 100 g",
    "category": "Vleeswaren, kaas en tapas",
    "price": 2.49,
    "promoPrice": null,
    "pricePerUnit": "24.9 kg",
    "image": "https://www.jumbo.com/dam-images/fit-in/360x360/Products/08072025_1751988827742_1751988833768_8718452746781_1.png",
    "available": true,
    "promoUntil": null
  },
  {
    "id": "579322CUP",
    "title": "Jumbo Gezouten Macadamia Notenmix 130 g",
    "category": "Koek, snoep, chocolade en chips",
    "price": 3.89,
    "promoPrice": null,
    "pricePerUnit": "29.92 kg",
    "image": "https://www.jumbo.com/dam-images/fit-in/360x360/Products/14022024_1707873740914_1707873745118_8718452739738_1.png",
    "available": true,
    "promoUntil": null
  },
  {
    "id": "600163PAK",
    "title": "Jumbo Tintelfris Appel Zwarte Bes 1 Kcal - 1,5L",
    "category": "Frisdrank en sappen",
    "price": 1.45,
    "promoPrice": null,
    "pricePerUnit": "0.97 l",
    "image": "https://www.jumbo.com/dam-images/fit-in/360x360/Products/01022024_1706794510112_1706794520536_8718452777006_1.png",
    "available": true,
    "promoUntil": null
  },
  {
    "id": "591498STK",
    "title": "Jumbo Wokgroente Cambodjaanse Stijl 400 g",
    "category": "Aardappelen, groente en fruit",
    "price": 3.25,
    "promoPrice": null,
    "pricePerUnit": "8.13 kg",
    "image": "https://www.jumbo.com/dam-images/fit-in/360x360/Products/05062024_1717601667892_1717601680395_8718452818389_1.png",
    "available": true,
    "promoUntil": null
  },
  {
    "id": "621510DSL",
    "title": "Sun All-in 1 Vaatwastabletten Citroen 19 tabletten x 7 Stuks",
    "category": "Huishouden en dieren",
    "price": 76.93,
    "promoPrice": 38.46,
    "pricePerUnit": "0.29 pieces",
    "image": "https://www.jumbo.com/dam-images/fit-in/360x360/Products/621510DSL1f5a010c9-fef5-4ecd-866e-fe3101e15886-1717402803862.png",
    "available": true,
    "promoUntil": "di 7 okt"
  },
  {
    "id": "490157PAK",
    "title": "Jumbo - Saucijzenbroodjes - 4 Stuks",
    "category": "Brood en gebak",
    "price": 1.65,
    "promoPrice": null,
    "pricePerUnit": "5.89 kg",
    "image": "https://www.jumbo.com/dam-images/fit-in/360x360/Products/09082023_1691591002787_1691591068062_8718452635870_1.png",
    "available": true,
    "promoUntil": null
  },
  {
    "id": "227520STK",
    "title": "Jumbo - Volkoren Boeren Tijger - Half - Knapperig en Vers",
    "category": "Brood en gebak",
    "price": 1.0,
    "promoPrice": null,
    "pricePerUnit": "2.0 pieces",
    "image": "https://www.jumbo.com/dam-images/fit-in/360x360/Products/14062024_1718368425612_1718368441257_8718452771929_2.png",
    "available": true,
    "promoUntil": null
  },
  {
    "id": "149231TRA",
    "title": "Maza Hoemoes Kerrie 200 g",
    "category": "Vleeswaren, kaas en tapas",
    "price": 2.59,
    "promoPrice": null,
    "pricePerUnit": "12.95 kg",
    "image": "https://www.jumbo.com/dam-images/fit-in/360x360/Products/31072025_1753927013047_1753927021728_149231_TRA_08714779000599_A1N1.png",
    "available": true,
    "promoUntil": null
  },
  {
    "id": "169595STK",
    "title": "TUC Original ovengebakken crackers 100 g",
    "category": "Koek, snoep, chocolade en chips",
    "price": 0.99,
    "promoPrice": null,
    "pricePerUnit": "9.9 kg",
    "image": "https://www.jumbo.com/dam-images/fit-in/360x360/Products/24092025_1758724490400_1758724498248_5410041001204_596.png",
    "available": true,
    "promoUntil": null
  },
  {
    "id": "575279ZK",
    "title": "Jumbo Pistachenoten Gezouten 200 g",
    "category": "Koek, snoep, chocolade en chips",
    "price": 2.65,
    "promoPrice": null,
    "pricePerUnit": "13.25 kg",
    "image": "https://www.jumbo.com/dam-images/fit-in/360x360/Products/14022024_1707873089477_1707873097399_8718452723775_1.png",
    "available": true,
    "promoUntil": null
  },
  {
    "id": "208854STK",
    "title": "Jumbo Biologische Pompoen",
    "category": "Aardappelen, groente en fruit",
    "price": 3.18,
    "promoPrice": null,
    "pricePerUnit": "3.18 pieces",
    "image": "https://www.jumbo.com/dam-images/fit-in/360x360/Products/12122024_1734014440896_1734014445207_25003208_1.png",
    "available": true,
    "promoUntil": null
  },
  {
    "id": "347037STK",
    "title": "Jumbo - Witte Mini Bollen - 9 Stuks",
    "category": "Brood en gebak",
    "price": 2.29,
    "promoPrice": null,
    "pricePerUnit": "0.25 pieces",
    "image": "https://www.jumbo.com/dam-images/fit-in/360x360/Products/19032025_1742395988497_1742395993596_8718452815357_1.png",
    "available": true,
    "promoUntil": null
  },
  {
    "id": "676379FLS",
    "title": "Dreft MaxPower Vloeibaar 730ml",
    "category": "Huishouden en dieren",
    "price": 7.53,
    "promoPrice": null,
    "pricePerUnit": "10.32 l",
    "image": "https://www.jumbo.com/dam-images/fit-in/360x360/Products/03092025_1756857729606_1756857733946_8700216625081_1.png",
    "available": true,
    "promoUntil": null
  },
  {
    "id": "688006ZK",
    "title": "Jumbo Sint Schuimpjes 300 g",
    "category": "",
    "price": 2.19,
    "promoPrice": null,
    "pricePerUnit": "7.3 kg",
    "image": "https://www.jumbo.com/dam-images/fit-in/360x360/Products/01092025_1756733706180_1756733719816_8718452911394_596.png",
    "available": true,
    "promoUntil": null
  },
  {
    "id": "453583FLS",
    "title": "Jumbo Navulverpakking Kleur 1,485 L 27 Wasbeurten",
    "category": "Huishouden en dieren",
    "price": 2.69,
    "promoPrice": null,
    "pricePerUnit": "0.1 wb",
    "image": "https://www.jumbo.com/dam-images/fit-in/360x360/Products/09082023_1691587629989_1691587638889_8718452489770_1.png",
    "available": true,
    "promoUntil": null
  },
  {
    "id": "531007POT",
    "title": "Parrano Strooikaas Originale",
    "category": "Vleeswaren, kaas en tapas",
    "price": 3.99,
    "promoPrice": null,
    "pricePerUnit": "26.6 kg",
    "image": "https://www.jumbo.com/dam-images/fit-in/360x360/Products/08102024_1728390792548_1728390796998_8710912057383_1.png",
    "available": true,
    "promoUntil": null
  },
  {
    "id": "621334DSL",
    "title": "Jumbo Huiswijn - Wit Droog - 6 x 1L - zonder doos",
    "category": "Bier en wijn",
    "price": 29.34,
    "promoPrice": null,
    "pricePerUnit": "4.89 l",
    "image": "https://www.jumbo.com/dam-images/fit-in/360x360/Products/269305DSL-1692278642849.png",
    "available": true,
    "promoUntil": null
  },
  {
    "id": "196447PAK",
    "title": "Fuze Tea Green Iced Tea Mango Chamomile 1,5 L",
    "category": "Frisdrank en sappen",
    "price": 3.05,
    "promoPrice": null,
    "pricePerUnit": "2.03 l",
    "image": "https://www.jumbo.com/dam-images/fit-in/360x360/Products/22052025_1747877304037_1747877310709_196447_PAK_05449000238221_H1N1.png",
    "available": true,
    "promoUntil": null
  },
  {
    "id": "672960PAK",
    "title": "Lochtman Rijkgevulde Kip Pilaf in Zoetzure Saus 500 g",
    "category": "Vlees, vis en vega",
    "price": 4.89,
    "promoPrice": null,
    "pricePerUnit": "9.78 kg",
    "image": "https://www.jumbo.com/dam-images/fit-in/360x360/Products/09082023_1691587038489_1691587047950_8717056390208_1.png",
    "available": true,
    "promoUntil": null
  },
  {
    "id": "685982BAK",
    "title": "Jumbo Maaltijdsalade Gerookte Kip 450 g",
    "category": "Verse maaltijden en gemak",
    "price": 5.0,
    "promoPrice": null,
    "pricePerUnit": "11.11 kg",
    "image": "https://www.jumbo.com/dam-images/fit-in/360x360/Products/15042025_1744727549508_1744727556726_8718452892846_1.png",
    "available": true,
    "promoUntil": null
  },
  {
    "id": "679961STK",
    "title": "Jumbo Paprika Geel",
    "category": "Aardappelen, groente en fruit",
    "price": 0.99,
    "promoPrice": null,
    "pricePerUnit": "0.99 pieces",
    "image": "https://www.jumbo.com/dam-images/fit-in/360x360/Products/302242_8711715882417_1_T5_156072STK1691482599168.png",
    "available": true,
    "promoUntil": null
  },
  {
    "id": "705332ZK",
    "title": "Jumbo - Lekker Vrij van Gluten Meerzaden Brood",
    "category": "Brood en gebak",
    "price": 3.65,
    "promoPrice": null,
    "pricePerUnit": "7.3 kg",
    "image": "https://www.jumbo.com/dam-images/fit-in/360x360/Products/09082023_1691587941345_1691587950189_8718452499601_1.png",
    "available": true,
    "promoUntil": null
  },
  {
    "id": "535699ZK",
    "title": "Mehnat Crown Basmati Rijst 4,5 kg",
    "category": "Wereldkeukens, kruiden, pasta en rijst",
    "price": 13.85,
    "promoPrice": null,
    "pricePerUnit": "3.08 kg",
    "image": "https://www.jumbo.com/dam-images/fit-in/360x360/Products/03092025_1756862044667_1756862051583_535699_ZK_08908004963135_C1N1.png",
    "available": true,
    "promoUntil": null
  },
  {
    "id": "628876CUP",
    "title": "Jumbo Snackbal Naturel 135 g",
    "category": "Vleeswaren, kaas en tapas",
    "price": 2.59,
    "promoPrice": null,
    "pricePerUnit": "19.19 kg",
    "image": "https://www.jumbo.com/dam-images/fit-in/360x360/Products/01082024_1722515597633_1722515607108_8718452837618_1.png",
    "available": true,
    "promoUntil": null
  },
  {
    "id": "529126ZK",
    "title": "KITKAT Mini Melkchocolade uitdeelzak",
    "category": "Koek, snoep, chocolade en chips",
    "price": 3.85,
    "promoPrice": null,
    "pricePerUnit": "13.56 kg",
    "image": "https://www.jumbo.com/dam-images/fit-in/360x360/Products/27082025_1756257063973_1756257067225_529126_ZK_07613287105011_C1N1_s01.png",
    "available": true,
    "promoUntil": null
  },
  {
    "id": "439296FLS",
    "title": "Lipton Ice Tea Green Original 500 ml",
    "category": "Frisdrank en sappen",
    "price": 1.98,
    "promoPrice": null,
    "pricePerUnit": "3.96 l",
    "image": "https://www.jumbo.com/dam-images/fit-in/360x360/Products/03042025_1743645427465_1743645457835_439296_FLS_08711327507548_H1N1.png",
    "available": true,
    "promoUntil": null
  },
  {
    "id": "367277KGR",
    "title": "Jumbo Cranberrypaté ca. 170 g",
    "category": "Vleeswaren, kaas en tapas",
    "price": 2.97,
    "promoPrice": null,
    "pricePerUnit": "17.5 kg",
    "image": "https://www.jumbo.com/dam-images/fit-in/360x360/Products/09092025_1757421313765_1757421319878_2333439000000_1.png",
    "available": true,
    "promoUntil": null
  },
  {
    "id": "539054BLK",
    "title": "Veltins Pilsener Blik 0,5 L",
    "category": "Bier en wijn",
    "price": 1.09,
    "promoPrice": null,
    "pricePerUnit": "2.18 l",
    "image": "https://www.jumbo.com/dam-images/fit-in/360x360/Products/14022025_1739539532548_1739539536149_4005249063065_1.png",
    "available": true,
    "promoUntil": null
  },
  {
    "id": "481336STK",
    "title": "Jumbo - Bossche Bolvlaai - Half\n",
    "category": "Brood en gebak",
    "price": 8.49,
    "promoPrice": null,
    "pricePerUnit": "8.49 pieces",
    "image": "https://www.jumbo.com/dam-images/fit-in/360x360/Products/bosschebolvlaaihalf26c6c4d2-fb8d-4afb-8525-91e58ce76693-1758181826779.png",
    "available": true,
    "promoUntil": null
  },
  {
    "id": "597062BAK",
    "title": "Jumbo Grill & Gemak Kipgehaktballetjes Sweet Chili 194 g",
    "category": "Vlees, vis en vega",
    "price": 4.19,
    "promoPrice": null,
    "pricePerUnit": "21.6 kg",
    "image": "https://www.jumbo.com/dam-images/fit-in/360x360/Products/29042025_1745937194053_1745937201498_8718452801091_1.png",
    "available": true,
    "promoUntil": null
  },
  {
    "id": "648825STK",
    "title": "Jumbo Biologisch Snoeptomaatjes 200 g",
    "category": "Aardappelen, groente en fruit",
    "price": 1.9,
    "promoPrice": null,
    "pricePerUnit": "9.5 kg",
    "image": "https://www.jumbo.com/dam-images/fit-in/360x360/Products/25102024_1729866970166_1729866977382_8718452882809_1.png",
    "available": true,
    "promoUntil": null
  },
  {
    "id": "629863DSL",
    "title": "Nature Valley Protein Salted Caramel Nut 12 x 40 g",
    "category": "Koek, snoep, chocolade en chips",
    "price": 14.16,
    "promoPrice": null,
    "pricePerUnit": "29.5 kg",
    "image": "https://www.jumbo.com/dam-images/fit-in/360x360/Products/08410076710666C1R1700880297400285910e32-763a-43c2-b30d-4df962654422-1722520271143.png",
    "available": true,
    "promoUntil": null
  },
  {
    "id": "487047TRA",
    "title": "Flemmings Cheese Burger 2 Stuks 261 g",
    "category": "Verse maaltijden en gemak",
    "price": 2.25,
    "promoPrice": null,
    "pricePerUnit": "8.62 kg",
    "image": "https://www.jumbo.com/dam-images/fit-in/360x360/Products/27012025_1737939606051_1737939614225_8713354058000_1.png",
    "available": true,
    "promoUntil": null
  },
  {
    "id": "292505STK",
    "title": "Jumbo Digestive Biscuit Melkchocolade 300 g",
    "category": "Koek, snoep, chocolade en chips",
    "price": 1.18,
    "promoPrice": null,
    "pricePerUnit": "3.93 kg",
    "image": "https://www.jumbo.com/dam-images/fit-in/360x360/Products/10082023_1691677306104_1691677314193_8718452392100_1.png",
    "available": true,
    "promoUntil": null
  },
  {
    "id": "541743KGR",
    "title": "La Place Truffelsalami ca. 100 g",
    "category": "Vleeswaren, kaas en tapas",
    "price": 3.89,
    "promoPrice": null,
    "pricePerUnit": "38.9 kg",
    "image": "https://www.jumbo.com/dam-images/fit-in/360x360/Products/07072025_1751887995024_1751888000973_2336098000000_1.png",
    "available": true,
    "promoUntil": null
  },
  {
    "id": "478203DS",
    "title": "Jumbo Verspakket Mexicaanse Burrito's 4 Personen",
    "category": "Wereldkeukens, kruiden, pasta en rijst",
    "price": 5.49,
    "promoPrice": null,
    "pricePerUnit": "5.78 kg",
    "image": "https://www.jumbo.com/dam-images/fit-in/360x360/Products/03092025_1756884834280_1756884841924_8718452660360_1.png",
    "available": true,
    "promoUntil": null
  },
  {
    "id": "669711FLS",
    "title": "Lenor Wasverzachter 42 Wasbeurten",
    "category": "Huishouden en dieren",
    "price": 7.69,
    "promoPrice": null,
    "pricePerUnit": "0.18 wb",
    "image": "https://www.jumbo.com/dam-images/fit-in/360x360/Products/14082025_1755200015510_1755200021034_8700216673242_1.png",
    "available": true,
    "promoUntil": null
  },
  {
    "id": "194939STK",
    "title": "Jumbo Biologisch Voorgekookte Maïskolven 2 Stuks",
    "category": "Aardappelen, groente en fruit",
    "price": 2.99,
    "promoPrice": null,
    "pricePerUnit": "1.5 pieces",
    "image": "https://www.jumbo.com/dam-images/fit-in/360x360/Products/30072024_1722349994772_1722349999227_8718452610761_1.png",
    "available": true,
    "promoUntil": null
  },
  {
    "id": "580139FLS",
    "title": "Karvan Cévitam Zero Framboos Siroop 600 ml",
    "category": "Frisdrank en sappen",
    "price": 4.29,
    "promoPrice": null,
    "pricePerUnit": "7.15 l",
    "image": "https://www.jumbo.com/dam-images/fit-in/360x360/Products/07122024_1733540371198_1733540377954_580139_FLS_08710395948635_H1N1.png",
    "available": true,
    "promoUntil": null
  },
  {
    "id": "588985ZK",
    "title": "Jumbo Geraspte Oven Gratin Kaas 40+ 150 g",
    "category": "Vleeswaren, kaas en tapas",
    "price": 2.79,
    "promoPrice": null,
    "pricePerUnit": "18.6 kg",
    "image": "https://www.jumbo.com/dam-images/fit-in/360x360/Products/14022024_1707873915532_1707873921718_8718452749782_1.png",
    "available": true,
    "promoUntil": null
  },
  {
    "id": "664647ZK",
    "title": "Red Band Dropfruit Duo's Voordeelverpakking 365 g",
    "category": "Koek, snoep, chocolade en chips",
    "price": 3.64,
    "promoPrice": null,
    "pricePerUnit": "9.97 kg",
    "image": "https://www.jumbo.com/dam-images/fit-in/360x360/Products/12122024_1733969806216_1733969817478_664647_ZK_08713800255366_H1N1.png",
    "available": true,
    "promoUntil": null
  },
  {
    "id": "490956DS",
    "title": "Snickers Ijs repen chocolade pinda caramel 6-pack",
    "category": "Diepvries",
    "price": 4.99,
    "promoPrice": null,
    "pricePerUnit": "16.52 l",
    "image": "https://www.jumbo.com/dam-images/fit-in/360x360/Products/15052025_1747330435291_1747330461874_5000159541336_596.png",
    "available": true,
    "promoUntil": null
  },
  {
    "id": "188724DS",
    "title": "Iglo Ping & Klaar Gegrilde Kipfilet met rösti & sperziebonen 390 g",
    "category": "Diepvries",
    "price": 5.65,
    "promoPrice": null,
    "pricePerUnit": "14.49 kg",
    "image": "https://www.jumbo.com/dam-images/fit-in/360x360/Products/15072025_1752543358469_1752543370340_188724_DS_08717774267103_H1N1.png",
    "available": true,
    "promoUntil": null
  },
  {
    "id": "187710PAK",
    "title": "Jumbo Stroopwafel 8 x 29 g",
    "category": "Koek, snoep, chocolade en chips",
    "price": 3.29,
    "promoPrice": null,
    "pricePerUnit": "14.3 kg",
    "image": "https://www.jumbo.com/dam-images/fit-in/360x360/Products/09092025_1757421312032_1757421319091_8718452225927_1.png",
    "available": true,
    "promoUntil": null
  },
  {
    "id": "291907CUP",
    "title": "Jumbo Dip Aioli 175 g",
    "category": "Vleeswaren, kaas en tapas",
    "price": 2.09,
    "promoPrice": null,
    "pricePerUnit": "11.94 kg",
    "image": "https://www.jumbo.com/dam-images/fit-in/360x360/Products/24112023_1700836388267_1700836400885_8718452755592_1.png",
    "available": true,
    "promoUntil": null
  },
  {
    "id": "47976ZK",
    "title": "Côte d'Or Chokotoff Chocolaatjes Puur 500g",
    "category": "Koek, snoep, chocolade en chips",
    "price": 7.91,
    "promoPrice": null,
    "pricePerUnit": "15.82 kg",
    "image": "https://www.jumbo.com/dam-images/fit-in/360x360/Products/05082025_1754408011657_1754408022987_5410081212011_596.png",
    "available": true,
    "promoUntil": null
  },
  {
    "id": "693994CUP",
    "title": "Jumbo Gevulde Zoete Peper met Roomkaas 120 g",
    "category": "Vleeswaren, kaas en tapas",
    "price": 3.09,
    "promoPrice": null,
    "pricePerUnit": "25.75 kg",
    "image": "https://www.jumbo.com/dam-images/fit-in/360x360/Products/14022024_1707873856523_1707873867712_8718452757220_1.png",
    "available": true,
    "promoUntil": null
  },
  {
    "id": "313962BAK",
    "title": "Jan Poffertjes met Boter en Suiker 335 g",
    "category": "Verse maaltijden en gemak",
    "price": 3.29,
    "promoPrice": null,
    "pricePerUnit": "9.82 kg",
    "image": "https://www.jumbo.com/dam-images/fit-in/360x360/Products/04032025_1741054779961_1741054796010_313962_BAK_08712941606082_H1N1.png",
    "available": true,
    "promoUntil": null
  },
  {
    "id": "608182FLS",
    "title": "Pepsi Zero Sugar Lemon Flavour 1,5 L",
    "category": "Frisdrank en sappen",
    "price": 2.69,
    "promoPrice": null,
    "pricePerUnit": "1.79 l",
    "image": "https://www.jumbo.com/dam-images/fit-in/360x360/Products/25032024_1711381637410_1711381643462_8715600248944_596.png",
    "available": true,
    "promoUntil": null
  },
  {
    "id": "669726PAK",
    "title": "Jumbo Sinas Zero 6 x 500ML",
    "category": "Frisdrank en sappen",
    "price": 3.89,
    "promoPrice": null,
    "pricePerUnit": "1.3 l",
    "image": "https://www.jumbo.com/dam-images/fit-in/360x360/Products/30052025_1748619189614_1748619216331_8718452863372_596.png",
    "available": true,
    "promoUntil": null
  },
  {
    "id": "596716KGR",
    "title": "Jumbo Scharrelkip Filet Gemarineerd 2 Stuks",
    "category": "Vlees, vis en vega",
    "price": 6.23,
    "promoPrice": null,
    "pricePerUnit": "15.19 kg",
    "image": "https://www.jumbo.com/dam-images/fit-in/360x360/Products/21032025_1742567607153_1742567615076_2378591000000_1.png",
    "available": true,
    "promoUntil": null
  },
  {
    "id": "579222ZK",
    "title": "Jumbo Koriander 40 g",
    "category": "Aardappelen, groente en fruit",
    "price": 1.39,
    "promoPrice": null,
    "pricePerUnit": "34.75 kg",
    "image": "https://www.jumbo.com/dam-images/fit-in/360x360/Products/29072024_1722270917736_1722270923915_8718452798568_1.png",
    "available": true,
    "promoUntil": null
  },
  {
    "id": "42752PAK",
    "title": "Jumbo Oranjekoek Stukjes 250 g",
    "category": "Koek, snoep, chocolade en chips",
    "price": 1.99,
    "promoPrice": null,
    "pricePerUnit": "7.96 kg",
    "image": "https://www.jumbo.com/dam-images/fit-in/360x360/Products/09092025_1757421311310_1757421314965_8711715861672_1.png",
    "available": true,
    "promoUntil": null
  },
  {
    "id": "460305ZK",
    "title": "Jumbo Loempia met Ham & Kip 2 Stuks",
    "category": "Diepvries",
    "price": 2.49,
    "promoPrice": null,
    "pricePerUnit": "7.11 kg",
    "image": "https://www.jumbo.com/dam-images/fit-in/360x360/Products/08022024_1707384968516_1707384999546_8718452767014_596.png",
    "available": true,
    "promoUntil": null
  },
  {
    "id": "427840DS",
    "title": "Jumbo Disco Biscuit 6 Stuks",
    "category": "Koek, snoep, chocolade en chips",
    "price": 2.19,
    "promoPrice": null,
    "pricePerUnit": "13.52 kg",
    "image": "https://www.jumbo.com/dam-images/fit-in/360x360/Products/29092023_1695995410026_1695995416466_8718452632190_1.png",
    "available": true,
    "promoUntil": null
  },
  {
    "id": "558712DS",
    "title": "Jumbo Tomaten Gepeld 400 g",
    "category": "Wereldkeukens, kruiden, pasta en rijst",
    "price": 0.68,
    "promoPrice": null,
    "pricePerUnit": "2.83 kg",
    "image": "https://www.jumbo.com/dam-images/fit-in/360x360/Products/24072024_1721835319976_1721835326144_8718452707058_1.png",
    "available": true,
    "promoUntil": null
  },
  {
    "id": "572900ZK",
    "title": "Jumbo Macadamia Notenmix Gezouten 200 g",
    "category": "Koek, snoep, chocolade en chips",
    "price": 2.69,
    "promoPrice": null,
    "pricePerUnit": "13.45 kg",
    "image": "https://www.jumbo.com/dam-images/fit-in/360x360/Products/14022024_1707872954401_1707872960308_8718452723744_1.png",
    "available": true,
    "promoUntil": null
  },
  {
    "id": "482198TRA",
    "title": "Jumbo Boeren Metworst Droge Worst 220 g",
    "category": "Vleeswaren, kaas en tapas",
    "price": 3.89,
    "promoPrice": null,
    "pricePerUnit": "17.68 kg",
    "image": "https://www.jumbo.com/dam-images/fit-in/360x360/Products/10082023_1691676435601_1691676449129_8718452628728_1.png",
    "available": true,
    "promoUntil": null
  },
  {
    "id": "237864ZK",
    "title": "Jumbo Gemengde Salade Fris & Knapperig 150 g",
    "category": "Aardappelen, groente en fruit",
    "price": 2.69,
    "promoPrice": null,
    "pricePerUnit": "17.93 kg",
    "image": "https://www.jumbo.com/dam-images/fit-in/360x360/Products/26062024_1719412466578_1719412481044_8718452777228_1.png",
    "available": true,
    "promoUntil": null
  },
  {
    "id": "562205STK",
    "title": "Jumbo Peultjes 250 g",
    "category": "Aardappelen, groente en fruit",
    "price": 2.79,
    "promoPrice": null,
    "pricePerUnit": "11.16 kg",
    "image": "https://www.jumbo.com/dam-images/fit-in/360x360/Products/17042025_1744878790236_1744878801991_8718452320219_1.png",
    "available": true,
    "promoUntil": null
  },
  {
    "id": "513190DS",
    "title": "Knorr Wereldgerechten Foodtrips Nacho Ovenschotel 190 g",
    "category": "Wereldkeukens, kruiden, pasta en rijst",
    "price": 4.59,
    "promoPrice": null,
    "pricePerUnit": "24.16 kg",
    "image": "https://www.jumbo.com/dam-images/fit-in/360x360/Products/19092025_1758292429600_1758292437489_8720182257109_1.png",
    "available": true,
    "promoUntil": null
  },
  {
    "id": "528658DS",
    "title": "Honig Maaltijdmix voor Nasi Speciaal 39 g",
    "category": "Wereldkeukens, kruiden, pasta en rijst",
    "price": 1.99,
    "promoPrice": null,
    "pricePerUnit": "52.37 kg",
    "image": "https://www.jumbo.com/dam-images/fit-in/360x360/Products/08082025_1754617964760_1754617984467_528658_DS_08714700170278_H1N1.png",
    "available": true,
    "promoUntil": null
  },
  {
    "id": "594492PAK",
    "title": "Jumbo Biologisch Sinaasappelsap 1 L",
    "category": "Frisdrank en sappen",
    "price": 2.79,
    "promoPrice": null,
    "pricePerUnit": "2.79 l",
    "image": "https://www.jumbo.com/dam-images/fit-in/360x360/Products/12122024_1734014743896_1734014755067_8718452677115_596.png",
    "available": true,
    "promoUntil": null
  },
  {
    "id": "710748SC",
    "title": "Jumbo Kastanje Champignons 250 g",
    "category": "Aardappelen, groente en fruit",
    "price": 1.65,
    "promoPrice": null,
    "pricePerUnit": "6.6 kg",
    "image": "https://www.jumbo.com/dam-images/fit-in/360x360/Products/16082024_1723815323065_1723815330630_8718452833177_1.png",
    "available": true,
    "promoUntil": null
  },
  {
    "id": "601130STK",
    "title": "Jumbo Boterhamzakken met Sluitstrips 120 Stuks",
    "category": "Huishouden en dieren",
    "price": 0.59,
    "promoPrice": null,
    "pricePerUnit": "0.0 pieces",
    "image": "https://www.jumbo.com/dam-images/fit-in/360x360/Products/25012024_1706200504348_1706200509673_8718452730995_1.png",
    "available": true,
    "promoUntil": null
  },
  {
    "id": "640699TRA",
    "title": "Jumbo Donut Voorgegaard Kip 180 g",
    "category": "Vlees, vis en vega",
    "price": 2.99,
    "promoPrice": null,
    "pricePerUnit": "16.61 kg",
    "image": "https://www.jumbo.com/dam-images/fit-in/360x360/Products/23102024_1729690508280_1729690516046_8718452856862_1.png",
    "available": true,
    "promoUntil": null
  },
  {
    "id": "656659STK",
    "title": "Jumbo Roombrie Witschimmelkaas 60+ ca. 170g",
    "category": "Vleeswaren, kaas en tapas",
    "price": 2.79,
    "promoPrice": null,
    "pricePerUnit": "16.41 kg",
    "image": "https://www.jumbo.com/dam-images/fit-in/360x360/Products/14102024_1728894968332_1728894971582_8718452480623_1.png",
    "available": true,
    "promoUntil": null
  },
  {
    "id": "572638ZK",
    "title": "Jumbo Pistache Notenmix Gezouten 200 g",
    "category": "Koek, snoep, chocolade en chips",
    "price": 2.49,
    "promoPrice": null,
    "pricePerUnit": "12.45 kg",
    "image": "https://www.jumbo.com/dam-images/fit-in/360x360/Products/14022024_1707872956481_1707872963092_8718452724833_1.png",
    "available": true,
    "promoUntil": null
  },
  {
    "id": "183558FLS",
    "title": "Jumbo Krachtige Dikbleek Lavendel 750 ml",
    "category": "Huishouden en dieren",
    "price": 0.89,
    "promoPrice": null,
    "pricePerUnit": "1.19 l",
    "image": "https://www.jumbo.com/dam-images/fit-in/360x360/Products/29092023_1695996728444_1695996730175_8718452677528_1.png",
    "available": true,
    "promoUntil": null
  },
  {
    "id": "373592ZK",
    "title": "Jumbo Volkoren Wok Noodles 300 g",
    "category": "Wereldkeukens, kruiden, pasta en rijst",
    "price": 2.29,
    "promoPrice": null,
    "pricePerUnit": "7.63 kg",
    "image": "https://www.jumbo.com/dam-images/fit-in/360x360/Products/09082023_1691587015822_1691587031822_8718452454761_1.png",
    "available": true,
    "promoUntil": null
  },
  {
    "id": "666374KGR",
    "title": "Jumbo Biefstuk Ossenworst ca. 105 g",
    "category": "Vleeswaren, kaas en tapas",
    "price": 3.45,
    "promoPrice": null,
    "pricePerUnit": "32.9 kg",
    "image": "https://www.jumbo.com/dam-images/fit-in/360x360/Products/15012025_1736955187359_1736955192324_2348845000000_1.png",
    "available": true,
    "promoUntil": null
  },
  {
    "id": "490314FLS",
    "title": "SPA FRUIT Niet-Bruisende Fruitige Frisdrank Mango Apricot 1,25 L",
    "category": "Frisdrank en sappen",
    "price": 2.45,
    "promoPrice": null,
    "pricePerUnit": "1.96 l",
    "image": "https://www.jumbo.com/dam-images/fit-in/360x360/Products/20102023_1697764371253_1697764377462_490314_FLS_05410013812500_H1N1.png",
    "available": true,
    "promoUntil": null
  },
  {
    "id": "513909FLS",
    "title": "Karvan Cévitam Framboos Original Siroop, 900 ml",
    "category": "Frisdrank en sappen",
    "price": 5.99,
    "promoPrice": null,
    "pricePerUnit": "6.66 l",
    "image": "https://www.jumbo.com/dam-images/fit-in/360x360/Products/25042025_1745548236617_1745548242737_513909_FLS_08715700122557_H1N1.png",
    "available": true,
    "promoUntil": null
  },
  {
    "id": "629628PAK",
    "title": "Jumbo Cola Regular 12 x 150 ml",
    "category": "Frisdrank en sappen",
    "price": 3.98,
    "promoPrice": null,
    "pricePerUnit": "2.21 l",
    "image": "https://www.jumbo.com/dam-images/fit-in/360x360/Products/09102024_1728470047461_1728470052383_8718452829439_1.png",
    "available": true,
    "promoUntil": null
  },
  {
    "id": "317399ZK",
    "title": "Lay's Sensations Red Sweet Paprika Chips 150 gr",
    "category": "Koek, snoep, chocolade en chips",
    "price": 2.49,
    "promoPrice": null,
    "pricePerUnit": "16.6 kg",
    "image": "https://www.jumbo.com/dam-images/fit-in/360x360/Products/07012025_1736249546398_1736249552013_8710398160010_1.png",
    "available": true,
    "promoUntil": null
  },
  {
    "id": "641014KGR",
    "title": "Jumbo Mosterdrollade ca. 110 g",
    "category": "Vleeswaren, kaas en tapas",
    "price": 3.0,
    "promoPrice": null,
    "pricePerUnit": "27.27 kg",
    "image": "https://www.jumbo.com/dam-images/fit-in/360x360/Products/04072025_1751617997440_1751618002002_2335833000000_1.png",
    "available": true,
    "promoUntil": null
  },
  {
    "id": "561514ZK",
    "title": "Jumbo Ongebrande Amandelen 200 g",
    "category": "Koek, snoep, chocolade en chips",
    "price": 2.39,
    "promoPrice": null,
    "pricePerUnit": "11.95 kg",
    "image": "https://www.jumbo.com/dam-images/fit-in/360x360/Products/26042024_1714127650859_1714127669915_8718452724383_596.png",
    "available": true,
    "promoUntil": null
  },
  {
    "id": "684473FLS",
    "title": "Jean Balmont - Chardonnay - 750ML",
    "category": "Bier en wijn",
    "price": 3.99,
    "promoPrice": null,
    "pricePerUnit": "5.32 l",
    "image": "https://www.jumbo.com/dam-images/fit-in/360x360/Products/27052025_1748356387878_1748356399902_3176780039923_1.png",
    "available": true,
    "promoUntil": null
  },
  {
    "id": "203072PAK",
    "title": "Appelsientje Goudappeltje 1,5L",
    "category": "Frisdrank en sappen",
    "price": 3.59,
    "promoPrice": null,
    "pricePerUnit": "2.39 l",
    "image": "https://www.jumbo.com/dam-images/fit-in/360x360/Products/26022025_1740569588652_1740569594550_8713300051017_1.png",
    "available": true,
    "promoUntil": null
  },
  {
    "id": "515488BAK",
    "title": "Jumbo Kipknakworst Voorgegaard Kip 320 g",
    "category": "Vlees, vis en vega",
    "price": 4.49,
    "promoPrice": null,
    "pricePerUnit": "14.03 kg",
    "image": "https://www.jumbo.com/dam-images/fit-in/360x360/Products/06032025_1741267946967_1741267953852_8718452685400_1.png",
    "available": true,
    "promoUntil": null
  },
  {
    "id": "161821PAK",
    "title": "Grolsch Gerijpte Herfstbok 6x300ML",
    "category": "Bier en wijn",
    "price": 8.79,
    "promoPrice": null,
    "pricePerUnit": "4.88 l",
    "image": "https://www.jumbo.com/dam-images/fit-in/360x360/Products/08716700016808H1N15e095e41-fa32-4a18-82d0-ef787602b0e2-1727789665852.png",
    "available": true,
    "promoUntil": null
  },
  {
    "id": "225353FLS",
    "title": "Villa Annaberta - Amarone - 750 ML",
    "category": "Bier en wijn",
    "price": 18.99,
    "promoPrice": null,
    "pricePerUnit": "25.32 l",
    "image": "https://www.jumbo.com/dam-images/fit-in/360x360/Products/09082023_1691586882063_1691586885321_5750000103663_1.png",
    "available": true,
    "promoUntil": null
  },
  {
    "id": "42750PAK",
    "title": "Jumbo Boterkoek Reepjes 270 g",
    "category": "Koek, snoep, chocolade en chips",
    "price": 1.79,
    "promoPrice": null,
    "pricePerUnit": "6.63 kg",
    "image": "https://www.jumbo.com/dam-images/fit-in/360x360/Products/29092023_1695995257611_1695995260500_8718452387175_1.png",
    "available": true,
    "promoUntil": null
  },
  {
    "id": "646796FLS",
    "title": "Sprite Lemon-Lime 1,5 L",
    "category": "Frisdrank en sappen",
    "price": 2.89,
    "promoPrice": null,
    "pricePerUnit": "1.93 l",
    "image": "https://www.jumbo.com/dam-images/fit-in/360x360/Products/23082024_1724386671266_1724386676054_646796_FLS_05000112674972_H1N1.png",
    "available": true,
    "promoUntil": null
  },
  {
    "id": "618469BAK",
    "title": "Jumbo Filet Americain Mager 150 g ",
    "category": "Vleeswaren, kaas en tapas",
    "price": 2.19,
    "promoPrice": null,
    "pricePerUnit": "14.6 kg",
    "image": "https://www.jumbo.com/dam-images/fit-in/360x360/Products/07022025_1738956792708_1738956798407_8718452617470_1.png",
    "available": true,
    "promoUntil": null
  },
  {
    "id": "669608DS",
    "title": "Ariel 3in1 PODS Original, Wasmiddel Capsules 15",
    "category": "Huishouden en dieren",
    "price": 12.99,
    "promoPrice": null,
    "pricePerUnit": "0.87 pieces",
    "image": "https://www.jumbo.com/dam-images/fit-in/360x360/Products/14082025_1755200015039_1755200021267_8700216648752_1.png",
    "available": true,
    "promoUntil": null
  },
  {
    "id": "81220ZK",
    "title": "Aviko Franse friet Supercrunch Original",
    "category": "Diepvries",
    "price": 2.25,
    "promoPrice": null,
    "pricePerUnit": "3.0 kg",
    "image": "https://www.jumbo.com/dam-images/fit-in/360x360/Products/18102024_1729261986185_1729261990245_8710449919437_1.png",
    "available": true,
    "promoUntil": null
  },
  {
    "id": "561960ZK",
    "title": "Jumbo Julienne Wortel 300 g",
    "category": "Aardappelen, groente en fruit",
    "price": 1.99,
    "promoPrice": null,
    "pricePerUnit": "6.63 kg",
    "image": "https://www.jumbo.com/dam-images/fit-in/360x360/Products/26062024_1719412467602_1719412475548_8718452788699_1.png",
    "available": true,
    "promoUntil": null
  },
  {
    "id": "655554STK",
    "title": "Jumbo Carpaccio met Parmezaanse Kaas, Dressing en Pijnboompitten 123 g",
    "category": "Vleeswaren, kaas en tapas",
    "price": 4.15,
    "promoPrice": null,
    "pricePerUnit": "34.58 kg",
    "image": "https://www.jumbo.com/dam-images/fit-in/360x360/Products/14102024_1728894968126_1728894982679_8718452757053_1.png",
    "available": true,
    "promoUntil": null
  },
  {
    "id": "428891FLS",
    "title": "Dr Foots 1,5 L",
    "category": "Frisdrank en sappen",
    "price": 1.99,
    "promoPrice": null,
    "pricePerUnit": "1.33 l",
    "image": "https://www.jumbo.com/dam-images/fit-in/360x360/Products/22032024_1711072844229_1711072846648_428891_FLS_08714800042956_C1N1.png",
    "available": true,
    "promoUntil": null
  },
  {
    "id": "510705PAK",
    "title": "Jumbo Multifruit 6 x 330 ml",
    "category": "Frisdrank en sappen",
    "price": 3.79,
    "promoPrice": null,
    "pricePerUnit": "1.91 l",
    "image": "https://www.jumbo.com/dam-images/fit-in/360x360/Products/26092024_1727339546626_1727339555393_8718452842353_1.png",
    "available": true,
    "promoUntil": null
  },
  {
    "id": "582492STK",
    "title": "Jumbo Blauw Water Toiletblok Ocean 2 x 48 g",
    "category": "Huishouden en dieren",
    "price": 2.29,
    "promoPrice": null,
    "pricePerUnit": "1.15 pieces",
    "image": "https://www.jumbo.com/dam-images/fit-in/360x360/Products/12122024_1734014724697_1734014730398_8718452694518_1.png",
    "available": true,
    "promoUntil": null
  },
  {
    "id": "79866ZK",
    "title": "Aviko Oma's Smulfriet",
    "category": "Diepvries",
    "price": 2.72,
    "promoPrice": null,
    "pricePerUnit": "3.63 kg",
    "image": "https://www.jumbo.com/dam-images/fit-in/360x360/Products/15102024_1728999188542_1728999202689_8710449912599_1.png",
    "available": true,
    "promoUntil": null
  },
  {
    "id": "225312NET",
    "title": "Mini Babybel Jonge 45+ kaas tussendoortje 20 g x 5",
    "category": "Vleeswaren, kaas en tapas",
    "price": 2.55,
    "promoPrice": null,
    "pricePerUnit": "25.5 kg",
    "image": "https://www.jumbo.com/dam-images/fit-in/360x360/Products/19082025_1755567668231_1755567683477_225312_NET_03073781113471_C1N1.png",
    "available": true,
    "promoUntil": null
  },
  {
    "id": "163479STK",
    "title": "Jumbo Biologische Wortelen 1KG",
    "category": "Aardappelen, groente en fruit",
    "price": 1.49,
    "promoPrice": null,
    "pricePerUnit": "1.49 kg",
    "image": "https://www.jumbo.com/dam-images/fit-in/360x360/Products/23052024_1716453198913_1716453206408_8718452622917_1.png",
    "available": true,
    "promoUntil": null
  },
  {
    "id": "468323TRA",
    "title": "Jumbo Mini Gevulde Koeken met Roomboter 270 g",
    "category": "Koek, snoep, chocolade en chips",
    "price": 1.54,
    "promoPrice": null,
    "pricePerUnit": "5.7 kg",
    "image": "https://www.jumbo.com/dam-images/fit-in/360x360/Products/28022025_1740753169569_1740753174421_8718452599684_1.png",
    "available": true,
    "promoUntil": null
  },
  {
    "id": "347122STK",
    "title": "Jumbo Kleine Bloemkool 2 Personen",
    "category": "Aardappelen, groente en fruit",
    "price": 1.59,
    "promoPrice": null,
    "pricePerUnit": "1.59 pieces",
    "image": "https://www.jumbo.com/dam-images/fit-in/360x360/Products/18092023_1695058491168_1695058501957_8718452426607_1.png",
    "available": true,
    "promoUntil": null
  },
  {
    "id": "296449STK",
    "title": "Mora Oven & Airfryer Ham-Kip Loempia's 3 x 100 g",
    "category": "Diepvries",
    "price": 5.79,
    "promoPrice": null,
    "pricePerUnit": "19.3 kg",
    "image": "https://www.jumbo.com/dam-images/fit-in/360x360/Products/14062025_1749862883627_1749862895200_296449_STK_08710861995453_H1N1.png",
    "available": true,
    "promoUntil": null
  },
  {
    "id": "662765TRA",
    "title": "Dr Pepper Zero Sugar 6 x 33 cl",
    "category": "Frisdrank en sappen",
    "price": 5.69,
    "promoPrice": 4.55,
    "pricePerUnit": "2.3 l",
    "image": "https://www.jumbo.com/dam-images/fit-in/360x360/Products/04082025_1754292813413_1754292817967_8435185980656_1.png",
    "available": true,
    "promoUntil": "di 14 okt"
  },
  {
    "id": "387201ZK",
    "title": "Jumbo Luier Zakjes Licht Geparfumeerd 100 Stuks",
    "category": "Drogisterij en baby",
    "price": 1.99,
    "promoPrice": null,
    "pricePerUnit": "0.02 pieces",
    "image": "https://www.jumbo.com/dam-images/fit-in/360x360/Products/09082023_1691588028826_1691588038007_8718452493906_1.png",
    "available": true,
    "promoUntil": null
  },
  {
    "id": "608456STK",
    "title": "Jumbo Stokbrood Rustiek Wit Afbakbrood 300 g",
    "category": "Brood en gebak",
    "price": 2.29,
    "promoPrice": null,
    "pricePerUnit": "2.29 pieces",
    "image": "https://www.jumbo.com/dam-images/fit-in/360x360/Products/12122024_1734014703795_1734014708512_8718452700349_1.png",
    "available": true,
    "promoUntil": null
  },
  {
    "id": "427786FLS",
    "title": "Jumbo Ice Tea Sparkling Original 1,5L",
    "category": "Frisdrank en sappen",
    "price": 1.0,
    "promoPrice": null,
    "pricePerUnit": "0.67 l",
    "image": "https://www.jumbo.com/dam-images/fit-in/360x360/Products/09082023_1691589580666_1691589604158_8718452537471_1.png",
    "available": true,
    "promoUntil": null
  },
  {
    "id": "482889ZK",
    "title": "Lay's Max Ribbel Chips Paprika 185 gr",
    "category": "Koek, snoep, chocolade en chips",
    "price": 2.39,
    "promoPrice": null,
    "pricePerUnit": "12.92 kg",
    "image": "https://www.jumbo.com/dam-images/fit-in/360x360/Products/24092025_1758679416136_1758679424911_482889_ZK_08710398528841_C1N1.png",
    "available": true,
    "promoUntil": null
  },
  {
    "id": "175470DS",
    "title": "Mora Oven & Airfryer Mini Frikandellen 400 g",
    "category": "Diepvries",
    "price": 4.69,
    "promoPrice": null,
    "pricePerUnit": "11.73 kg",
    "image": "https://www.jumbo.com/dam-images/fit-in/360x360/Products/26042025_1745635144291_1745635152386_175470_DS_08710861994623_H1N1.png",
    "available": true,
    "promoUntil": null
  },
  {
    "id": "974595PAK",
    "title": "Topking Vlammetjes Classic 12 Stuks 210 g",
    "category": "Diepvries",
    "price": 4.99,
    "promoPrice": null,
    "pricePerUnit": "23.76 kg",
    "image": "https://www.jumbo.com/dam-images/fit-in/360x360/Products/07082025_1754566392260_1754566403857_8711103301032_1.png",
    "available": true,
    "promoUntil": null
  },
  {
    "id": "703792PAK",
    "title": "Jumbo Naan Naturel 2 Stuks 260 g",
    "category": "Wereldkeukens, kruiden, pasta en rijst",
    "price": 1.57,
    "promoPrice": null,
    "pricePerUnit": "6.04 kg",
    "image": "https://www.jumbo.com/dam-images/fit-in/360x360/Products/11082025_1754919207970_1754919214568_8718452881987_1.png",
    "available": true,
    "promoUntil": null
  },
  {
    "id": "143559PAK",
    "title": "Jumbo - Triangels Meergranen - 2 Stuks",
    "category": "Brood en gebak",
    "price": 1.19,
    "promoPrice": null,
    "pricePerUnit": "6.61 kg",
    "image": "https://www.jumbo.com/dam-images/fit-in/360x360/Products/29092023_1695995624911_1695995632211_8718452647460_1.png",
    "available": true,
    "promoUntil": null
  },
  {
    "id": "416016POT",
    "title": "Paturain Verse Roomkaas Family Pack 250 g",
    "category": "Vleeswaren, kaas en tapas",
    "price": 4.39,
    "promoPrice": null,
    "pricePerUnit": "17.56 kg",
    "image": "https://www.jumbo.com/dam-images/fit-in/360x360/Products/29042025_1745892863361_1745892878151_416016_POT_03272770014212_C1N1_s24.png",
    "available": true,
    "promoUntil": null
  },
  {
    "id": "644580PAK",
    "title": "Jumbo Ice Tea Peach Flavour 6 x 200 ml",
    "category": "Frisdrank en sappen",
    "price": 1.99,
    "promoPrice": null,
    "pricePerUnit": "1.66 l",
    "image": "https://www.jumbo.com/dam-images/fit-in/360x360/Products/17092024_1726565657555_1726565673961_8718452829460_596.png",
    "available": true,
    "promoUntil": null
  },
  {
    "id": "305923STK",
    "title": "Jumbo - Wit Brood - Half",
    "category": "Brood en gebak",
    "price": 1.29,
    "promoPrice": null,
    "pricePerUnit": "3.23 kg",
    "image": "https://www.jumbo.com/dam-images/fit-in/360x360/Products/31052024_1717151660180_1717151665296_8718452636495_1.png",
    "available": true,
    "promoUntil": null
  },
  {
    "id": "179768DS",
    "title": "Topking Toasties Ham Kaas 2 Stuks 210 g",
    "category": "Diepvries",
    "price": 2.99,
    "promoPrice": null,
    "pricePerUnit": "14.24 kg",
    "image": "https://www.jumbo.com/dam-images/fit-in/360x360/Products/02082025_1754099379187_1754099394008_179768_DS_08711103401350_C1N1.png",
    "available": true,
    "promoUntil": null
  },
  {
    "id": "188535PAK",
    "title": "Jumbo - Ciabattina Wit - 4 Stuks",
    "category": "Brood en gebak",
    "price": 1.79,
    "promoPrice": null,
    "pricePerUnit": "7.46 kg",
    "image": "https://www.jumbo.com/dam-images/fit-in/360x360/Products/29092023_1695995625502_1695995631411_8718452637379_1.png",
    "available": true,
    "promoUntil": null
  },
  {
    "id": "605583DS",
    "title": "Jumbo Chocosoesjes 200 g",
    "category": "Diepvries",
    "price": 1.97,
    "promoPrice": null,
    "pricePerUnit": "9.85 kg",
    "image": "https://www.jumbo.com/dam-images/fit-in/360x360/Products/16042024_1713288318125_1713288333758_8718452820238_596.png",
    "available": true,
    "promoUntil": null
  },
  {
    "id": "424976POT",
    "title": "Easy Chicken Tonight Saté 525 g",
    "category": "Wereldkeukens, kruiden, pasta en rijst",
    "price": 3.89,
    "promoPrice": null,
    "pricePerUnit": "7.41 kg",
    "image": "https://www.jumbo.com/dam-images/fit-in/360x360/Products/26052025_1748227130209_1748227139628_424976_POT_08710581909792_C1N1.png",
    "available": true,
    "promoUntil": null
  },
  {
    "id": "610250DS",
    "title": "Jumbo Prei à la Crème 450 g",
    "category": "Diepvries",
    "price": 1.49,
    "promoPrice": null,
    "pricePerUnit": "3.31 kg",
    "image": "https://www.jumbo.com/dam-images/fit-in/360x360/Products/02042024_1712068509097_1712068525417_8718452796212_596.png",
    "available": true,
    "promoUntil": null
  },
  {
    "id": "312290PAK",
    "title": "Jumbo TintelFris Appel & Perzik 1,5L",
    "category": "Frisdrank en sappen",
    "price": 1.29,
    "promoPrice": null,
    "pricePerUnit": "0.86 l",
    "image": "https://www.jumbo.com/dam-images/fit-in/360x360/Products/09082023_1691586205150_1691586230192_8718452397655_1.png",
    "available": true,
    "promoUntil": null
  },
  {
    "id": "575339ZK",
    "title": "POM-BÄR Original Multipack 8 x 16 g",
    "category": "Koek, snoep, chocolade en chips",
    "price": 2.89,
    "promoPrice": null,
    "pricePerUnit": "22.58 kg",
    "image": "https://www.jumbo.com/dam-images/fit-in/360x360/Products/09052025_1746758849476_1746758854020_575339_ZK_08710532467661_C1N1.png",
    "available": true,
    "promoUntil": null
  },
  {
    "id": "674774STK",
    "title": "Beyond Meat Sausage Original Brat Plantaardige Worst 2 x 100 g",
    "category": "Vlees, vis en vega",
    "price": 4.39,
    "promoPrice": null,
    "pricePerUnit": "21.95 kg",
    "image": "https://www.jumbo.com/dam-images/fit-in/360x360/Products/31012025_1738293851610_1738293857332_674774_STK_01240000005257_C1N1.png",
    "available": true,
    "promoUntil": null
  },
  {
    "id": "466072DS",
    "title": "Jumbo Mini Pizzabodems met Tomatensaus 10 Stuks",
    "category": "Wereldkeukens, kruiden, pasta en rijst",
    "price": 3.69,
    "promoPrice": null,
    "pricePerUnit": "0.37 pieces",
    "image": "https://www.jumbo.com/dam-images/fit-in/360x360/Products/30042024_1714465992633_1714466000304_8718452592678_1.png",
    "available": true,
    "promoUntil": null
  },
  {
    "id": "237861STK",
    "title": "Jumbo Taugé 250 g",
    "category": "Aardappelen, groente en fruit",
    "price": 1.99,
    "promoPrice": null,
    "pricePerUnit": "7.96 kg",
    "image": "https://www.jumbo.com/dam-images/fit-in/360x360/Products/26062024_1719412466400_1719412477158_8718452764921_1.png",
    "available": true,
    "promoUntil": null
  },
  {
    "id": "420500PAK",
    "title": "CoolBest 100% Juice Mango Dream 1 L",
    "category": "Frisdrank en sappen",
    "price": 3.39,
    "promoPrice": null,
    "pricePerUnit": "3.39 l",
    "image": "https://www.jumbo.com/dam-images/fit-in/360x360/Products/28062025_1751075825154_1751075841259_420500_PAK_08720157463887_C1N1.png",
    "available": true,
    "promoUntil": null
  },
  {
    "id": "693999CUP",
    "title": "Jumbo Rolletje Serranoham met Roomkaas 85 g",
    "category": "Vleeswaren, kaas en tapas",
    "price": 3.09,
    "promoPrice": null,
    "pricePerUnit": "36.35 kg",
    "image": "https://www.jumbo.com/dam-images/fit-in/360x360/Products/14072025_1752492764611_1752492771810_8718452923410_1.png",
    "available": true,
    "promoUntil": null
  },
  {
    "id": "427769FLS",
    "title": "Jumbo Mineraalwater Citroen 1,5 L",
    "category": "Frisdrank en sappen",
    "price": 1.19,
    "promoPrice": null,
    "pricePerUnit": "0.79 l",
    "image": "https://www.jumbo.com/dam-images/fit-in/360x360/Products/18092023_1695049065732_1695049071463_8718452536931_1.png",
    "available": true,
    "promoUntil": null
  },
  {
    "id": "463930FLS",
    "title": "Jumbo - Feest Bubbels - Alcoholvrij - 750ML",
    "category": "Frisdrank en sappen",
    "price": 3.29,
    "promoPrice": null,
    "pricePerUnit": "4.39 l",
    "image": "https://www.jumbo.com/dam-images/fit-in/360x360/Products/09082023_1691591342933_1691591419688_8718452585526_1.png",
    "available": true,
    "promoUntil": null
  },
  {
    "id": "388824DS",
    "title": "Iglo Spinazie à la crème 500 g",
    "category": "Diepvries",
    "price": 1.68,
    "promoPrice": null,
    "pricePerUnit": "3.36 kg",
    "image": "https://www.jumbo.com/dam-images/fit-in/360x360/Products/08717774269541C1N1e0e4602b-7660-4647-a93d-eee520e32f2a-1749022365824.png",
    "available": true,
    "promoUntil": null
  },
  {
    "id": "622415ZK",
    "title": "Jumbo Basismix Aziatisch 600 g",
    "category": "Aardappelen, groente en fruit",
    "price": 1.99,
    "promoPrice": null,
    "pricePerUnit": "3.32 kg",
    "image": "https://www.jumbo.com/dam-images/fit-in/360x360/Products/05062024_1717601668231_1717601680018_8718452818334_1.png",
    "available": true,
    "promoUntil": null
  },
  {
    "id": "681517ZK",
    "title": "Emmi Fondü Original 400 gram",
    "category": "Vleeswaren, kaas en tapas",
    "price": 5.99,
    "promoPrice": null,
    "pricePerUnit": "14.98 kg",
    "image": "https://www.jumbo.com/dam-images/fit-in/360x360/Products/21022025_1740142757389_1740142767903_681517_ZK_07610900233519_C1N1_nl.png",
    "available": true,
    "promoUntil": null
  },
  {
    "id": "653365BLK",
    "title": "Jupiler - Pils - Vat - 6L",
    "category": "Bier en wijn",
    "price": 19.99,
    "promoPrice": null,
    "pricePerUnit": "3.33 l",
    "image": "https://www.jumbo.com/dam-images/fit-in/360x360/Products/12102024_1728700904396_1728700907264_653365_BLK_05410228177494_C1N1.png",
    "available": true,
    "promoUntil": null
  },
  {
    "id": "216802STK",
    "title": "Huls Grunneger Metworst met Kruidnagel 3 x 150 g",
    "category": "Vleeswaren, kaas en tapas",
    "price": 10.19,
    "promoPrice": null,
    "pricePerUnit": "22.64 kg",
    "image": "https://www.jumbo.com/dam-images/fit-in/360x360/Products/26052025_1748225462142_1748225473974_216802_STK_08725800001874_C1N1.png",
    "available": true,
    "promoUntil": null
  },
  {
    "id": "426818CUP",
    "title": "Jumbo Houmous Pikant 200 g",
    "category": "Vleeswaren, kaas en tapas",
    "price": 1.39,
    "promoPrice": null,
    "pricePerUnit": "6.95 kg",
    "image": "https://www.jumbo.com/dam-images/fit-in/360x360/Products/09082023_1691588188365_1691588296650_8718452549993_1.png",
    "available": true,
    "promoUntil": null
  },
  {
    "id": "703793PAK",
    "title": "Jumbo Naan Knoflook Koriander 2 Stuks 260 g",
    "category": "Wereldkeukens, kruiden, pasta en rijst",
    "price": 1.89,
    "promoPrice": null,
    "pricePerUnit": "7.27 kg",
    "image": "https://www.jumbo.com/dam-images/fit-in/360x360/Products/11082025_1754919208103_1754919214394_8718452881994_1.png",
    "available": true,
    "promoUntil": null
  },
  {
    "id": "369969FLS",
    "title": "Bradshaw - Pinot Grigio – 750ml",
    "category": "Bier en wijn",
    "price": 3.99,
    "promoPrice": null,
    "pricePerUnit": "5.32 l",
    "image": "https://www.jumbo.com/dam-images/fit-in/360x360/Products/09082023_1691595411938_1691595413564_5052898001602_1.png",
    "available": true,
    "promoUntil": null
  },
  {
    "id": "648220KGR",
    "title": "Jumbo Biologische Jonge Kaas 50+ Plakken ca. 200 g",
    "category": "Vleeswaren, kaas en tapas",
    "price": 3.58,
    "promoPrice": null,
    "pricePerUnit": "17.9 kg",
    "image": "https://www.jumbo.com/dam-images/fit-in/360x360/Products/12122024_1734021187541_1734021192251_2368967000000_1.png",
    "available": true,
    "promoUntil": null
  },
  {
    "id": "617474ZK",
    "title": "Milner Extra Belegen 30+ Kaas Plakken",
    "category": "Vleeswaren, kaas en tapas",
    "price": 3.39,
    "promoPrice": null,
    "pricePerUnit": "22.6 kg",
    "image": "https://www.jumbo.com/dam-images/fit-in/360x360/Products/18112024_1731940416902_1731940437441_8710912059516_6.png",
    "available": true,
    "promoUntil": null
  },
  {
    "id": "645707KGR",
    "title": "Jumbo Scharrel Kipfilet Gegrild ca. 110 g",
    "category": "Vleeswaren, kaas en tapas",
    "price": 3.4,
    "promoPrice": null,
    "pricePerUnit": "30.95 kg",
    "image": "https://www.jumbo.com/dam-images/fit-in/360x360/Products/04072025_1751617998435_1751618004701_2336136000000_1.png",
    "available": true,
    "promoUntil": null
  },
  {
    "id": "706663PAK",
    "title": "Leffe - Bruin Belgisch Abdijbier - Fles - 6 x 300ML",
    "category": "Bier en wijn",
    "price": 8.65,
    "promoPrice": 6.48,
    "pricePerUnit": "4.81 l",
    "image": "https://www.jumbo.com/dam-images/fit-in/360x360/Products/09082023_1691587662196_1691587676950_8725000468538_1.png",
    "available": true,
    "promoUntil": "di 30 sep"
  },
  {
    "id": "578173CUP",
    "title": "Jumbo Kaasblokjes Oud 48+ 100 g",
    "category": "Vleeswaren, kaas en tapas",
    "price": 2.49,
    "promoPrice": null,
    "pricePerUnit": "24.9 kg",
    "image": "https://www.jumbo.com/dam-images/fit-in/360x360/Products/14022024_1707873643997_1707873651749_8718452746804_1.png",
    "available": true,
    "promoUntil": null
  },
  {
    "id": "513922DS",
    "title": "Knorr Wereldgerechten Maaltijdpakket Italiaanse Risotto 257 g",
    "category": "Wereldkeukens, kruiden, pasta en rijst",
    "price": 4.69,
    "promoPrice": null,
    "pricePerUnit": "18.25 kg",
    "image": "https://www.jumbo.com/dam-images/fit-in/360x360/Products/19092025_1758292430144_1758292438995_8720182268143_1.png",
    "available": true,
    "promoUntil": null
  },
  {
    "id": "302321ZK",
    "title": "Jumbo Ossenworst 200 g",
    "category": "Vleeswaren, kaas en tapas",
    "price": 4.15,
    "promoPrice": null,
    "pricePerUnit": "20.75 kg",
    "image": "https://www.jumbo.com/dam-images/fit-in/360x360/Products/09082023_1691586677362_1691586682917_8718452437023_1.png",
    "available": true,
    "promoUntil": null
  },
  {
    "id": "423907ZK",
    "title": "Jumbo Knapperige Smikkels Kaas Flavour 200 g",
    "category": "Koek, snoep, chocolade en chips",
    "price": 1.09,
    "promoPrice": null,
    "pricePerUnit": "5.45 kg",
    "image": "https://www.jumbo.com/dam-images/fit-in/360x360/Products/29032024_1711693986917_1711694003174_8718452742165_596.png",
    "available": true,
    "promoUntil": null
  },
  {
    "id": "671237DS",
    "title": "Jumbo Biscuits Yoghurt Aardbeiensmaak 5 x 2 Stuks",
    "category": "Koek, snoep, chocolade en chips",
    "price": 1.36,
    "promoPrice": null,
    "pricePerUnit": "7.47 kg",
    "image": "https://www.jumbo.com/dam-images/fit-in/360x360/Products/14022025_1739539723939_1739539749542_8718452861712_596.png",
    "available": true,
    "promoUntil": null
  },
  {
    "id": "622476POT",
    "title": "Vanish Oxi Action Wasbooster Poeder - Vlekverwijderaar Voor Gekleurde Was - 470g",
    "category": "Huishouden en dieren",
    "price": 8.99,
    "promoPrice": null,
    "pricePerUnit": "19.13 kg",
    "image": "https://www.jumbo.com/dam-images/fit-in/360x360/Products/12082025_1754963751656_1754963764046_622476_POT_03665468700809_C1N1.png",
    "available": true,
    "promoUntil": null
  },
  {
    "id": "196445PAK",
    "title": "Fuze Tea Black Iced Tea Peach Hibiscus 1,5 L",
    "category": "Frisdrank en sappen",
    "price": 2.89,
    "promoPrice": null,
    "pricePerUnit": "1.93 l",
    "image": "https://www.jumbo.com/dam-images/fit-in/360x360/Products/22052025_1747877365354_1747877371832_196445_PAK_05449000238245_H1N1.png",
    "available": true,
    "promoUntil": null
  },
  {
    "id": "648942PAK",
    "title": "Jumbo Vochtig Toiletpapier Fresh Voordeelverpakking 80 Stuks",
    "category": "Huishouden en dieren",
    "price": 0.99,
    "promoPrice": null,
    "pricePerUnit": "0.01 pieces",
    "image": "https://www.jumbo.com/dam-images/fit-in/360x360/Products/24092024_1727188368762_1727188383293_8718452849192_596.png",
    "available": true,
    "promoUntil": null
  },
  {
    "id": "479208TRA",
    "title": "Olvarit Variatiemenu Fruit 8 mnd 8+ Maanden 200 g",
    "category": "Drogisterij en baby",
    "price": 15.24,
    "promoPrice": null,
    "pricePerUnit": "6.35 kg",
    "image": "https://www.jumbo.com/dam-images/fit-in/360x360/Products/28062024_1719537103967_1719537109068_479208_TRA_08712400117388_H1N1.png",
    "available": true,
    "promoUntil": null
  },
  {
    "id": "364978DS",
    "title": "Hero Nutrasense 2 6-12 Maanden Opvolgmelk 2 x 350 g",
    "category": "Drogisterij en baby",
    "price": 9.89,
    "promoPrice": null,
    "pricePerUnit": "14.13 kg",
    "image": "https://www.jumbo.com/dam-images/fit-in/360x360/Products/8713500012221T596f8de3ce5-2e7b-4b98-b798-6405f3b8ffd0-1756126551949.png",
    "available": true,
    "promoUntil": null
  },
  {
    "id": "498556KGR",
    "title": "Beemster Jonge Kaas 48+ Plakken ca. 220 g",
    "category": "Vleeswaren, kaas en tapas",
    "price": 4.38,
    "promoPrice": null,
    "pricePerUnit": "19.9 kg",
    "image": "https://www.jumbo.com/dam-images/fit-in/360x360/Products/10052024_1715351655913_1715351662074_2353099000000_1.png",
    "available": true,
    "promoUntil": null
  },
  {
    "id": "135039PAK",
    "title": "Jumbo Ananassap 1 L",
    "category": "Frisdrank en sappen",
    "price": 2.69,
    "promoPrice": null,
    "pricePerUnit": "2.69 l",
    "image": "https://www.jumbo.com/dam-images/fit-in/360x360/Products/29092023_1695995552958_1695995555919_8718452646661_1.png",
    "available": true,
    "promoUntil": null
  },
  {
    "id": "191134STK",
    "title": "Jumbo Biologisch Zoete Punt-Paprika 2 Stuks",
    "category": "Aardappelen, groente en fruit",
    "price": 2.55,
    "promoPrice": null,
    "pricePerUnit": "1.28 pieces",
    "image": "https://www.jumbo.com/dam-images/fit-in/360x360/Products/21022025_1740151972205_1740151976788_8718452651382_1.png",
    "available": true,
    "promoUntil": null
  },
  {
    "id": "449993PAK",
    "title": "S.Pellegrino bruisend natuurlijk mineraalwater 6 x 50 cl",
    "category": "Frisdrank en sappen",
    "price": 6.3,
    "promoPrice": null,
    "pricePerUnit": "2.1 l",
    "image": "https://www.jumbo.com/dam-images/fit-in/360x360/Products/21032025_1742545971843_1742545979387_8002270916793_1.png",
    "available": true,
    "promoUntil": null
  },
  {
    "id": "362303ZK",
    "title": "Jumbo Baby Spinazie 100 g",
    "category": "Aardappelen, groente en fruit",
    "price": 1.29,
    "promoPrice": null,
    "pricePerUnit": "12.9 kg",
    "image": "https://www.jumbo.com/dam-images/fit-in/360x360/Products/05062024_1717601667537_1717601675598_8718452793389_1.png",
    "available": true,
    "promoUntil": null
  },
  {
    "id": "577154DS",
    "title": "Eru Goudkuipje Sambal 100 g",
    "category": "Vleeswaren, kaas en tapas",
    "price": 1.79,
    "promoPrice": null,
    "pricePerUnit": "17.9 kg",
    "image": "https://www.jumbo.com/dam-images/fit-in/360x360/Products/19082025_1755567234817_1755567244608_577154_DS_00000087187526_C1N1.png",
    "available": true,
    "promoUntil": null
  },
  {
    "id": "670188DS",
    "title": "Beckers Hamburgers 12 Stuks",
    "category": "Diepvries",
    "price": 3.99,
    "promoPrice": null,
    "pricePerUnit": "0.33 pieces",
    "image": "https://www.jumbo.com/dam-images/fit-in/360x360/Products/18122024_1734527464702_1734527480686_670188_DS_08710555153800_C1N1.png",
    "available": true,
    "promoUntil": null
  },
  {
    "id": "577863FLS",
    "title": "Safari - Senza - 500ML",
    "category": "Bier en wijn",
    "price": 7.99,
    "promoPrice": null,
    "pricePerUnit": "15.98 l",
    "image": "https://www.jumbo.com/dam-images/fit-in/360x360/Products/26112024_1732592324670_1732592328094_577863_FLS_05000281019277_C1N1.png",
    "available": true,
    "promoUntil": null
  },
  {
    "id": "200846FLS",
    "title": "Jumbo Oceaan Bries Wasverzachter 750 ml",
    "category": "Huishouden en dieren",
    "price": 1.99,
    "promoPrice": null,
    "pricePerUnit": "0.07 wb",
    "image": "https://www.jumbo.com/dam-images/fit-in/360x360/Products/09082023_1691584970252_1691584979197_8718452290147_1.png",
    "available": true,
    "promoUntil": null
  },
  {
    "id": "594634SC",
    "title": "Vers Aan Tafel Nasi Goreng met Kip in Zoetzure Saus 500 g",
    "category": "Verse maaltijden en gemak",
    "price": 5.99,
    "promoPrice": null,
    "pricePerUnit": "11.98 kg",
    "image": "https://www.jumbo.com/dam-images/fit-in/360x360/Products/14022024_1707873857303_1707873871399_8717568249339_1.png",
    "available": true,
    "promoUntil": null
  },
  {
    "id": "479781FLS",
    "title": "Driehoek Vloeibare Zeep - 750ml",
    "category": "Huishouden en dieren",
    "price": 2.59,
    "promoPrice": null,
    "pricePerUnit": "3.57 l",
    "image": "https://www.jumbo.com/dam-images/fit-in/360x360/Products/10082023_1691675908087_1691675912499_8720254337401_1.png",
    "available": true,
    "promoUntil": null
  },
  {
    "id": "621334FLS",
    "title": "Jumbo Huiswijn - Droog & Fris - 1L",
    "category": "Bier en wijn",
    "price": 4.89,
    "promoPrice": null,
    "pricePerUnit": "4.89 l",
    "image": "https://www.jumbo.com/dam-images/fit-in/360x360/Products/12122024_1734014902459_1734014908614_8718452836772_1.png",
    "available": true,
    "promoUntil": null
  },
  {
    "id": "578139BAK",
    "title": "Jumbo Groene Boeren Salade 295 g",
    "category": "Aardappelen, groente en fruit",
    "price": 4.19,
    "promoPrice": null,
    "pricePerUnit": "14.2 kg",
    "image": "https://www.jumbo.com/dam-images/fit-in/360x360/Products/14062024_1718368425923_1718368435143_8718452818259_1.png",
    "available": true,
    "promoUntil": null
  },
  {
    "id": "520545PAK",
    "title": "Jumbo Gesneden Verspakket Thaise Pad Thai 2-3 Personen",
    "category": "Wereldkeukens, kruiden, pasta en rijst",
    "price": 6.89,
    "promoPrice": null,
    "pricePerUnit": "10.94 kg",
    "image": "https://www.jumbo.com/dam-images/fit-in/360x360/Products/03092025_1756888443827_1756888453123_8718452666331_1.png",
    "available": true,
    "promoUntil": null
  },
  {
    "id": "169327KST",
    "title": "LU Time Out Choco Chip Koekrepen Chocolade (5 repen) 140g",
    "category": "Koek, snoep, chocolade en chips",
    "price": 2.66,
    "promoPrice": null,
    "pricePerUnit": "19.0 kg",
    "image": "https://www.jumbo.com/dam-images/fit-in/360x360/Products/02092025_1756809248845_1756809261166_7622210475497_596.png",
    "available": true,
    "promoUntil": null
  },
  {
    "id": "644699DS",
    "title": "Mousline Aardappelpuree Naturel À La Minute Voordeelverpakking 356g",
    "category": "Wereldkeukens, kruiden, pasta en rijst",
    "price": 3.79,
    "promoPrice": null,
    "pricePerUnit": "10.65 kg",
    "image": "https://www.jumbo.com/dam-images/fit-in/360x360/Products/07082024_1723041729652_1723041736062_644699_DS_03760381261700_C1N1.png",
    "available": true,
    "promoUntil": null
  },
  {
    "id": "680368STK",
    "title": "Jumbo Tofu Reepjes Asian Style 180g",
    "category": "Vlees, vis en vega",
    "price": 2.69,
    "promoPrice": null,
    "pricePerUnit": "14.94 kg",
    "image": "https://www.jumbo.com/dam-images/fit-in/360x360/Products/17042025_1744882430125_1744882437891_8718452742493_1.png",
    "available": true,
    "promoUntil": null
  },
  {
    "id": "672912ZK",
    "title": "Jumbo Gesneden IJsbergsla 200 g",
    "category": "Aardappelen, groente en fruit",
    "price": 1.09,
    "promoPrice": null,
    "pricePerUnit": "5.45 kg",
    "image": "https://www.jumbo.com/dam-images/fit-in/360x360/Products/07062024_1717767320270_1717767327015_8718452777174_1.png",
    "available": true,
    "promoUntil": null
  },
  {
    "id": "509694FLS",
    "title": "Jumbo Cranberry Drank 1 L",
    "category": "Frisdrank en sappen",
    "price": 1.79,
    "promoPrice": null,
    "pricePerUnit": "1.79 l",
    "image": "https://www.jumbo.com/dam-images/fit-in/360x360/Products/09082023_1691590408431_1691590443736_8718452646081_1.png",
    "available": true,
    "promoUntil": null
  },
  {
    "id": "626651BAK",
    "title": "Jumbo Aardappelsalade 1kg",
    "category": "Verse maaltijden en gemak",
    "price": 2.05,
    "promoPrice": null,
    "pricePerUnit": "2.05 kg",
    "image": "https://www.jumbo.com/dam-images/fit-in/360x360/Products/03102024_1727955274594_1727955286790_8718452837441_1.png",
    "available": true,
    "promoUntil": null
  },
  {
    "id": "194101STK",
    "title": "Milner Belegen 30+ Kaas Stuk",
    "category": "Vleeswaren, kaas en tapas",
    "price": 7.99,
    "promoPrice": null,
    "pricePerUnit": "17.76 kg",
    "image": "https://www.jumbo.com/dam-images/fit-in/360x360/Products/04112024_1730709244965_1730709258202_8710912056478_6.png",
    "available": true,
    "promoUntil": null
  },
  {
    "id": "140547STK",
    "title": "Jumbo - Super Croissants - 6 Stuks",
    "category": "Brood en gebak",
    "price": 2.72,
    "promoPrice": null,
    "pricePerUnit": "8.0 kg",
    "image": "https://www.jumbo.com/dam-images/fit-in/360x360/Products/29092023_1695995624806_1695995627934_8718452445622_1.png",
    "available": true,
    "promoUntil": null
  },
  {
    "id": "412856PAK",
    "title": "Taksi Sinaasappel 1,5 L",
    "category": "Frisdrank en sappen",
    "price": 1.89,
    "promoPrice": null,
    "pricePerUnit": "1.26 l",
    "image": "https://www.jumbo.com/dam-images/fit-in/360x360/Products/20062025_1750411967005_1750411971931_8713300069456_1.png",
    "available": true,
    "promoUntil": null
  },
  {
    "id": "431121PKL",
    "title": "Crystal Clear Sparkling Lemon Fles 6 x 0,5L",
    "category": "Frisdrank en sappen",
    "price": 6.89,
    "promoPrice": null,
    "pricePerUnit": "2.3 l",
    "image": "https://www.jumbo.com/dam-images/fit-in/360x360/Products/431121PKL-1692279106333.png",
    "available": true,
    "promoUntil": null
  },
  {
    "id": "313788PAK",
    "title": "Jumbo Tintel Fris Framboos Cranberry met Appel 1,5 L",
    "category": "Frisdrank en sappen",
    "price": 1.29,
    "promoPrice": null,
    "pricePerUnit": "0.86 l",
    "image": "https://www.jumbo.com/dam-images/fit-in/360x360/Products/19062024_1718814835827_1718814847541_8718452649037_596.png",
    "available": true,
    "promoUntil": null
  },
  {
    "id": "641363KGR",
    "title": "Jumbo Boerengrillham ca. 110 g",
    "category": "Vleeswaren, kaas en tapas",
    "price": 3.46,
    "promoPrice": null,
    "pricePerUnit": "31.5 kg",
    "image": "https://www.jumbo.com/dam-images/fit-in/360x360/Products/07072025_1751887996923_1751888002720_2378324000000_1.png",
    "available": true,
    "promoUntil": null
  },
  {
    "id": "405582STK",
    "title": "Swirl Vuilniszakken met Handvatten 20 liter 20 stuks",
    "category": "Huishouden en dieren",
    "price": 3.19,
    "promoPrice": null,
    "pricePerUnit": "0.16 pieces",
    "image": "https://www.jumbo.com/dam-images/fit-in/360x360/Products/10072025_1752147205056_1752147209933_4008871215635_1.png",
    "available": true,
    "promoUntil": null
  },
  {
    "id": "568060PAK",
    "title": "Fuerza Energy Drink with Taurine & Caffeine Original 6 x 250 ML",
    "category": "Frisdrank en sappen",
    "price": 4.74,
    "promoPrice": null,
    "pricePerUnit": "3.16 l",
    "image": "https://www.jumbo.com/dam-images/fit-in/360x360/Products/568060_8718452615988_1_T1_358378PAK1691065172494.png",
    "available": true,
    "promoUntil": null
  },
  {
    "id": "200857FLS",
    "title": "Jumbo Donker 2x Geconcentreerd Vloeibaar Wasmiddel - 28 wasbeurten",
    "category": "Huishouden en dieren",
    "price": 2.97,
    "promoPrice": null,
    "pricePerUnit": "0.11 wb",
    "image": "https://www.jumbo.com/dam-images/fit-in/360x360/Products/03012024_1704290946413_1704290952138_8718452281916_1.png",
    "available": true,
    "promoUntil": null
  },
  {
    "id": "641110KGR",
    "title": "Jumbo Scharrel Kipfilet Flinterdun ca. 110 g",
    "category": "Vleeswaren, kaas en tapas",
    "price": 3.4,
    "promoPrice": null,
    "pricePerUnit": "30.9 kg",
    "image": "https://www.jumbo.com/dam-images/fit-in/360x360/Products/04072025_1751617997737_1751618002921_2349004000000_1.png",
    "available": true,
    "promoUntil": null
  },
  {
    "id": "438998ZK",
    "title": "Jumbo Drop Mix Gesuikerd 325 g",
    "category": "Koek, snoep, chocolade en chips",
    "price": 1.62,
    "promoPrice": null,
    "pricePerUnit": "4.98 kg",
    "image": "https://www.jumbo.com/dam-images/fit-in/360x360/Products/01082024_1722504869546_1722504890786_8718452824885_596.png",
    "available": true,
    "promoUntil": null
  },
  {
    "id": "571833FLS",
    "title": "Omo Vloeibaar Wasmiddel Kleur 19 wasbeurten",
    "category": "Huishouden en dieren",
    "price": 8.99,
    "promoPrice": null,
    "pricePerUnit": "0.47 wb",
    "image": "https://www.jumbo.com/dam-images/fit-in/360x360/Products/31072025_1753928247278_1753928271376_571833_FLS_08720181392641_C1N1.png",
    "available": true,
    "promoUntil": null
  },
  {
    "id": "96790FLS",
    "title": "Marsigny - Crémant de Bourgogne - Brut - 750 ML",
    "category": "Bier en wijn",
    "price": 11.99,
    "promoPrice": null,
    "pricePerUnit": "15.99 l",
    "image": "https://www.jumbo.com/dam-images/fit-in/360x360/Products/30082025_1756516609647_1756516614651_96790_FLS_03371808000736_C1N1.png",
    "available": true,
    "promoUntil": null
  },
  {
    "id": "17485PAK",
    "title": "LU Scholiertje Chocolade Koekjes Melk (2x75g) 150g",
    "category": "Koek, snoep, chocolade en chips",
    "price": 3.55,
    "promoPrice": null,
    "pricePerUnit": "23.67 kg",
    "image": "https://www.jumbo.com/dam-images/fit-in/360x360/Products/02092025_1756809248111_1756809254447_5410041485202_596.png",
    "available": true,
    "promoUntil": null
  },
  {
    "id": "212634STK",
    "title": "Jumbo Julienne Wortel 150 g",
    "category": "Aardappelen, groente en fruit",
    "price": 1.19,
    "promoPrice": null,
    "pricePerUnit": "7.93 kg",
    "image": "https://www.jumbo.com/dam-images/fit-in/360x360/Products/22082024_1724337260497_1724337269594_8718452788682_1.png",
    "available": true,
    "promoUntil": null
  },
  {
    "id": "354727ZK",
    "title": "Duyvis Tijgernootjes Fiesta Paprika Pinda Noten 275 gr",
    "category": "Koek, snoep, chocolade en chips",
    "price": 3.29,
    "promoPrice": null,
    "pricePerUnit": "11.96 kg",
    "image": "https://www.jumbo.com/dam-images/fit-in/360x360/Products/08082025_1754649184026_1754649191429_8710398517524_1.png",
    "available": true,
    "promoUntil": null
  },
  {
    "id": "33117FLS",
    "title": "Excellence - Sauvignon Blanc - 750ML",
    "category": "Bier en wijn",
    "price": 4.99,
    "promoPrice": null,
    "pricePerUnit": "6.65 l",
    "image": "https://www.jumbo.com/dam-images/fit-in/360x360/Products/21052025_1747837988655_1747837992561_3760165910343_1.png",
    "available": true,
    "promoUntil": null
  },
  {
    "id": "141853BAK",
    "title": "Jumbo Filet Americain Carpaccio 150 g",
    "category": "Vleeswaren, kaas en tapas",
    "price": 3.19,
    "promoPrice": null,
    "pricePerUnit": "21.27 kg",
    "image": "https://www.jumbo.com/dam-images/fit-in/360x360/Products/20112023_1700498044163_1700498061788_8718452604524_1.png",
    "available": true,
    "promoUntil": null
  },
  {
    "id": "607398BAK",
    "title": "Jumbo Filet Americain Mager 150 g",
    "category": "Vleeswaren, kaas en tapas",
    "price": 3.19,
    "promoPrice": null,
    "pricePerUnit": "21.27 kg",
    "image": "https://www.jumbo.com/dam-images/fit-in/360x360/Products/21022024_1708522629296_1708522645513_8718452805921_1.png",
    "available": true,
    "promoUntil": null
  },
  {
    "id": "674454FLS",
    "title": "Jumbo Fruitsiroop Cassis met Appel 750ML",
    "category": "Frisdrank en sappen",
    "price": 3.49,
    "promoPrice": null,
    "pricePerUnit": "4.65 l",
    "image": "https://www.jumbo.com/dam-images/fit-in/360x360/Products/09072025_1752046391142_1752046403754_8718452889136_596.png",
    "available": true,
    "promoUntil": null
  },
  {
    "id": "170147POT",
    "title": "Aardappel Anders Tuinkruiden - Knoflook 390ML",
    "category": "Wereldkeukens, kruiden, pasta en rijst",
    "price": 3.69,
    "promoPrice": null,
    "pricePerUnit": "9.46 l",
    "image": "https://www.jumbo.com/dam-images/fit-in/360x360/Products/15032024_1710470487747_1710470493156_170147_POT_05414972116501_C1N1.png",
    "available": true,
    "promoUntil": null
  },
  {
    "id": "198308PAK",
    "title": "Brand Weizen 0.0 Bier Fles 6 x 300ml",
    "category": "Bier en wijn",
    "price": 6.99,
    "promoPrice": null,
    "pricePerUnit": "3.88 l",
    "image": "https://www.jumbo.com/dam-images/fit-in/360x360/Products/07012025_1736267673085_1736267680699_8723200102122_1.png",
    "available": true,
    "promoUntil": null
  },
  {
    "id": "554581FLS",
    "title": "Glorix Bleek Eucalyptus 750 ml",
    "category": "Huishouden en dieren",
    "price": 2.49,
    "promoPrice": null,
    "pricePerUnit": "3.32 l",
    "image": "https://www.jumbo.com/dam-images/fit-in/360x360/Products/13112024_1731470368285_1731470391031_554581_FLS_08720181377358_H1N1.png",
    "available": true,
    "promoUntil": null
  },
  {
    "id": "447826FLS",
    "title": "Jumbo Allesreiniger Citroen 1,25 L",
    "category": "Huishouden en dieren",
    "price": 0.71,
    "promoPrice": null,
    "pricePerUnit": "0.57 l",
    "image": "https://www.jumbo.com/dam-images/fit-in/360x360/Products/09082023_1691589290857_1691589295841_8718452564941_1.png",
    "available": true,
    "promoUntil": null
  },
  {
    "id": "685905ZK",
    "title": "Jumbo Gemengde Groente 450 g",
    "category": "Diepvries",
    "price": 1.69,
    "promoPrice": null,
    "pricePerUnit": "3.76 kg",
    "image": "https://www.jumbo.com/dam-images/fit-in/360x360/Products/16052025_1747387969183_1747387983507_8718452862009_596.png",
    "available": true,
    "promoUntil": null
  },
  {
    "id": "612499DS",
    "title": "Magnum Mini IJs Almond 6 x 55 ml",
    "category": "Diepvries",
    "price": 5.79,
    "promoPrice": null,
    "pricePerUnit": "17.55 l",
    "image": "https://www.jumbo.com/dam-images/fit-in/360x360/Products/22072025_1753173256287_1753173260297_8711327611924_1.png",
    "available": true,
    "promoUntil": null
  },
  {
    "id": "212168STK",
    "title": "Jumbo Snack Worteltjes 150 g",
    "category": "Aardappelen, groente en fruit",
    "price": 0.99,
    "promoPrice": null,
    "pricePerUnit": "6.6 kg",
    "image": "https://www.jumbo.com/dam-images/fit-in/360x360/Products/22082024_1724337260454_1724337269416_8718452788613_1.png",
    "available": true,
    "promoUntil": null
  },
  {
    "id": "175226PAK",
    "title": "Apple Bandit Juicy Apple Cider Fles 6 x 300ml",
    "category": "Bier en wijn",
    "price": 7.29,
    "promoPrice": null,
    "pricePerUnit": "4.05 l",
    "image": "https://www.jumbo.com/dam-images/fit-in/360x360/Products/07012025_1736267672828_1736267678524_8712000039103_1.png",
    "available": true,
    "promoUntil": null
  },
  {
    "id": "300141STK",
    "title": "Jumbo - Rond Wit - Half",
    "category": "Brood en gebak",
    "price": 0.88,
    "promoPrice": null,
    "pricePerUnit": "2.2 kg",
    "image": "https://www.jumbo.com/dam-images/fit-in/360x360/Products/06082024_1722944116433_1722944121315_8718452636457_1.png",
    "available": true,
    "promoUntil": null
  },
  {
    "id": "604147DS",
    "title": "Peroni - Nastro Azzurro - Fles -  6 x 330ML",
    "category": "Bier en wijn",
    "price": 6.65,
    "promoPrice": null,
    "pricePerUnit": "3.36 l",
    "image": "https://www.jumbo.com/dam-images/fit-in/360x360/Products/08008440542748H1N17c3cfb4e-be90-402c-a447-750b349afc47-1739795625664.png",
    "available": true,
    "promoUntil": null
  },
  {
    "id": "423745ZK",
    "title": "Jumbo Harten Diefjes 125 g",
    "category": "Koek, snoep, chocolade en chips",
    "price": 1.29,
    "promoPrice": null,
    "pricePerUnit": "10.32 kg",
    "image": "https://www.jumbo.com/dam-images/fit-in/360x360/Products/29032024_1711711986692_1711712007639_8718452765645_596.png",
    "available": true,
    "promoUntil": null
  },
  {
    "id": "184178DS",
    "title": "Dr. Oetker Big Americans Pizza Hawaii 460 g",
    "category": "Diepvries",
    "price": 4.99,
    "promoPrice": null,
    "pricePerUnit": "10.85 kg",
    "image": "https://www.jumbo.com/dam-images/fit-in/360x360/Products/17042025_1744858727343_1744858737308_184178_DS_04001724023876_C1N1_s02.png",
    "available": true,
    "promoUntil": null
  },
  {
    "id": "159564STK",
    "title": "Jumbo Rode Paprika Biologisch",
    "category": "Aardappelen, groente en fruit",
    "price": 1.29,
    "promoPrice": null,
    "pricePerUnit": "1.29 pieces",
    "image": "https://www.jumbo.com/dam-images/fit-in/360x360/Products/13092230T176cf69ec-2f97-4801-abe4-25b5b6819371-1722322179845.png",
    "available": true,
    "promoUntil": null
  }
]