[
  {
    "id": "678438ZK",
    "title": "Hema Kniekous Support Poudre 20D 3 Stuks",
    "category": "Non-food en servicebalie",
    "price": 5.99,
    "promoPrice": null,
    "pricePerUnit": "2.0 pieces",
    "image": "https://www.jumbo.com/dam-images/fit-in/360x360/Products/07022025_1738916503294_1738916506037_678438_ZK_08716618170128_C1N1.png",
    "available": true,
    "promoUntil": null
  },
  {
    "id": "647500DS",
    "title": "Jumbo Fruitijs Sticks Framboos-Aardbei 4 Stuks",
    "category": "Diepvries",
    "price": 2.99,
    "promoPrice": null,
    "pricePerUnit": "11.5 l",
    "image": "https://www.jumbo.com/dam-images/fit-in/360x360/Products/30062025_1751293987951_1751294005954_8718452853014_596.png",
    "available": true,
    "promoUntil": null
  },
  {
    "id": "485137STK",
    "title": "Jumbo Torpedo Garnalen 225 g",
    "category": "Diepvries",
    "price": 4.75,
    "promoPrice": null,
    "pricePerUnit": "21.11 kg",
    "image": "https://www.jumbo.com/dam-images/fit-in/360x360/Products/08052024_1715182453379_1715182469489_8718452767144_596.png",
    "available": true,
    "promoUntil": null
  },
  {
    "id": "195433STK",
    "title": "Jumbo Woksaus 5 Spices 200 ml",
    "category": "Wereldkeukens, kruiden, pasta en rijst",
    "price": 1.89,
    "promoPrice": null,
    "pricePerUnit": "9.45 l",
    "image": "https://www.jumbo.com/dam-images/fit-in/360x360/Products/09082023_1691584854899_1691584871173_8718452272181_1.png",
    "available": true,
    "promoUntil": null
  },
  {
    "id": "227448FLS",
    "title": "Conimex Woksaus Five Spice 175 ml",
    "category": "Wereldkeukens, kruiden, pasta en rijst",
    "price": 2.66,
    "promoPrice": null,
    "pricePerUnit": "15.2 l",
    "image": "https://www.jumbo.com/dam-images/fit-in/360x360/Products/17092025_1758071609840_1758071638509_227448_FLS_08711200431854_H1N1.png",
    "available": true,
    "promoUntil": null
  },
  {
    "id": "562030DS",
    "title": "Gourmet Revelations Mousse Kattenvoer nat met Rund",
    "category": "Huishouden en dieren",
    "price": 5.19,
    "promoPrice": null,
    "pricePerUnit": "22.76 kg",
    "image": "https://www.jumbo.com/dam-images/fit-in/360x360/Products/10062025_1749518683265_1749518760373_562030_DS_07613287071262_C1N1_s02.png",
    "available": true,
    "promoUntil": null
  },
  {
    "id": "685558BLK",
    "title": "Grace Mighty Malt blik 330ml",
    "category": "Wereldkeukens, kruiden, pasta en rijst",
    "price": 1.15,
    "promoPrice": null,
    "pricePerUnit": "3.48 l",
    "image": "https://www.jumbo.com/dam-images/fit-in/360x360/Products/10032025_1741613958253_1741613962683_685558_BLK_05035139213651_C1N1.png",
    "available": true,
    "promoUntil": null
  },
  {
    "id": "501938ZK",
    "title": "Jumbo Biologisch Ongebrande Amandelen 175 g",
    "category": "Aardappelen, groente en fruit",
    "price": 4.95,
    "promoPrice": null,
    "pricePerUnit": "28.29 kg",
    "image": "https://www.jumbo.com/dam-images/fit-in/360x360/Products/09082023_1691590100431_1691590194255_8718452633630_1.png",
    "available": true,
    "promoUntil": null
  },
  {
    "id": "381262STK",
    "title": "Jumbo Stofzuigerzakken met Filter 4 Stuks",
    "category": "Huishouden en dieren",
    "price": 4.54,
    "promoPrice": null,
    "pricePerUnit": "1.14 pieces",
    "image": "https://www.jumbo.com/dam-images/fit-in/360x360/Products/09082023_1691587396791_1691587406863_8718452468409_1.png",
    "available": true,
    "promoUntil": null
  },
  {
    "id": "686312FLS",
    "title": " Tiempo & Tierra - Gran Momento Garnacha Blanca & Sauvignon Blanc - 750ML",
    "category": "Bier en wijn",
    "price": 5.99,
    "promoPrice": null,
    "pricePerUnit": "7.99 l",
    "image": "https://www.jumbo.com/dam-images/fit-in/360x360/Products/24062025_1750768388248_1750768393692_8411971008599_1.png",
    "available": true,
    "promoUntil": null
  },
  {
    "id": "661018BLK",
    "title": "De Kuyper Peach on the Beach 250ml",
    "category": "Bier en wijn",
    "price": 2.19,
    "promoPrice": null,
    "pricePerUnit": "8.76 l",
    "image": "https://www.jumbo.com/dam-images/fit-in/360x360/Products/03122024_1733192137642_1733192152082_661018_BLK_08710625524189_C1N1.png",
    "available": true,
    "promoUntil": null
  },
  {
    "id": "622381STK",
    "title": "Cocktail Set",
    "category": "Non-food en servicebalie",
    "price": 9.99,
    "promoPrice": null,
    "pricePerUnit": "9.99 pieces",
    "image": "https://www.jumbo.com/dam-images/fit-in/360x360/Products/07102024_1728300855950_1728300869412_8715275545249_1.png",
    "available": true,
    "promoUntil": null
  },
  {
    "id": "166532FLS",
    "title": "Jumbo Hair & Body 2 in 1 Man 250ml",
    "category": "Drogisterij en baby",
    "price": 0.46,
    "promoPrice": null,
    "pricePerUnit": "1.84 l",
    "image": "https://www.jumbo.com/dam-images/fit-in/360x360/Products/166532_8718452616046_1_T1_166532FLS1691071544405.png",
    "available": true,
    "promoUntil": null
  },
  {
    "id": "679823STK",
    "title": "HEMA Panty 20D 40/42 Zwart Ladder Resistent",
    "category": "Non-food en servicebalie",
    "price": 8.99,
    "promoPrice": null,
    "pricePerUnit": "8.99 pieces",
    "image": "https://www.jumbo.com/dam-images/fit-in/360x360/Products/14022025_1739525303435_1739525312552_679823_STK_08718537935468_C1N1.png",
    "available": true,
    "promoUntil": null
  },
  {
    "id": "679896STK",
    "title": "HEMA Panty 20D 48/52 Zwart Ladder Resistent",
    "category": "Non-food en servicebalie",
    "price": 8.99,
    "promoPrice": null,
    "pricePerUnit": "8.99 pieces",
    "image": "https://www.jumbo.com/dam-images/fit-in/360x360/Products/14022025_1739528771157_1739528775115_679896_STK_08718537935482_C1N1.png",
    "available": true,
    "promoUntil": null
  },
  {
    "id": "679847ZK",
    "title": "HEMA Folie Ballon 5 30cm",
    "category": "Non-food en servicebalie",
    "price": 0.99,
    "promoPrice": null,
    "pricePerUnit": "0.99 pieces",
    "image": "https://www.jumbo.com/dam-images/fit-in/360x360/Products/09082023_1691587396091_1691587424704_8718537534258_1.png",
    "available": true,
    "promoUntil": null
  },
  {
    "id": "238202STK",
    "title": "Jos Poell IJshoorntjes Cacao Dip 6 Stuks 126 g",
    "category": "Diepvries",
    "price": 2.49,
    "promoPrice": null,
    "pricePerUnit": "19.76 kg",
    "image": "https://www.jumbo.com/dam-images/fit-in/360x360/Products/24052025_1748048466020_1748048467492_238202_STK_08710759300000_A1N1.png",
    "available": true,
    "promoUntil": null
  },
  {
    "id": "616682BUS",
    "title": "AXE Fine Fragrance Collection Premium Deodorant Bodyspray Purple Patchouli 150 ml",
    "category": "Drogisterij en baby",
    "price": 8.49,
    "promoPrice": null,
    "pricePerUnit": "56.6 l",
    "image": "https://www.jumbo.com/dam-images/fit-in/360x360/Products/18032025_1742263219907_1742263259749_616682_BUS_08720181418396_C1N1.png",
    "available": true,
    "promoUntil": null
  },
  {
    "id": "661019BLK",
    "title": "De Kuyper Fizzy Passionfruit 250ml",
    "category": "Bier en wijn",
    "price": 2.27,
    "promoPrice": null,
    "pricePerUnit": "9.08 l",
    "image": "https://www.jumbo.com/dam-images/fit-in/360x360/Products/03122024_1733192112148_1733192125815_661019_BLK_08710625237171_C1N1.png",
    "available": true,
    "promoUntil": null
  },
  {
    "id": "435484BLS",
    "title": "GUM Soft-Picks Original Regular / Medium 100 Stuks",
    "category": "Drogisterij en baby",
    "price": 12.52,
    "promoPrice": null,
    "pricePerUnit": "0.13 pieces",
    "image": "https://www.jumbo.com/dam-images/fit-in/360x360/Products/28022025_1740716901361_1740716920050_435484_BLS_07630019902762_C1N1.png",
    "available": true,
    "promoUntil": null
  },
  {
    "id": "645644KGR",
    "title": "Jumbo Streek Limburgse Hoofdkaas ca. 120 g",
    "category": "Vleeswaren, kaas en tapas",
    "price": 1.99,
    "promoPrice": null,
    "pricePerUnit": "16.58 kg",
    "image": "https://www.jumbo.com/dam-images/fit-in/360x360/Products/09092025_1757421318290_1757421324673_2324480000000_1.png",
    "available": true,
    "promoUntil": null
  },
  {
    "id": "456151PAK",
    "title": "Jumbo Unicorn Cookies 8 Stuks 150 g",
    "category": "Koek, snoep, chocolade en chips",
    "price": 1.4,
    "promoPrice": null,
    "pricePerUnit": "9.33 kg",
    "image": "https://www.jumbo.com/dam-images/fit-in/360x360/Products/09092025_1757421315032_1757421320329_8718452559381_1.png",
    "available": true,
    "promoUntil": null
  },
  {
    "id": "633382PAK",
    "title": "Bambix Groeidrink Rijst 1-3 Jaar 1L",
    "category": "Drogisterij en baby",
    "price": 2.35,
    "promoPrice": null,
    "pricePerUnit": "2.35 l",
    "image": "https://www.jumbo.com/dam-images/fit-in/360x360/Products/03062024_1717424088248_1717424088961_633382_PAK_05410441004089_A1N1.png",
    "available": true,
    "promoUntil": null
  },
  {
    "id": "683445PAK",
    "title": "Cote D'or Melk Hazelnoot Chocolade Reep 170g",
    "category": "Koek, snoep, chocolade en chips",
    "price": 4.94,
    "promoPrice": null,
    "pricePerUnit": "29.06 kg",
    "image": "https://www.jumbo.com/dam-images/fit-in/360x360/Products/12072025_1752284756637_1752284807744_683445_PAK_07622201388546_H1N1_s04.png",
    "available": true,
    "promoUntil": null
  },
  {
    "id": "707450ZK",
    "title": "Frisia Gorilla Gums Sour 180 g",
    "category": "Koek, snoep, chocolade en chips",
    "price": 1.89,
    "promoPrice": null,
    "pricePerUnit": "10.5 kg",
    "image": "https://www.jumbo.com/dam-images/fit-in/360x360/Products/03092025_1756861246138_1756861260374_707450_ZK_05411011561278_C1N1.png",
    "available": true,
    "promoUntil": null
  },
  {
    "id": "693366STK",
    "title": "HEMA Gebaksvorkjes Sydney - 4 Stuks",
    "category": "Non-food en servicebalie",
    "price": 5.29,
    "promoPrice": null,
    "pricePerUnit": "1.32 pieces",
    "image": "https://www.jumbo.com/dam-images/fit-in/360x360/Products/19092025_1758245473301_1758245474736_693366_STK_08718161614791_C1N1.png",
    "available": true,
    "promoUntil": null
  },
  {
    "id": "706236ZK",
    "title": "Jumbo Biologisch Zoete Aardappelchips 100 g",
    "category": "Koek, snoep, chocolade en chips",
    "price": 1.99,
    "promoPrice": null,
    "pricePerUnit": "19.9 kg",
    "image": "https://www.jumbo.com/dam-images/fit-in/360x360/Products/10072025_1752143626277_1752143632599_8718452725328_1.png",
    "available": true,
    "promoUntil": null
  },
  {
    "id": "365172BLK",
    "title": "Hero Nutrasense Sensisoft 2 6-12 Maanden Opvolgmelk 800 g",
    "category": "Drogisterij en baby",
    "price": 18.61,
    "promoPrice": null,
    "pricePerUnit": "23.26 kg",
    "image": "https://www.jumbo.com/dam-images/fit-in/360x360/Products/8713500012269T59610e401a9-00f4-4f08-ab64-a0b8d5eeb998-1756126556158.png",
    "available": true,
    "promoUntil": null
  },
  {
    "id": "677428STK",
    "title": "A.Vogel Cinuforce neusspray forte 20 ml",
    "category": "Drogisterij en baby",
    "price": 7.49,
    "promoPrice": null,
    "pricePerUnit": "374.5 l",
    "image": "https://www.jumbo.com/dam-images/fit-in/360x360/Products/31052025_1748649739732_1748649743619_8711596587678_1.png",
    "available": true,
    "promoUntil": null
  },
  {
    "id": "92318TUB",
    "title": "Aquafresh Tandsteen Controle Tandpasta voor gezonde tanden 75ml, recyclebare plastic tube en dop",
    "category": "Drogisterij en baby",
    "price": 2.35,
    "promoPrice": null,
    "pricePerUnit": "31.33 l",
    "image": "https://www.jumbo.com/dam-images/fit-in/360x360/Products/05092025_1757035586537_1757035588938_92318_TUB_08710464120016_C1N1.png",
    "available": true,
    "promoUntil": null
  },
  {
    "id": "507292DS",
    "title": "Catisfactions Creamy Kip 4 x 10 g",
    "category": "Huishouden en dieren",
    "price": 2.27,
    "promoPrice": null,
    "pricePerUnit": "56.75 kg",
    "image": "https://www.jumbo.com/dam-images/fit-in/360x360/Products/22082023_1692668357359_1692668363407_507292_DS_04008429151132_H1N1.png",
    "available": true,
    "promoUntil": null
  },
  {
    "id": "616646DS",
    "title": "Elmex® Anti-Caries Tandpasta Voordeelverpakking 2 x 75ML",
    "category": "Drogisterij en baby",
    "price": 8.09,
    "promoPrice": null,
    "pricePerUnit": "53.93 l",
    "image": "https://www.jumbo.com/dam-images/fit-in/360x360/Products/29022024_1709190970245_1709190973365_616646_DS_08718951652644_C1N1.png",
    "available": true,
    "promoUntil": null
  },
  {
    "id": "203606FLS",
    "title": "I Heart Asti - Fruity & Bubbly 750ML",
    "category": "Bier en wijn",
    "price": 7.49,
    "promoPrice": null,
    "pricePerUnit": "9.99 l",
    "image": "https://www.jumbo.com/dam-images/fit-in/360x360/Products/11122024_1733927597797_1733927602909_5060215333695_1.png",
    "available": true,
    "promoUntil": null
  },
  {
    "id": "566295STK",
    "title": "First Energy Gum Blue Mint 24g",
    "category": "Koek, snoep, chocolade en chips",
    "price": 2.66,
    "promoPrice": null,
    "pricePerUnit": "110.83 kg",
    "image": "https://www.jumbo.com/dam-images/fit-in/360x360/Products/01072025_1751335381083_1751335384530_566295_STK_06095948397347_C1N1.png",
    "available": true,
    "promoUntil": null
  },
  {
    "id": "691109BAK",
    "title": "Fresh & Frozen Saté Ajam 160 g",
    "category": "Diepvries",
    "price": 1.29,
    "promoPrice": null,
    "pricePerUnit": "8.06 kg",
    "image": "https://www.jumbo.com/dam-images/fit-in/360x360/Products/07072025_1751895245226_1751895251014_8717568621357_1.png",
    "available": true,
    "promoUntil": null
  },
  {
    "id": "680487STK",
    "title": "HEMA Stekkerdoos 3 Schuko 1,5 m Kaart",
    "category": "Non-food en servicebalie",
    "price": 14.99,
    "promoPrice": null,
    "pricePerUnit": "14.99 pieces",
    "image": "https://www.jumbo.com/dam-images/fit-in/360x360/Products/25042025_1745547916702_1745547919308_680487_STK_08720354694121_C1N1.png",
    "available": true,
    "promoUntil": null
  },
  {
    "id": "672230DS",
    "title": "Handgebrand Gember-Appel Melange Ongezouten 150 g",
    "category": "Vleeswaren, kaas en tapas",
    "price": 3.99,
    "promoPrice": null,
    "pricePerUnit": "26.6 kg",
    "image": "https://www.jumbo.com/dam-images/fit-in/360x360/Products/25022025_1740474237226_1740474243198_8720941908013_1.png",
    "available": true,
    "promoUntil": null
  },
  {
    "id": "551125DS",
    "title": "Fairtrade Original Indonesische Rendang Kruidenpasta 75 g",
    "category": "Wereldkeukens, kruiden, pasta en rijst",
    "price": 2.29,
    "promoPrice": null,
    "pricePerUnit": "30.53 kg",
    "image": "https://www.jumbo.com/dam-images/fit-in/360x360/Products/18102023_1697594277315_1697594283714_551125_DS_08711741359686_C1N1.png",
    "available": true,
    "promoUntil": null
  },
  {
    "id": "679071STK",
    "title": "50 Foods Kreeftensoep 650ML",
    "category": "Verse maaltijden en gemak",
    "price": 6.29,
    "promoPrice": null,
    "pricePerUnit": "9.68 kg",
    "image": "https://www.jumbo.com/dam-images/fit-in/360x360/Products/14022025_1739539886390_1739539894218_5414268143068_1.png",
    "available": true,
    "promoUntil": null
  },
  {
    "id": "568975STK",
    "title": "Jumbo Brokken in Gelei met Rund & Kip 6 x 415g",
    "category": "Huishouden en dieren",
    "price": 5.94,
    "promoPrice": null,
    "pricePerUnit": "None None",
    "image": "https://www.jumbo.com/dam-images/fit-in/360x360/Products/20222239220dd683-c284-4384-8fc8-9312e77c5816-1744293352124.png",
    "available": true,
    "promoUntil": null
  },
  {
    "id": "703829STK",
    "title": "Jumbo Hond Paté Gevogelte & Kalf",
    "category": "Huishouden en dieren",
    "price": 3.96,
    "promoPrice": null,
    "pricePerUnit": "None None",
    "image": "https://www.jumbo.com/dam-images/fit-in/360x360/Products/2025914318ecc86a-8396-4ecb-871a-f800d593a97b-1749628244000.png",
    "available": true,
    "promoUntil": null
  },
  {
    "id": "916439BLK",
    "title": "Gourmet Gold Mousse Kattenvoer nat met Kalkoen",
    "category": "Huishouden en dieren",
    "price": 0.85,
    "promoPrice": null,
    "pricePerUnit": "10.0 kg",
    "image": "https://www.jumbo.com/dam-images/fit-in/360x360/Products/18062025_1750209285273_1750209321496_916439_BLK_03010470170278_C1N1_s01.png",
    "available": true,
    "promoUntil": null
  },
  {
    "id": "540468BLK",
    "title": "AriZona Original Green Tea met Honing 330 ML",
    "category": "Frisdrank en sappen",
    "price": 0.85,
    "promoPrice": null,
    "pricePerUnit": "2.58 l",
    "image": "https://www.jumbo.com/dam-images/fit-in/360x360/Products/12122024_1734014600915_1734014606004_613008743529_1.png",
    "available": true,
    "promoUntil": null
  },
  {
    "id": "588210TUB",
    "title": "Atrix Intensief Beschermende Creme 100ml",
    "category": "Drogisterij en baby",
    "price": 3.79,
    "promoPrice": null,
    "pricePerUnit": "37.9 l",
    "image": "https://www.jumbo.com/dam-images/fit-in/360x360/Products/13012024_1705121689388_1705121690020_588210_TUB_04006000057330_C1N1.png",
    "available": true,
    "promoUntil": null
  },
  {
    "id": "473253STK",
    "title": "Davitamon Compleet weerstand kauwvitamines aardbei, 60 stuks",
    "category": "Drogisterij en baby",
    "price": 19.49,
    "promoPrice": null,
    "pricePerUnit": "0.32 pieces",
    "image": "https://www.jumbo.com/dam-images/fit-in/360x360/Products/24092025_1758672061742_1758672068327_8710537704426_1.png",
    "available": true,
    "promoUntil": null
  },
  {
    "id": "622169STK",
    "title": "Difrax Anti-Lek Beker met Zachte Tuit",
    "category": "Drogisterij en baby",
    "price": 10.99,
    "promoPrice": null,
    "pricePerUnit": "10.99 pieces",
    "image": "https://www.jumbo.com/dam-images/fit-in/360x360/Products/13112024_1731471049816_1731471053623_622169_STK_08711736435135_C1N1.png",
    "available": false,
    "promoUntil": null
  },
  {
    "id": "667773FLS",
    "title": "Fentimans Classic Victorian Lemonade 750ML",
    "category": "Frisdrank en sappen",
    "price": 4.39,
    "promoPrice": null,
    "pricePerUnit": "5.85 l",
    "image": "https://www.jumbo.com/dam-images/fit-in/360x360/Products/05122024_1733398894829_1733398897693_667773_FLS_05029396003001_C1N1.png",
    "available": true,
    "promoUntil": null
  },
  {
    "id": "704558PAK",
    "title": "Gerolsteiner Koolzuurhoudend Water 6 x 1L",
    "category": "Frisdrank en sappen",
    "price": 6.54,
    "promoPrice": null,
    "pricePerUnit": "1.09 l",
    "image": "https://www.jumbo.com/dam-images/fit-in/360x360/Products/04001513100573A2L164f35474-e0f3-4952-91f6-418e8139ffd9-1753272342254.png",
    "available": true,
    "promoUntil": null
  },
  {
    "id": "10713FLS",
    "title": "Inproba Oester Saus 150 ml",
    "category": "Wereldkeukens, kruiden, pasta en rijst",
    "price": 1.49,
    "promoPrice": null,
    "pricePerUnit": "9.93 l",
    "image": "https://www.jumbo.com/dam-images/fit-in/360x360/Products/09082023_1691585195919_1691585198876_8710518729059_1.png",
    "available": true,
    "promoUntil": null
  },
  {
    "id": "678780DS",
    "title": "Jumbo Choco Chips Karamelsmaak Zeezout 100 g",
    "category": "Koek, snoep, chocolade en chips",
    "price": 2.79,
    "promoPrice": null,
    "pricePerUnit": "27.9 kg",
    "image": "https://www.jumbo.com/dam-images/fit-in/360x360/Products/12032025_1741797188616_1741797200268_8718452894260_596.png",
    "available": true,
    "promoUntil": null
  },
  {
    "id": "665158BLS",
    "title": "Jumbo Double Chocolate Cookie Bars met Cacao en Pure Chocoladestukjes 6 Stuks",
    "category": "Koek, snoep, chocolade en chips",
    "price": 1.99,
    "promoPrice": null,
    "pricePerUnit": "13.82 kg",
    "image": "https://www.jumbo.com/dam-images/fit-in/360x360/Products/17032025_1742211313136_1742211336138_8718452875283_596.png",
    "available": true,
    "promoUntil": null
  },
  {
    "id": "593939ZK",
    "title": "Jumbo Huishoudhandschoen Maat M 1 Stuk",
    "category": "Huishouden en dieren",
    "price": 0.65,
    "promoPrice": null,
    "pricePerUnit": "0.65 pieces",
    "image": "https://www.jumbo.com/dam-images/fit-in/360x360/Products/14052025_1747215232830_1747215237286_8718452699797_1.png",
    "available": true,
    "promoUntil": null
  },
  {
    "id": "188678STK",
    "title": "Jumbo Verzorgende Handcreme 100 ml",
    "category": "Drogisterij en baby",
    "price": 1.99,
    "promoPrice": null,
    "pricePerUnit": "19.9 l",
    "image": "https://www.jumbo.com/dam-images/fit-in/360x360/Products/09082023_1691584438270_1691584450665_8718452217168_1.png",
    "available": true,
    "promoUntil": null
  },
  {
    "id": "603930DS",
    "title": "24ICE Frozen Cocktails Mix Package 325ML",
    "category": "Bier en wijn",
    "price": 7.49,
    "promoPrice": 5.99,
    "pricePerUnit": "23.05 l",
    "image": "https://www.jumbo.com/dam-images/fit-in/360x360/Products/19042025_1745024837227_1745024849424_603930_DS_08721082201056_C1N1.png",
    "available": true,
    "promoUntil": "di 7 okt"
  },
  {
    "id": "493639POT",
    "title": "Euroma Risotto kruiden 65 g",
    "category": "Wereldkeukens, kruiden, pasta en rijst",
    "price": 3.99,
    "promoPrice": null,
    "pricePerUnit": "61.38 kg",
    "image": "https://www.jumbo.com/dam-images/fit-in/360x360/Products/13092024_1726196966109_1726196975180_493639_POT_08717600337055_C1N1.png",
    "available": true,
    "promoUntil": null
  },
  {
    "id": "670408BLK",
    "title": "Cornet Oaked - 0,3% Alcoholarm - Blik - 330 ml",
    "category": "Bier en wijn",
    "price": 1.59,
    "promoPrice": null,
    "pricePerUnit": "4.82 l",
    "image": "https://www.jumbo.com/dam-images/fit-in/360x360/Products/26122024_1735183900693_1735183903767_670408_BLK_05410783010960_C1N1.png",
    "available": true,
    "promoUntil": null
  },
  {
    "id": "202497STK",
    "title": "Colgate Max White Medium Tandenborstel 1 Stuk",
    "category": "Drogisterij en baby",
    "price": 1.99,
    "promoPrice": null,
    "pricePerUnit": "1.99 pieces",
    "image": "https://www.jumbo.com/dam-images/fit-in/360x360/Products/30072024_1722301362936_1722301366229_202497_STK_08714789417066_C1N1.png",
    "available": true,
    "promoUntil": null
  },
  {
    "id": "502585STK",
    "title": "Bisolvon Elixer Forte hoestdrank 200 ml (8 mg/ 5 ml)",
    "category": "Drogisterij en baby",
    "price": 12.75,
    "promoPrice": null,
    "pricePerUnit": "63.75 l",
    "image": "https://www.jumbo.com/dam-images/fit-in/360x360/Products/24092025_1758672108912_1758672113751_8712172864367_1.png",
    "available": true,
    "promoUntil": null
  },
  {
    "id": "704002DS",
    "title": "Jumbo Fruitschaal Appel - Honingmeloen - Sinaasappel - Blauwe Bes 400 g",
    "category": "Aardappelen, groente en fruit",
    "price": 4.0,
    "promoPrice": null,
    "pricePerUnit": "10.0 kg",
    "image": "https://www.jumbo.com/dam-images/fit-in/360x360/Products/25082025_1756132373025_1756132380070_8718452940103_1.png",
    "available": true,
    "promoUntil": null
  },
  {
    "id": "582466BLS",
    "title": "Jumbo WC Blok Lavendel 40 g",
    "category": "Huishouden en dieren",
    "price": 0.99,
    "promoPrice": null,
    "pricePerUnit": "24.75 kg",
    "image": "https://www.jumbo.com/dam-images/fit-in/360x360/Products/11042024_1712842510104_1712842516489_8718452771042_1.png",
    "available": false,
    "promoUntil": null
  },
  {
    "id": "589317STK",
    "title": "Beemster Extra Aged Kaas Gouda 48+ 175 g",
    "category": "Vleeswaren, kaas en tapas",
    "price": 4.85,
    "promoPrice": null,
    "pricePerUnit": "27.71 kg",
    "image": "https://www.jumbo.com/dam-images/fit-in/360x360/Products/22012025_1737515676884_1737515694961_589317_STK_08712243026090_C1N1.png",
    "available": true,
    "promoUntil": null
  },
  {
    "id": "456999ZK",
    "title": "Conimex Kroepoek Saté 75 g",
    "category": "Wereldkeukens, kruiden, pasta en rijst",
    "price": 1.5,
    "promoPrice": null,
    "pricePerUnit": "20.0 kg",
    "image": "https://www.jumbo.com/dam-images/fit-in/360x360/Products/28032025_1743157976973_1743157986116_8710522975909_1.png",
    "available": true,
    "promoUntil": null
  },
  {
    "id": "194781STK",
    "title": "Jumbo Boemboe Groene Curry 95 g",
    "category": "Wereldkeukens, kruiden, pasta en rijst",
    "price": 0.99,
    "promoPrice": null,
    "pricePerUnit": "10.42 kg",
    "image": "https://www.jumbo.com/dam-images/fit-in/360x360/Products/12122024_1734006796169_1734006818533_8718452765690_596.png",
    "available": true,
    "promoUntil": null
  },
  {
    "id": "396474STK",
    "title": "Jumbo Fleur de Sel Caramel 100 g",
    "category": "Koek, snoep, chocolade en chips",
    "price": 1.99,
    "promoPrice": null,
    "pricePerUnit": "19.9 kg",
    "image": "https://www.jumbo.com/dam-images/fit-in/360x360/Products/09082023_1691587629435_1691587638558_8718452501694_1.png",
    "available": true,
    "promoUntil": null
  },
  {
    "id": "559473ZK",
    "title": "Jumbo Kruidenmix voor Gehakt Pikant 40 g",
    "category": "Wereldkeukens, kruiden, pasta en rijst",
    "price": 1.04,
    "promoPrice": null,
    "pricePerUnit": "26.0 kg",
    "image": "https://www.jumbo.com/dam-images/fit-in/360x360/Products/14022024_1707873028012_1707873040183_8718452739998_1.png",
    "available": true,
    "promoUntil": null
  },
  {
    "id": "652690FLS",
    "title": "Jumbo Shampoo & Douche 250ML",
    "category": "Drogisterij en baby",
    "price": 2.59,
    "promoPrice": null,
    "pricePerUnit": "10.36 l",
    "image": "https://www.jumbo.com/dam-images/fit-in/360x360/Products/25102024_1729870449156_1729870455490_8718452855674_1.png",
    "available": true,
    "promoUntil": null
  },
  {
    "id": "583794ZK",
    "title": "Jumbo Snackmix Teriyaki Smaak 125 g",
    "category": "Koek, snoep, chocolade en chips",
    "price": 1.0,
    "promoPrice": null,
    "pricePerUnit": "8.0 kg",
    "image": "https://www.jumbo.com/dam-images/fit-in/360x360/Products/14022024_1707873375594_1707873395070_8718452741274_596.png",
    "available": true,
    "promoUntil": null
  },
  {
    "id": "600164PAK",
    "title": "Jumbo Tintelfris Mango-Ananas Smaak 6 x 200ML",
    "category": "Frisdrank en sappen",
    "price": 1.86,
    "promoPrice": null,
    "pricePerUnit": "1.55 l",
    "image": "https://www.jumbo.com/dam-images/fit-in/360x360/Products/17012024_1705505710619_1705505726289_8718452773053_1.png",
    "available": true,
    "promoUntil": null
  },
  {
    "id": "596218FLS",
    "title": "Jumbo Volume Kokos Conditioner met Bamboe-Extract 500 ml",
    "category": "Drogisterij en baby",
    "price": 2.99,
    "promoPrice": null,
    "pricePerUnit": "5.98 l",
    "image": "https://www.jumbo.com/dam-images/fit-in/360x360/Products/25032024_1711381872817_1711381877912_8718452775958_1.png",
    "available": true,
    "promoUntil": null
  },
  {
    "id": "566444FLS",
    "title": "Anun - Gran Reserva - Chardonnay - 750ML",
    "category": "Bier en wijn",
    "price": 11.99,
    "promoPrice": null,
    "pricePerUnit": "15.99 l",
    "image": "https://www.jumbo.com/dam-images/fit-in/360x360/Products/09082023_1691596140871_1691596144636_7804668318629_1.png",
    "available": true,
    "promoUntil": null
  },
  {
    "id": "88025STK",
    "title": "Bepanthen Beschermende, vettende zalf bij droge of schrale huid, 50g",
    "category": "Drogisterij en baby",
    "price": 8.69,
    "promoPrice": null,
    "pricePerUnit": "173.8 kg",
    "image": "https://www.jumbo.com/dam-images/fit-in/360x360/Products/24092025_1758672060144_1758672064084_8713091040900_1.png",
    "available": true,
    "promoUntil": null
  },
  {
    "id": "498998FLS",
    "title": "Conimex Woksaus Zoete Soja 175 ml",
    "category": "Wereldkeukens, kruiden, pasta en rijst",
    "price": 2.66,
    "promoPrice": null,
    "pricePerUnit": "15.2 l",
    "image": "https://www.jumbo.com/dam-images/fit-in/360x360/Products/17092025_1758070992985_1758071020698_498998_FLS_08711200431694_H1N1.png",
    "available": true,
    "promoUntil": null
  },
  {
    "id": "637884STK",
    "title": "De Kleine Keuken Biologische Rozijntjes met een Vleugje Appelsmaak 18+ Maanden 112 g",
    "category": "Drogisterij en baby",
    "price": 3.19,
    "promoPrice": null,
    "pricePerUnit": "28.48 kg",
    "image": "https://www.jumbo.com/dam-images/fit-in/360x360/Products/24122024_1735036376038_1735036381001_8718734494744_1.png",
    "available": true,
    "promoUntil": null
  },
  {
    "id": "605471DS",
    "title": "De Kleine Keuken Biologische Granen Reepjes Gevuld met Aardbei & Appel 18+ Maanden 6 Stuks 132 g",
    "category": "Drogisterij en baby",
    "price": 3.16,
    "promoPrice": null,
    "pricePerUnit": "23.94 kg",
    "image": "https://www.jumbo.com/dam-images/fit-in/360x360/Products/08082025_1754618245890_1754618250076_605471_DS_08718734494256_C1N1.png",
    "available": true,
    "promoUntil": null
  },
  {
    "id": "604227BLK",
    "title": "Frontaal - Blonde Simmie - Blik - 330ML",
    "category": "Bier en wijn",
    "price": 3.29,
    "promoPrice": null,
    "pricePerUnit": "9.97 l",
    "image": "https://www.jumbo.com/dam-images/fit-in/360x360/Products/20092025_1758330578936_1758330584660_604227_BLK_08720828456774_C1N1.png",
    "available": true,
    "promoUntil": null
  },
  {
    "id": "74197PAK",
    "title": "Gulpener - Ur-Weizen - BIO - Fles - 6 x 300ML",
    "category": "Bier en wijn",
    "price": 8.99,
    "promoPrice": null,
    "pricePerUnit": "4.99 l",
    "image": "https://www.jumbo.com/dam-images/fit-in/360x360/Products/08725500310252A1N1999aa610-06c9-4ef5-be7b-dec184629cb9-1733923035889.png",
    "available": true,
    "promoUntil": null
  },
  {
    "id": "623167BLK",
    "title": "Air Wick - Active Fresh Automatische Luchtverfrisser Starterkit - Boeket van Jasmijn",
    "category": "Huishouden en dieren",
    "price": 14.44,
    "promoPrice": null,
    "pricePerUnit": "64.46 l",
    "image": "https://www.jumbo.com/dam-images/fit-in/360x360/Products/04042025_1743730404758_1743730407492_623167_BLK_03665468302379_A1N1.png",
    "available": true,
    "promoUntil": null
  },
  {
    "id": "530915POT",
    "title": "Go-Tan Atjar Tjampoer Spéciale 340g",
    "category": "Wereldkeukens, kruiden, pasta en rijst",
    "price": 1.87,
    "promoPrice": null,
    "pricePerUnit": "5.5 kg",
    "image": "https://www.jumbo.com/dam-images/fit-in/360x360/Products/20122023_1703053690411_1703053697574_530915_POT_08710605030594_C1N1.png",
    "available": true,
    "promoUntil": null
  },
  {
    "id": "444915PAK",
    "title": "Haust Party Extra Original 200 g",
    "category": "Koek, snoep, chocolade en chips",
    "price": 1.8,
    "promoPrice": null,
    "pricePerUnit": "9.0 kg",
    "image": "https://www.jumbo.com/dam-images/fit-in/360x360/Products/09082023_1691588273597_1691588284667_8710445024111_1.png",
    "available": true,
    "promoUntil": null
  },
  {
    "id": "639448ZK",
    "title": "Huls Lekker Gekruid Mediterraanse 100g",
    "category": "Vleeswaren, kaas en tapas",
    "price": 2.99,
    "promoPrice": null,
    "pricePerUnit": "29.9 kg",
    "image": "https://www.jumbo.com/dam-images/fit-in/360x360/Products/16012025_1736993049896_1736993058940_639448_ZK_08725800007364_C1N1.png",
    "available": true,
    "promoUntil": null
  },
  {
    "id": "164091BLK",
    "title": "Jumbo Biologisch Tomaten Gepeld 400 g",
    "category": "Wereldkeukens, kruiden, pasta en rijst",
    "price": 0.72,
    "promoPrice": null,
    "pricePerUnit": "1.8 kg",
    "image": "https://www.jumbo.com/dam-images/fit-in/360x360/Products/15112023_1700044384460_1700044397195_8718452504510_1.png",
    "available": false,
    "promoUntil": null
  },
  {
    "id": "575979ZK",
    "title": "Jumbo Borrelzoutjes Wasabi Bollen 250 g",
    "category": "Koek, snoep, chocolade en chips",
    "price": 3.69,
    "promoPrice": null,
    "pricePerUnit": "14.76 kg",
    "image": "https://www.jumbo.com/dam-images/fit-in/360x360/Products/14022024_1707873433628_1707873449607_8718452707683_1.png",
    "available": true,
    "promoUntil": null
  },
  {
    "id": "437445ZK",
    "title": "Bonzo Menubrokken Hondenvoer met Kip en Groenten",
    "category": "Huishouden en dieren",
    "price": 9.79,
    "promoPrice": null,
    "pricePerUnit": "3.26 kg",
    "image": "https://www.jumbo.com/dam-images/fit-in/360x360/Products/23092025_1758597062824_1758597160870_437445_ZK_07613287215703_H1N1_s01.png",
    "available": true,
    "promoUntil": null
  },
  {
    "id": "680323BLS",
    "title": "HEMA Schoenveters Grof Zwart 90 cm",
    "category": "Non-food en servicebalie",
    "price": 2.39,
    "promoPrice": null,
    "pricePerUnit": "2.39 pieces",
    "image": "https://www.jumbo.com/dam-images/fit-in/360x360/Products/17022025_1739820940091_1739820944361_8718161660712_1.png",
    "available": true,
    "promoUntil": null
  },
  {
    "id": "603717DS",
    "title": "Jumbo Medium Tandenborstel 1 Stuk",
    "category": "Drogisterij en baby",
    "price": 1.49,
    "promoPrice": null,
    "pricePerUnit": "1.49 pieces",
    "image": "https://www.jumbo.com/dam-images/fit-in/360x360/Products/26012024_1706283304482_1706283308578_8718452775156_1.png",
    "available": true,
    "promoUntil": null
  },
  {
    "id": "171871STK",
    "title": "Bepanthen Eczeem crème, 20g",
    "category": "Drogisterij en baby",
    "price": 10.99,
    "promoPrice": null,
    "pricePerUnit": "549.5 kg",
    "image": "https://www.jumbo.com/dam-images/fit-in/360x360/Products/24092025_1758672134321_1758672138052_8713091029080_1.png",
    "available": true,
    "promoUntil": null
  },
  {
    "id": "163370POT",
    "title": "Flower Brand Knoflook Pasta 100 g",
    "category": "Wereldkeukens, kruiden, pasta en rijst",
    "price": 2.79,
    "promoPrice": null,
    "pricePerUnit": "27.9 kg",
    "image": "https://www.jumbo.com/dam-images/fit-in/360x360/Products/10082023_1691674957358_1691675005927_8710161009218_1.png",
    "available": true,
    "promoUntil": null
  },
  {
    "id": "678779DS",
    "title": "Jumbo Choco Chips Melk 100 g",
    "category": "Koek, snoep, chocolade en chips",
    "price": 2.79,
    "promoPrice": null,
    "pricePerUnit": "27.9 kg",
    "image": "https://www.jumbo.com/dam-images/fit-in/360x360/Products/12032025_1741797188567_1741797201043_8718452894253_596.png",
    "available": true,
    "promoUntil": null
  },
  {
    "id": "701323ZK",
    "title": "BFree Gluten Free High Protein Wraps 4 x 42 g",
    "category": "Wereldkeukens, kruiden, pasta en rijst",
    "price": 5.99,
    "promoPrice": null,
    "pricePerUnit": "35.65 kg",
    "image": "https://www.jumbo.com/dam-images/fit-in/360x360/Products/27052025_1748370806237_1748370818528_5391521691323_1.png",
    "available": true,
    "promoUntil": null
  },
  {
    "id": "621454ZK",
    "title": "Ella's Kitchen Blueberry + Pear Baby Brekkie 6+ Months 100 g",
    "category": "Drogisterij en baby",
    "price": 1.72,
    "promoPrice": null,
    "pricePerUnit": "17.2 kg",
    "image": "https://www.jumbo.com/dam-images/fit-in/360x360/Products/06052024_1714991590478_1714991594770_5060107330740_1.png",
    "available": true,
    "promoUntil": null
  },
  {
    "id": "685588DS",
    "title": "Felix Deli Moments Snacks met Zalm 40g",
    "category": "Huishouden en dieren",
    "price": 1.97,
    "promoPrice": null,
    "pricePerUnit": "49.25 kg",
    "image": "https://www.jumbo.com/dam-images/fit-in/360x360/Products/12042025_1744420133971_1744420172787_685588_DS_08445291537880_C1N1_s01.png",
    "available": true,
    "promoUntil": null
  },
  {
    "id": "624160ZK",
    "title": "BioToday Hummus Chips Sweet Chili 75 g",
    "category": "Koek, snoep, chocolade en chips",
    "price": 2.56,
    "promoPrice": null,
    "pricePerUnit": "34.13 kg",
    "image": "https://www.jumbo.com/dam-images/fit-in/360x360/Products/06062025_1749220368302_1749220373214_8719153015152_1.png",
    "available": true,
    "promoUntil": null
  },
  {
    "id": "344579FLS",
    "title": "Jopen - Blurred Lines Juicy IPA - Fles - 330ML",
    "category": "Bier en wijn",
    "price": 3.19,
    "promoPrice": null,
    "pricePerUnit": "9.67 l",
    "image": "https://www.jumbo.com/dam-images/fit-in/360x360/Products/05032024_1709609263133_1709609265041_344579_FLS_08714799404650_C1N1.png",
    "available": true,
    "promoUntil": null
  },
  {
    "id": "650032BLS",
    "title": "GUM Soft-Picks Original Regulier 50 Stuks",
    "category": "Drogisterij en baby",
    "price": 7.39,
    "promoPrice": null,
    "pricePerUnit": "0.15 pieces",
    "image": "https://www.jumbo.com/dam-images/fit-in/360x360/Products/27022025_1740623317243_1740623323110_650032_BLS_07630019902755_C1N1.png",
    "available": true,
    "promoUntil": null
  },
  {
    "id": "691484STK",
    "title": "HEMA Kaars Rustiek Lichtoranje 7X19cm 1 Stuk",
    "category": "Non-food en servicebalie",
    "price": 3.69,
    "promoPrice": null,
    "pricePerUnit": "3.69 pieces",
    "image": "https://www.jumbo.com/dam-images/fit-in/360x360/Products/29042025_1745895381088_1745895383605_691484_STK_08720354931851_C1N1.png",
    "available": true,
    "promoUntil": null
  },
  {
    "id": "670788STK",
    "title": "HEMA Muffinbakvorm PFAS Vrij 6 Stuks",
    "category": "Non-food en servicebalie",
    "price": 8.99,
    "promoPrice": null,
    "pricePerUnit": "1.5 pieces",
    "image": "https://www.jumbo.com/dam-images/fit-in/360x360/Products/18032025_1742267252837_1742267255478_670788_STK_08718537854561_C1N1.png",
    "available": true,
    "promoUntil": null
  },
  {
    "id": "640370FLS",
    "title": "HG ECO toiletruimtereiniger 500ml",
    "category": "Huishouden en dieren",
    "price": 4.39,
    "promoPrice": null,
    "pricePerUnit": "8.78 l",
    "image": "https://www.jumbo.com/dam-images/fit-in/360x360/Products/24122024_1735008128362_1735008132377_640370_FLS_08711577271497_C1N1.png",
    "available": true,
    "promoUntil": null
  },
  {
    "id": "640959FLS",
    "title": "HG Stickerverwijderaar 300ML",
    "category": "Huishouden en dieren",
    "price": 7.89,
    "promoPrice": null,
    "pricePerUnit": "26.3 l",
    "image": "https://www.jumbo.com/dam-images/fit-in/360x360/Products/14062025_1749865422937_1749865426104_640959_FLS_08711577189778_C1N1.png",
    "available": true,
    "promoUntil": null
  },
  {
    "id": "603714BLS",
    "title": "Jumbo 1.3 mm Ragers 6 Stuks",
    "category": "Drogisterij en baby",
    "price": 2.99,
    "promoPrice": null,
    "pricePerUnit": "0.5 pieces",
    "image": "https://www.jumbo.com/dam-images/fit-in/360x360/Products/17012024_1705505710962_1705505720117_8718452776214_1.png",
    "available": true,
    "promoUntil": null
  },
  {
    "id": "568488CUP",
    "title": "Jumbo Bites Steak Tartaar met Paprika en Peper 90 g",
    "category": "Vleeswaren, kaas en tapas",
    "price": 2.99,
    "promoPrice": null,
    "pricePerUnit": "33.22 kg",
    "image": "https://www.jumbo.com/dam-images/fit-in/360x360/Products/14022024_1707873571931_1707873579079_8718452749270_1.png",
    "available": true,
    "promoUntil": null
  },
  {
    "id": "608273STK",
    "title": "Cheesepop Gepofte Kaasballetjes Gouda Kaas 48+ 65 g",
    "category": "Vleeswaren, kaas en tapas",
    "price": 2.99,
    "promoPrice": null,
    "pricePerUnit": "46.0 kg",
    "image": "https://www.jumbo.com/dam-images/fit-in/360x360/Products/12122024_1734014563645_1734014567317_8718754271004_1.png",
    "available": true,
    "promoUntil": null
  },
  {
    "id": "653805STK",
    "title": "Jumbo Feta Bob 43+ Kaas 250 g",
    "category": "Vleeswaren, kaas en tapas",
    "price": 3.49,
    "promoPrice": null,
    "pricePerUnit": "23.27 kg",
    "image": "https://www.jumbo.com/dam-images/fit-in/360x360/Products/12072024_1720773317785_1720773326235_5202904100205_1.png",
    "available": true,
    "promoUntil": null
  },
  {
    "id": "641007KGR",
    "title": "Jumbo Linea Cervelaat ca. 115 g",
    "category": "Vleeswaren, kaas en tapas",
    "price": 2.87,
    "promoPrice": null,
    "pricePerUnit": "25.0 kg",
    "image": "https://www.jumbo.com/dam-images/fit-in/360x360/Products/04072025_1751617997262_1751618003213_2336024000000_1.png",
    "available": true,
    "promoUntil": null
  },
  {
    "id": "624179DS",
    "title": "Jumbo Melkchocolade met Rozijn en Hazelnoot Tablet 200 g",
    "category": "Koek, snoep, chocolade en chips",
    "price": 2.56,
    "promoPrice": null,
    "pricePerUnit": "12.8 kg",
    "image": "https://www.jumbo.com/dam-images/fit-in/360x360/Products/22052025_1747917207628_1747917220935_8718452871612_596.png",
    "available": true,
    "promoUntil": null
  },
  {
    "id": "698773DSL",
    "title": "Andrélon Conditioner Levendig Lang - 6 x 250 ml",
    "category": "Drogisterij en baby",
    "price": 38.94,
    "promoPrice": 27.25,
    "pricePerUnit": "32.45 l",
    "image": "https://www.jumbo.com/dam-images/fit-in/360x360/Products/575451DSL17541e2b8-c887-44dd-bdf8-060e5f065d77-1717485198969.png",
    "available": true,
    "promoUntil": "di 7 okt"
  },
  {
    "id": "614019DS",
    "title": "Bambix Bio Multigranen 12+ Maanden 180 g",
    "category": "Drogisterij en baby",
    "price": 2.39,
    "promoPrice": null,
    "pricePerUnit": "13.28 kg",
    "image": "https://www.jumbo.com/dam-images/fit-in/360x360/Products/22052024_1716392110032_1716392116030_5410441002047_1.png",
    "available": true,
    "promoUntil": null
  },
  {
    "id": "702824DS",
    "title": "Dampo Verkoudheidsbalsem Zalf Blikje 30g",
    "category": "Drogisterij en baby",
    "price": 7.49,
    "promoPrice": null,
    "pricePerUnit": "249.67 kg",
    "image": "https://www.jumbo.com/dam-images/fit-in/360x360/Products/21082025_1755743257177_1755743264816_702824_DS_08713091021954_C1N1_s01.png",
    "available": true,
    "promoUntil": null
  },
  {
    "id": "670664ZK",
    "title": "Howdah Bombay Sweet Chilli Ancient Grain Chips 130 g",
    "category": "Vleeswaren, kaas en tapas",
    "price": 2.99,
    "promoPrice": null,
    "pricePerUnit": "23.0 kg",
    "image": "https://www.jumbo.com/dam-images/fit-in/360x360/Products/25022025_1740474236786_1740474243595_5060765870060_1.png",
    "available": true,
    "promoUntil": null
  },
  {
    "id": "561879POT",
    "title": "Jumbo Kruidenmix voor Vis 70g",
    "category": "Wereldkeukens, kruiden, pasta en rijst",
    "price": 2.16,
    "promoPrice": null,
    "pricePerUnit": "30.86 kg",
    "image": "https://www.jumbo.com/dam-images/fit-in/360x360/Products/14022025_1739539174183_1739539189921_8718452721320_596.png",
    "available": true,
    "promoUntil": null
  },
  {
    "id": "603716BLS",
    "title": "Jumbo Sensitive Ultra Soft Tandenborstel 1 Stuk",
    "category": "Drogisterij en baby",
    "price": 1.59,
    "promoPrice": null,
    "pricePerUnit": "1.59 pieces",
    "image": "https://www.jumbo.com/dam-images/fit-in/360x360/Products/25012024_1706168104524_1706168108844_8718452775149_1.png",
    "available": true,
    "promoUntil": null
  },
  {
    "id": "528895DS",
    "title": "Honig Maaltijdmix voor Bami Speciaal Dubbelpak  2 x 37 g",
    "category": "Wereldkeukens, kruiden, pasta en rijst",
    "price": 2.99,
    "promoPrice": null,
    "pricePerUnit": "40.41 kg",
    "image": "https://www.jumbo.com/dam-images/fit-in/360x360/Products/20072025_1752973991619_1752974000894_528895_DS_08714700170483_H1N1.png",
    "available": true,
    "promoUntil": null
  },
  {
    "id": "536537BLK",
    "title": "Amstel Blond Bier Blik 500ml",
    "category": "Bier en wijn",
    "price": 1.39,
    "promoPrice": null,
    "pricePerUnit": "2.78 l",
    "image": "https://www.jumbo.com/dam-images/fit-in/360x360/Products/07012025_1736267673835_1736267678261_8712000059316_1.png",
    "available": true,
    "promoUntil": null
  },
  {
    "id": "79612STK",
    "title": "Formule W Wrattenpen",
    "category": "Drogisterij en baby",
    "price": 12.99,
    "promoPrice": null,
    "pricePerUnit": "12.99 pieces",
    "image": "https://www.jumbo.com/dam-images/fit-in/360x360/Products/24092025_1758672090564_1758672095265_8714319192760_1.png",
    "available": true,
    "promoUntil": null
  },
  {
    "id": "632645FLS",
    "title": "Gulpener - IPA 0,3% - Fles - 300ML",
    "category": "Bier en wijn",
    "price": 1.49,
    "promoPrice": null,
    "pricePerUnit": "4.97 l",
    "image": "https://www.jumbo.com/dam-images/fit-in/360x360/Products/03082024_1722653159072_1722653160828_632645_FLS_08725500171266_C1N1.png",
    "available": true,
    "promoUntil": null
  },
  {
    "id": "695419POT",
    "title": "Curalyn Multivitaminen & Mineralen Tabletten 120 Stuks",
    "category": "Drogisterij en baby",
    "price": 5.99,
    "promoPrice": null,
    "pricePerUnit": "0.05 pieces",
    "image": "https://www.jumbo.com/dam-images/fit-in/360x360/Products/24062025_1750727102400_1750727105016_695419_POT_08712113661369_C1N1_s01.png",
    "available": true,
    "promoUntil": null
  },
  {
    "id": "169543DS",
    "title": "De Vos Eierkoeken 6 Stuks 210 g",
    "category": "Koek, snoep, chocolade en chips",
    "price": 2.59,
    "promoPrice": null,
    "pricePerUnit": "12.33 kg",
    "image": "https://www.jumbo.com/dam-images/fit-in/360x360/Products/08062024_1717817834543_1717817840414_169543_DS_05411423101741_C1N1.png",
    "available": true,
    "promoUntil": null
  },
  {
    "id": "622576DS",
    "title": "Difrax Fopspeen Natural 12+ Maanden Unisex",
    "category": "Drogisterij en baby",
    "price": 5.99,
    "promoPrice": null,
    "pricePerUnit": "5.99 pieces",
    "image": "https://www.jumbo.com/dam-images/fit-in/360x360/Products/26052025_1748232805443_1748232806582_622576_DS_08711736564033_A1N1.png",
    "available": true,
    "promoUntil": null
  },
  {
    "id": "640732FLS",
    "title": "HG ECO ontstopper 1L",
    "category": "Huishouden en dieren",
    "price": 8.99,
    "promoPrice": null,
    "pricePerUnit": "8.99 l",
    "image": "https://www.jumbo.com/dam-images/fit-in/360x360/Products/17072024_1721197590049_1721197594328_640732_FLS_08711577271268_C1N1.png",
    "available": true,
    "promoUntil": null
  },
  {
    "id": "498250DS",
    "title": "Allerfre Tabletten bij hooikoorts of allergie 10mg, 7 stuks",
    "category": "Drogisterij en baby",
    "price": 6.69,
    "promoPrice": null,
    "pricePerUnit": "0.96 pieces",
    "image": "https://www.jumbo.com/dam-images/fit-in/360x360/Products/24092025_1758672136733_1758672144795_5000167014143_1.png",
    "available": true,
    "promoUntil": null
  },
  {
    "id": "443835FLS",
    "title": "Budels - Biologisch Honingbier - Fles - 300ML",
    "category": "Bier en wijn",
    "price": 1.99,
    "promoPrice": null,
    "pricePerUnit": "6.63 l",
    "image": "https://www.jumbo.com/dam-images/fit-in/360x360/Products/443835_8712003001305_1_T1_434535FLS1691186595196.png",
    "available": true,
    "promoUntil": null
  },
  {
    "id": "701680FLS",
    "title": "Durex Sensitive, 50ml",
    "category": "Drogisterij en baby",
    "price": 8.99,
    "promoPrice": null,
    "pricePerUnit": "179.8 l",
    "image": "https://www.jumbo.com/dam-images/fit-in/360x360/Products/24092025_1758672109689_1758672114025_5038483364345_1.png",
    "available": true,
    "promoUntil": null
  },
  {
    "id": "712067TRA",
    "title": "Jumbo Stamppot Bloemkool-Broccoli met Gehaktballen in Jus 500 g",
    "category": "Verse maaltijden en gemak",
    "price": 4.64,
    "promoPrice": null,
    "pricePerUnit": "9.28 kg",
    "image": "https://www.jumbo.com/dam-images/fit-in/360x360/Products/22092025_1758555238922_1758555245786_8718452953127_1.png",
    "available": true,
    "promoUntil": null
  },
  {
    "id": "539097BLK",
    "title": "BrewDog - Punk IPA - Blik - 330ML",
    "category": "Bier en wijn",
    "price": 2.96,
    "promoPrice": null,
    "pricePerUnit": "8.97 l",
    "image": "https://www.jumbo.com/dam-images/fit-in/360x360/Products/03052025_1746234765949_1746234769766_539097_BLK_08718969637466_A1N1.png",
    "available": true,
    "promoUntil": null
  },
  {
    "id": "616888ZK",
    "title": "Elephant Baked Squeezed Pretzels Honey Mustard & Onion 160 g",
    "category": "Koek, snoep, chocolade en chips",
    "price": 2.47,
    "promoPrice": null,
    "pricePerUnit": "15.44 kg",
    "image": "https://www.jumbo.com/dam-images/fit-in/360x360/Products/5949040202072T19b8ae1f9f-8bb1-46ce-b97b-bebde5504fc9-1745995986570.png",
    "available": true,
    "promoUntil": null
  },
  {
    "id": "679833STK",
    "title": "HEMA Flessenschraper Siliconen Groen",
    "category": "Non-food en servicebalie",
    "price": 2.29,
    "promoPrice": null,
    "pricePerUnit": "2.29 pieces",
    "image": "https://www.jumbo.com/dam-images/fit-in/360x360/Products/14022025_1739525594145_1739525595529_679833_STK_08720354519585_C1N1.png",
    "available": true,
    "promoUntil": null
  },
  {
    "id": "595831STK",
    "title": "Jelly Bean Factory Sour Tube 90g",
    "category": "Koek, snoep, chocolade en chips",
    "price": 2.66,
    "promoPrice": null,
    "pricePerUnit": "29.56 kg",
    "image": "https://www.jumbo.com/dam-images/fit-in/360x360/Products/06082025_1754444126868_1754444147202_595831_STK_08713800139857_C1N1.png",
    "available": true,
    "promoUntil": null
  },
  {
    "id": "562744POT",
    "title": "Jumbo Kruidenmix voor Aardappel 80 g",
    "category": "Wereldkeukens, kruiden, pasta en rijst",
    "price": 1.49,
    "promoPrice": null,
    "pricePerUnit": "18.63 kg",
    "image": "https://www.jumbo.com/dam-images/fit-in/360x360/Products/14022025_1739539721189_1739539734284_8718452721542_596.png",
    "available": true,
    "promoUntil": null
  },
  {
    "id": "673426FLS",
    "title": "Alegrete - Vinho Verde - 750ML",
    "category": "Bier en wijn",
    "price": 3.99,
    "promoPrice": null,
    "pricePerUnit": "5.32 l",
    "image": "https://www.jumbo.com/dam-images/fit-in/360x360/Products/15042025_1744731177043_1744731180905_5600712449323_1.png",
    "available": true,
    "promoUntil": null
  },
  {
    "id": "604150BLK",
    "title": "BrewDog Wingman - Session IPA - Blik - 330ML",
    "category": "Bier en wijn",
    "price": 1.99,
    "promoPrice": null,
    "pricePerUnit": "6.03 l",
    "image": "https://www.jumbo.com/dam-images/fit-in/360x360/Products/07122023_1701935403162_1701935404150_604150_BLK_05056025475861_A1N1.png",
    "available": true,
    "promoUntil": null
  },
  {
    "id": "567571FLS",
    "title": "Domaine François Schwach - Pinot Gris – Biologisch - 750ML",
    "category": "Bier en wijn",
    "price": 13.99,
    "promoPrice": null,
    "pricePerUnit": "18.65 l",
    "image": "https://www.jumbo.com/dam-images/fit-in/360x360/Products/29082023_1693312442866_1693312444631_3760167371067_1.png",
    "available": true,
    "promoUntil": null
  },
  {
    "id": "536751BLK",
    "title": "Jopen - Nonnetje IPA Alcoholvrij 0.3% - Blik - 330ML",
    "category": "Bier en wijn",
    "price": 2.59,
    "promoPrice": null,
    "pricePerUnit": "7.85 l",
    "image": "https://www.jumbo.com/dam-images/fit-in/360x360/Products/31102023_1698719218174_1698719219444_536751_BLK_08714799302000_C1N1.png",
    "available": true,
    "promoUntil": null
  },
  {
    "id": "585568STK",
    "title": "HEMA Geurkaars Spice",
    "category": "Non-food en servicebalie",
    "price": 4.19,
    "promoPrice": null,
    "pricePerUnit": "4.19 pieces",
    "image": "https://www.jumbo.com/dam-images/fit-in/360x360/Products/12122024_1734014502991_1734014510050_8718537883080_1.png",
    "available": true,
    "promoUntil": null
  },
  {
    "id": "541756STK",
    "title": "Hapjesplank 4-6 Personen",
    "category": "Vleeswaren, kaas en tapas",
    "price": 24.75,
    "promoPrice": null,
    "pricePerUnit": "None None",
    "image": "https://www.jumbo.com/dam-images/fit-in/360x360/Products/200735899e1ed5e8-5a14-45f7-bfaf-be8c384b50a5-1747119843657.png",
    "available": true,
    "promoUntil": null
  },
  {
    "id": "577109ZK",
    "title": "Ella's Kitchen Aardbeien yoghurt 6+ biologisch 90 g",
    "category": "Drogisterij en baby",
    "price": 1.52,
    "promoPrice": null,
    "pricePerUnit": "16.89 kg",
    "image": "https://www.jumbo.com/dam-images/fit-in/360x360/Products/25022025_1740474235262_1740474238608_5060107339187_1.png",
    "available": true,
    "promoUntil": null
  },
  {
    "id": "669397CUP",
    "title": "Jumbo Babi Pangang Salade 200 g",
    "category": "Vleeswaren, kaas en tapas",
    "price": 2.49,
    "promoPrice": null,
    "pricePerUnit": "12.45 kg",
    "image": "https://www.jumbo.com/dam-images/fit-in/360x360/Products/07052025_1746631967195_1746631974058_8718452884490_1.png",
    "available": true,
    "promoUntil": null
  },
  {
    "id": "672238DS",
    "title": "Handgebrand Hot Rice Paprika 90 g",
    "category": "Vleeswaren, kaas en tapas",
    "price": 2.25,
    "promoPrice": null,
    "pricePerUnit": "25.0 kg",
    "image": "https://www.jumbo.com/dam-images/fit-in/360x360/Products/27022025_1740670388521_1740670397133_8720941908136_1.png",
    "available": true,
    "promoUntil": null
  },
  {
    "id": "695123FLS",
    "title": "Hansaplast Wondspray 50ML",
    "category": "Drogisterij en baby",
    "price": 5.79,
    "promoPrice": null,
    "pricePerUnit": "115.8 l",
    "image": "https://www.jumbo.com/dam-images/fit-in/360x360/Products/24042025_1745495296299_1745495297334_695123_FLS_04005900649256_C1N1.png",
    "available": true,
    "promoUntil": null
  },
  {
    "id": "644116DS",
    "title": "Honig Spaghetti origineel 550g",
    "category": "Wereldkeukens, kruiden, pasta en rijst",
    "price": 1.78,
    "promoPrice": null,
    "pricePerUnit": "3.24 kg",
    "image": "https://www.jumbo.com/dam-images/fit-in/360x360/Products/19062025_1750305389006_1750305395126_644116_DS_08715700126425_H1N1.png",
    "available": true,
    "promoUntil": null
  },
  {
    "id": "464753STK",
    "title": "Chan's Bananenchips 150 g",
    "category": "Koek, snoep, chocolade en chips",
    "price": 2.95,
    "promoPrice": null,
    "pricePerUnit": "19.67 kg",
    "image": "https://www.jumbo.com/dam-images/fit-in/360x360/Products/29042025_1745937194275_1745937201351_8718247010288_1.png",
    "available": true,
    "promoUntil": null
  },
  {
    "id": "431113FLS",
    "title": "Crystal Clear Perziksmaak 0,5 L",
    "category": "Frisdrank en sappen",
    "price": 1.59,
    "promoPrice": null,
    "pricePerUnit": "3.18 l",
    "image": "https://www.jumbo.com/dam-images/fit-in/360x360/Products/05022025_1738722786809_1738722797525_431113_FLS_08715600243802_H1N1.png",
    "available": true,
    "promoUntil": null
  },
  {
    "id": "667427STK",
    "title": "HEMA Collegeblok A4 Kraft",
    "category": "Non-food en servicebalie",
    "price": 2.79,
    "promoPrice": null,
    "pricePerUnit": "2.79 pieces",
    "image": "https://www.jumbo.com/dam-images/fit-in/360x360/Products/04122024_1733303988153_1733303991865_667427_STK_08713745899670_C1N1.png",
    "available": true,
    "promoUntil": null
  },
  {
    "id": "633619STK",
    "title": "Jumbo Biologisch Babyvoeding Groente Lasagne 12+ Maanden 250 g",
    "category": "Drogisterij en baby",
    "price": 1.49,
    "promoPrice": null,
    "pricePerUnit": "5.96 kg",
    "image": "https://www.jumbo.com/dam-images/fit-in/360x360/Products/26082024_1724675598575_1724675604905_8718452803835_1.png",
    "available": true,
    "promoUntil": null
  },
  {
    "id": "391687STK",
    "title": "Jumbo Geurige Pandanrijst 400 g",
    "category": "Wereldkeukens, kruiden, pasta en rijst",
    "price": 1.4,
    "promoPrice": null,
    "pricePerUnit": "3.5 kg",
    "image": "https://www.jumbo.com/dam-images/fit-in/360x360/Products/10082023_1691676548955_1691676557553_8718452474318_1.png",
    "available": true,
    "promoUntil": null
  },
  {
    "id": "440686DS",
    "title": "Jumbo Menthol Keelpastilles Suikervrij 100 g",
    "category": "Koek, snoep, chocolade en chips",
    "price": 2.19,
    "promoPrice": null,
    "pricePerUnit": "21.9 kg",
    "image": "https://www.jumbo.com/dam-images/fit-in/360x360/Products/09082023_1691588245665_1691588288291_8718452534203_1.png",
    "available": true,
    "promoUntil": null
  },
  {
    "id": "200832FLS",
    "title": "Jumbo Rice & Cotton Wasmiddel Color - 28 wasbeurten",
    "category": "Huishouden en dieren",
    "price": 5.69,
    "promoPrice": null,
    "pricePerUnit": "0.2 wb",
    "image": "https://www.jumbo.com/dam-images/fit-in/360x360/Products/03012024_1704290946369_1704290952509_8718452296910_1.png",
    "available": true,
    "promoUntil": null
  },
  {
    "id": "451015STK",
    "title": "Excedrin Tabletten voor pijnstilling bij migraine, 10 stuks",
    "category": "Drogisterij en baby",
    "price": 6.99,
    "promoPrice": null,
    "pricePerUnit": "0.7 pieces",
    "image": "https://www.jumbo.com/dam-images/fit-in/360x360/Products/24092025_1758672062942_1758672070083_8713177008251_1.png",
    "available": true,
    "promoUntil": null
  },
  {
    "id": "340184BLK",
    "title": "Gourmet Nature's Creations Kattenvoer nat met Rund",
    "category": "Huishouden en dieren",
    "price": 1.12,
    "promoPrice": null,
    "pricePerUnit": "13.18 kg",
    "image": "https://www.jumbo.com/dam-images/fit-in/360x360/Products/08072025_1751940524188_1751940605889_340184_BLK_07613038042534_C1N1_s03.png",
    "available": true,
    "promoUntil": null
  },
  {
    "id": "621670ZK",
    "title": "Dettol Doekjes Citrus 30 Stuks",
    "category": "Huishouden en dieren",
    "price": 2.49,
    "promoPrice": null,
    "pricePerUnit": "0.08 pieces",
    "image": "https://www.jumbo.com/dam-images/fit-in/360x360/Products/27032024_1711546017626_1711546020695_621670_ZK_08710552313283_A1N1.png",
    "available": true,
    "promoUntil": null
  },
  {
    "id": "670768STK",
    "title": "HEMA Cadeautasjes S 6x",
    "category": "Non-food en servicebalie",
    "price": 2.19,
    "promoPrice": null,
    "pricePerUnit": "0.37 pieces",
    "image": "https://www.jumbo.com/dam-images/fit-in/360x360/Products/08042025_1744079792220_1744079795446_670768_STK_08718537872954_C1N1.png",
    "available": true,
    "promoUntil": null
  },
  {
    "id": "679897ZK",
    "title": "HEMA Folie Ballon Nummer 6 30 cm",
    "category": "Non-food en servicebalie",
    "price": 0.99,
    "promoPrice": null,
    "pricePerUnit": "0.99 pieces",
    "image": "https://www.jumbo.com/dam-images/fit-in/360x360/Products/09082023_1691587686888_1691587714032_8718537534265_1.png",
    "available": true,
    "promoUntil": null
  },
  {
    "id": "573574CUP",
    "title": "Jumbo Kruidige Kip Salade 150 g",
    "category": "Vleeswaren, kaas en tapas",
    "price": 2.35,
    "promoPrice": null,
    "pricePerUnit": "15.67 kg",
    "image": "https://www.jumbo.com/dam-images/fit-in/360x360/Products/18092025_1758195289046_1758195296116_8718452953493_1.png",
    "available": true,
    "promoUntil": null
  },
  {
    "id": "577107ZK",
    "title": "Ella's Kitchen Peren, nectarine + guave 4+ bio 120 g",
    "category": "Drogisterij en baby",
    "price": 1.93,
    "promoPrice": null,
    "pricePerUnit": "16.08 kg",
    "image": "https://www.jumbo.com/dam-images/fit-in/360x360/Products/10082023_1691677236486_1691677238615_5060503501799_1.png",
    "available": true,
    "promoUntil": null
  },
  {
    "id": "673755ZK",
    "title": "Jumbo Borrelzoutjes Crackers Sesam 135 g",
    "category": "Koek, snoep, chocolade en chips",
    "price": 2.59,
    "promoPrice": null,
    "pricePerUnit": "19.19 kg",
    "image": "https://www.jumbo.com/dam-images/fit-in/360x360/Products/22032025_1742611060423_1742611078307_673755_ZK_08718452879540_C1N1.png",
    "available": true,
    "promoUntil": null
  },
  {
    "id": "713208DS",
    "title": "Gourmel Perle Mini Filets in Saus met Eend, Lam, Tonijn, Kalkoen 40 x 85g",
    "category": "Huishouden en dieren",
    "price": 24.99,
    "promoPrice": null,
    "pricePerUnit": "7.35 kg",
    "image": "https://www.jumbo.com/dam-images/fit-in/360x360/Products/08082025_1754644622462_1754644661180_713208_DS_07613287427823_C1N1_s01.png",
    "available": true,
    "promoUntil": null
  },
  {
    "id": "602545BLK",
    "title": "Bavaria - Strong Blond - Blik - 500ML",
    "category": "Bier en wijn",
    "price": 1.65,
    "promoPrice": null,
    "pricePerUnit": "3.3 l",
    "image": "https://www.jumbo.com/dam-images/fit-in/360x360/Products/15032024_1710473277815_1710473280727_602545_BLK_08714800049474_C1N1.png",
    "available": true,
    "promoUntil": null
  },
  {
    "id": "711214STK",
    "title": "Jumbo Paté met Eend 4 x 400 g",
    "category": "Huishouden en dieren",
    "price": 3.4,
    "promoPrice": null,
    "pricePerUnit": "None None",
    "image": "https://www.jumbo.com/dam-images/fit-in/360x360/Products/20259424bc516401-eddf-459d-ae5b-76c86592b760-1753710642522.png",
    "available": true,
    "promoUntil": null
  },
  {
    "id": "510305ZK",
    "title": "Jumbo Opperdoezer Aardappelen 1KG",
    "category": "Aardappelen, groente en fruit",
    "price": 1.99,
    "promoPrice": null,
    "pricePerUnit": "1.99 kg",
    "image": "https://www.jumbo.com/dam-images/fit-in/360x360/Products/10082023_1691677525130_1691677533027_8718452644544_1.png",
    "available": true,
    "promoUntil": null
  },
  {
    "id": "620742CUP",
    "title": "Jumbo Truffel Mayo 130 g",
    "category": "Vleeswaren, kaas en tapas",
    "price": 2.29,
    "promoPrice": null,
    "pricePerUnit": "17.62 kg",
    "image": "https://www.jumbo.com/dam-images/fit-in/360x360/Products/12122024_1734014725931_1734014734347_8718452748112_1.png",
    "available": true,
    "promoUntil": null
  },
  {
    "id": "383771ZK",
    "title": "Jumbo Volledig Diervoeder Kitten Kip & Rijst 800 g",
    "category": "Huishouden en dieren",
    "price": 4.99,
    "promoPrice": null,
    "pricePerUnit": "6.24 kg",
    "image": "https://www.jumbo.com/dam-images/fit-in/360x360/Products/09082023_1691587558480_1691587568322_8718452476732_1.png",
    "available": true,
    "promoUntil": null
  },
  {
    "id": "498045PAK",
    "title": " Jumbo - Desem Baguette - Meergranen - 250g",
    "category": "Brood en gebak",
    "price": 1.87,
    "promoPrice": null,
    "pricePerUnit": "7.48 kg",
    "image": "https://www.jumbo.com/dam-images/fit-in/360x360/Products/01052025_1746091946731_1746091951187_8718452649778_1.png",
    "available": true,
    "promoUntil": null
  },
  {
    "id": "679829ZK",
    "title": "HEMA Folie Ballon 2 30cm",
    "category": "Non-food en servicebalie",
    "price": 0.99,
    "promoPrice": null,
    "pricePerUnit": "0.99 pieces",
    "image": "https://www.jumbo.com/dam-images/fit-in/360x360/Products/09082023_1691587395894_1691587425351_8718537534227_1.png",
    "available": true,
    "promoUntil": null
  },
  {
    "id": "391717CUP",
    "title": "Jumbo Indiase Stijl Boemboe Dahl 95 g",
    "category": "Wereldkeukens, kruiden, pasta en rijst",
    "price": 1.39,
    "promoPrice": null,
    "pricePerUnit": "14.63 kg",
    "image": "https://www.jumbo.com/dam-images/fit-in/360x360/Products/29012025_1738168390029_1738168408237_8718452515059_596.png",
    "available": true,
    "promoUntil": null
  },
  {
    "id": "709467STK",
    "title": "Catsan Smart Pack - Kattenbakvulling - 8 L",
    "category": "Huishouden en dieren",
    "price": 12.37,
    "promoPrice": null,
    "pricePerUnit": "1.55 l",
    "image": "https://www.jumbo.com/dam-images/fit-in/360x360/Products/11072025_1752258784944_1752258789677_4008429037849_1.png",
    "available": true,
    "promoUntil": null
  },
  {
    "id": "692307BLK",
    "title": "Cazadores Paloma 250ML",
    "category": "Bier en wijn",
    "price": 2.49,
    "promoPrice": null,
    "pricePerUnit": "9.96 l",
    "image": "https://www.jumbo.com/dam-images/fit-in/360x360/Products/09042025_1744196325807_1744196328141_692307_BLK_07640175660888_C1N1.png",
    "available": true,
    "promoUntil": null
  },
  {
    "id": "679069STK",
    "title": "50 Foods Zeebrugse Vissoep 650ML",
    "category": "Verse maaltijden en gemak",
    "price": 5.69,
    "promoPrice": null,
    "pricePerUnit": "8.75 kg",
    "image": "https://www.jumbo.com/dam-images/fit-in/360x360/Products/14022025_1739539886462_1739539893625_5414268143075_1.png",
    "available": true,
    "promoUntil": null
  },
  {
    "id": "688276ZK",
    "title": "Amoy Sweet & Sour Stir Fry Sauce 120 g",
    "category": "Wereldkeukens, kruiden, pasta en rijst",
    "price": 1.99,
    "promoPrice": null,
    "pricePerUnit": "16.58 kg",
    "image": "https://www.jumbo.com/dam-images/fit-in/360x360/Products/25032025_1742892443811_1742892448278_688276_ZK_05000111046893_C1N1.png",
    "available": true,
    "promoUntil": null
  },
  {
    "id": "688091STK",
    "title": "Choco Lolly 8 Stuks",
    "category": "Koek, snoep, chocolade en chips",
    "price": 2.29,
    "promoPrice": null,
    "pricePerUnit": "19.08 kg",
    "image": "https://www.jumbo.com/dam-images/fit-in/360x360/Products/19082025_1755617598463_1755617606515_4002996009087_1.png",
    "available": true,
    "promoUntil": null
  },
  {
    "id": "558534ZK",
    "title": "Chio Popchips Sour Cream & Onion 70 g",
    "category": "Koek, snoep, chocolade en chips",
    "price": 1.99,
    "promoPrice": null,
    "pricePerUnit": "28.43 kg",
    "image": "https://www.jumbo.com/dam-images/fit-in/360x360/Products/26112024_1732627958454_1732627966166_9000159161677_1.png",
    "available": true,
    "promoUntil": null
  },
  {
    "id": "669743FLS",
    "title": "Fuze Tea Infused Peach-Elderflower with Black Tea No Sugar 400 ml ",
    "category": "Frisdrank en sappen",
    "price": 1.45,
    "promoPrice": null,
    "pricePerUnit": "3.63 l",
    "image": "https://www.jumbo.com/dam-images/fit-in/360x360/Products/11022025_1739245706782_1739245715910_669743_FLS_05000112682038_H1N1.png",
    "available": true,
    "promoUntil": null
  },
  {
    "id": "667771FLS",
    "title": "Fentimans Classic Ginger Beer 750ML",
    "category": "Frisdrank en sappen",
    "price": 3.99,
    "promoPrice": null,
    "pricePerUnit": "5.32 l",
    "image": "https://www.jumbo.com/dam-images/fit-in/360x360/Products/05122024_1733398882264_1733398885591_667771_FLS_05029396738811_C1N1.png",
    "available": true,
    "promoUntil": null
  },
  {
    "id": "648708BAK",
    "title": "Jumbo Cantharellen 100 g",
    "category": "Aardappelen, groente en fruit",
    "price": 2.99,
    "promoPrice": null,
    "pricePerUnit": "29.9 kg",
    "image": "https://www.jumbo.com/dam-images/fit-in/360x360/Products/12122024_1734014885960_1734014892341_8718452833245_1.png",
    "available": true,
    "promoUntil": null
  },
  {
    "id": "696033ZK",
    "title": "Jumbo Chili Smaak Borrelnoten 200 g",
    "category": "Koek, snoep, chocolade en chips",
    "price": 1.99,
    "promoPrice": null,
    "pricePerUnit": "9.95 kg",
    "image": "https://www.jumbo.com/dam-images/fit-in/360x360/Products/30052025_1748619190020_1748619216050_8718452916207_596.png",
    "available": true,
    "promoUntil": null
  },
  {
    "id": "560255PKL",
    "title": "Felix Soup Farm Selectie met Rund, Kip en Lam Kattensoep 8 x 6 x 48g",
    "category": "Huishouden en dieren",
    "price": 22.48,
    "promoPrice": null,
    "pricePerUnit": "9.76 kg",
    "image": "https://www.jumbo.com/dam-images/fit-in/360x360/Products/560255PKL-1692283083910.png",
    "available": true,
    "promoUntil": null
  },
  {
    "id": "616921FLS",
    "title": "Dove Body Love Bodylotion Essential Care 250 ml",
    "category": "Drogisterij en baby",
    "price": 6.79,
    "promoPrice": null,
    "pricePerUnit": "27.16 l",
    "image": "https://www.jumbo.com/dam-images/fit-in/360x360/Products/04042025_1743736864043_1743736886438_616921_FLS_08711600456877_H1N1.png",
    "available": true,
    "promoUntil": null
  },
  {
    "id": "37277DSL",
    "title": "Grand Sud – Merlot 4 x 3 L",
    "category": "Bier en wijn",
    "price": 29.94,
    "promoPrice": null,
    "pricePerUnit": "6.65 l",
    "image": "https://www.jumbo.com/dam-images/fit-in/360x360/Products/37277DSL-1692282205077.png",
    "available": true,
    "promoUntil": null
  },
  {
    "id": "374147BAK",
    "title": "Jumbo Oude Kaas Salade met Mosterd 150 g",
    "category": "Vleeswaren, kaas en tapas",
    "price": 2.35,
    "promoPrice": null,
    "pricePerUnit": "15.67 kg",
    "image": "https://www.jumbo.com/dam-images/fit-in/360x360/Products/18062025_1750257312578_1750257321425_8718452844548_1.png",
    "available": true,
    "promoUntil": null
  },
  {
    "id": "171838STK",
    "title": "Iberogast vloeistof bij maagklachten, misselijkheid of darmkrampen, 20ml",
    "category": "Drogisterij en baby",
    "price": 9.59,
    "promoPrice": null,
    "pricePerUnit": "479.5 l",
    "image": "https://www.jumbo.com/dam-images/fit-in/360x360/Products/24092025_1758672133987_1758672137942_8713091028809_1.png",
    "available": true,
    "promoUntil": null
  },
  {
    "id": "531745FLS",
    "title": "Jumbo Verse Smoothie Yoghurt, Peer, Aardbei & Avocado 500ML",
    "category": "Aardappelen, groente en fruit",
    "price": 2.59,
    "promoPrice": null,
    "pricePerUnit": "5.18 l",
    "image": "https://www.jumbo.com/dam-images/fit-in/360x360/Products/18062025_1750260788857_1750260792225_8718452863723_1.png",
    "available": true,
    "promoUntil": null
  },
  {
    "id": "404631BUS",
    "title": "Axe Deodorant Bodyspray Wild Mojito & Cedarwood 150 ml",
    "category": "Drogisterij en baby",
    "price": 7.49,
    "promoPrice": null,
    "pricePerUnit": "49.93 l",
    "image": "https://www.jumbo.com/dam-images/fit-in/360x360/Products/23092025_1758599804838_1758599836083_404631_BUS_08720181027680_H1N1.png",
    "available": true,
    "promoUntil": null
  },
  {
    "id": "641862DS",
    "title": "Bronchostop Max 8in1 hoestdrank 120ml",
    "category": "Drogisterij en baby",
    "price": 16.99,
    "promoPrice": null,
    "pricePerUnit": "141.58 l",
    "image": "https://www.jumbo.com/dam-images/fit-in/360x360/Products/22082025_1755820879068_1755820883814_8710537044539_1.png",
    "available": true,
    "promoUntil": null
  },
  {
    "id": "496474STK",
    "title": "Canesten Foot crème tube 20g 10 mg/g",
    "category": "Drogisterij en baby",
    "price": 9.99,
    "promoPrice": null,
    "pricePerUnit": "0.5 pieces",
    "image": "https://www.jumbo.com/dam-images/fit-in/360x360/Products/22082025_1755820897083_1755820901382_8713091111198_1.png",
    "available": true,
    "promoUntil": null
  },
  {
    "id": "714811FLS",
    "title": "Durex Play Crazy Cherry Gel 100ML",
    "category": "Drogisterij en baby",
    "price": 12.49,
    "promoPrice": null,
    "pricePerUnit": "124.9 l",
    "image": "https://www.jumbo.com/dam-images/fit-in/360x360/Products/20082025_1755679820490_1755679823069_714811_FLS_03059948003687_C1N1.png",
    "available": true,
    "promoUntil": null
  },
  {
    "id": "679510DS",
    "title": "Gig Hard Lemonade 4x330ML",
    "category": "Bier en wijn",
    "price": 7.49,
    "promoPrice": null,
    "pricePerUnit": "5.67 l",
    "image": "https://www.jumbo.com/dam-images/fit-in/360x360/Products/GIGHardLemonade8781c920-ffc7-4e7c-b04d-4a4bd6dd387d-1749636149679.png",
    "available": true,
    "promoUntil": null
  },
  {
    "id": "446398PAK",
    "title": "Itsu Brilliant Broth Ramen",
    "category": "Wereldkeukens, kruiden, pasta en rijst",
    "price": 3.65,
    "promoPrice": null,
    "pricePerUnit": "7.3 l",
    "image": "https://www.jumbo.com/dam-images/fit-in/360x360/Products/30112023_1701312827866_1701312833607_446398_PAK_05060262487341_C1N1.png",
    "available": true,
    "promoUntil": null
  },
  {
    "id": "620378STK",
    "title": "Jumbo Biologisch Groenten, Couscous & Kip Babyvoeding 18+ Maanden 250 g",
    "category": "Drogisterij en baby",
    "price": 1.46,
    "promoPrice": null,
    "pricePerUnit": "5.84 kg",
    "image": "https://www.jumbo.com/dam-images/fit-in/360x360/Products/03062024_1717432515223_1717432521586_8718452803958_1.png",
    "available": true,
    "promoUntil": null
  },
  {
    "id": "224785BLK",
    "title": "Jumbo Biologisch Light Kokosmelk 400ML",
    "category": "Wereldkeukens, kruiden, pasta en rijst",
    "price": 1.8,
    "promoPrice": null,
    "pricePerUnit": "4.5 kg",
    "image": "https://www.jumbo.com/dam-images/fit-in/360x360/Products/07112023_1699382047056_1699382060186_8718452558643_1.png",
    "available": true,
    "promoUntil": null
  },
  {
    "id": "629627BLK",
    "title": "Jumbo Cola Regular 330 ml",
    "category": "Frisdrank en sappen",
    "price": 0.39,
    "promoPrice": null,
    "pricePerUnit": "1.18 l",
    "image": "https://www.jumbo.com/dam-images/fit-in/360x360/Products/24092024_1727192005453_1727192011521_8718452829446_1.png",
    "available": true,
    "promoUntil": null
  },
  {
    "id": "61686PAK",
    "title": "Jumbo Maandverband Zakjes 40 Stuks",
    "category": "Drogisterij en baby",
    "price": 0.69,
    "promoPrice": null,
    "pricePerUnit": "0.02 pieces",
    "image": "https://www.jumbo.com/dam-images/fit-in/360x360/Products/18092023_1695026072129_1695026091880_8711715806840_1.png",
    "available": true,
    "promoUntil": null
  },
  {
    "id": "451704BLS",
    "title": "Aquafresh Flex Interdental Medium dagelijkse Tandenborstel 2+1 gratis in 100% plasticvrije verpakking",
    "category": "Drogisterij en baby",
    "price": 4.29,
    "promoPrice": null,
    "pricePerUnit": "1.43 pieces",
    "image": "https://www.jumbo.com/dam-images/fit-in/360x360/Products/12122023_1702349681394_1702349684625_451704_BLS_05054563926296_C1N1.png",
    "available": true,
    "promoUntil": null
  },
  {
    "id": "491039FLS",
    "title": "De Druivelaere Druivensap 750ml",
    "category": "Frisdrank en sappen",
    "price": 3.19,
    "promoPrice": null,
    "pricePerUnit": "4.25 l",
    "image": "https://www.jumbo.com/dam-images/fit-in/360x360/Products/16072025_1752633479201_1752633488768_491039_FLS_08714242870438_C1N1.png",
    "available": true,
    "promoUntil": null
  },
  {
    "id": "213215STK",
    "title": "Haribo Tangfastics 250 g",
    "category": "Koek, snoep, chocolade en chips",
    "price": 1.97,
    "promoPrice": null,
    "pricePerUnit": "7.88 kg",
    "image": "https://www.jumbo.com/dam-images/fit-in/360x360/Products/30082025_1756518873780_1756518893451_213215_STK_05012035924034_H1N1.png",
    "available": true,
    "promoUntil": null
  },
  {
    "id": "646901ZK",
    "title": "BioToday Hummus Chips Indiase Curry 75 g",
    "category": "Koek, snoep, chocolade en chips",
    "price": 2.86,
    "promoPrice": null,
    "pricePerUnit": "38.13 kg",
    "image": "https://www.jumbo.com/dam-images/fit-in/360x360/Products/07062025_1749259612236_1749259619139_646901_ZK_08719153047795_C1N1.png",
    "available": true,
    "promoUntil": null
  },
  {
    "id": "517365DS",
    "title": "Ferrero Rocher Hazelnoot Puur 55% 90 g",
    "category": "Koek, snoep, chocolade en chips",
    "price": 2.76,
    "promoPrice": null,
    "pricePerUnit": "30.67 kg",
    "image": "https://www.jumbo.com/dam-images/fit-in/360x360/Products/13092025_1757729983683_1757729985221_517365_DS_08000500359815_C1N1_XBE115070.png",
    "available": true,
    "promoUntil": null
  },
  {
    "id": "695321STK",
    "title": "HEMA Lint Plastic Meerkleurig 4 Stuks",
    "category": "Non-food en servicebalie",
    "price": 1.39,
    "promoPrice": null,
    "pricePerUnit": "0.35 pieces",
    "image": "https://www.jumbo.com/dam-images/fit-in/360x360/Products/25042025_1745562569094_1745562572812_695321_STK_08718537872770_C1N1.png",
    "available": true,
    "promoUntil": null
  },
  {
    "id": "197143STK",
    "title": "AXE 3-in-1 Douchegel Black 400 ml",
    "category": "Drogisterij en baby",
    "price": 7.79,
    "promoPrice": null,
    "pricePerUnit": "19.48 l",
    "image": "https://www.jumbo.com/dam-images/fit-in/360x360/Products/14032025_1741928221512_1741928273895_197143_STK_08710447284117_H1N1.png",
    "available": false,
    "promoUntil": null
  },
  {
    "id": "686011BAK",
    "title": "Jumbo Maaltijdsalade Falafel 450 g",
    "category": "Verse maaltijden en gemak",
    "price": 4.5,
    "promoPrice": null,
    "pricePerUnit": "10.0 kg",
    "image": "https://www.jumbo.com/dam-images/fit-in/360x360/Products/22042025_1745310767484_1745310776315_8718452883752_1.png",
    "available": true,
    "promoUntil": null
  },
  {
    "id": "190570PAK",
    "title": "Jumbo Rijk aan Zalm Zachte Visjes 35 g",
    "category": "Huishouden en dieren",
    "price": 1.19,
    "promoPrice": null,
    "pricePerUnit": "34.0 kg",
    "image": "https://www.jumbo.com/dam-images/fit-in/360x360/Products/26042024_1714145594295_1714145641347_8718452549481_596.png",
    "available": true,
    "promoUntil": null
  },
  {
    "id": "703889DS",
    "title": "Curalyn Nicotine Kauwgom 2mg 24 Stuks",
    "category": "Drogisterij en baby",
    "price": 7.99,
    "promoPrice": null,
    "pricePerUnit": "0.33 pieces",
    "image": "https://www.jumbo.com/dam-images/fit-in/360x360/Products/15082025_1755226197151_1755226200447_703889_DS_08712113661956_C1N1_s01.png",
    "available": true,
    "promoUntil": null
  },
  {
    "id": "683236BLK",
    "title": "Dr Pepper Vanilla Float 33 cl",
    "category": "Frisdrank en sappen",
    "price": 0.99,
    "promoPrice": null,
    "pricePerUnit": "3.0 l",
    "image": "https://www.jumbo.com/dam-images/fit-in/360x360/Products/04082025_1754292813487_1754292817900_8435185981646_1.png",
    "available": true,
    "promoUntil": null
  },
  {
    "id": "214365POT",
    "title": "Euroma Laurier 9 g",
    "category": "Wereldkeukens, kruiden, pasta en rijst",
    "price": 3.16,
    "promoPrice": null,
    "pricePerUnit": "351.11 kg",
    "image": "https://www.jumbo.com/dam-images/fit-in/360x360/Products/12122023_1702346555896_1702346562032_214365_POT_08717600197192_C1N1.png",
    "available": true,
    "promoUntil": null
  },
  {
    "id": "633344STK",
    "title": "Jumbo Biologisch Babyvoeding Tomaat, Pasta & Mozzarella 8+ Maanden 220 g",
    "category": "Drogisterij en baby",
    "price": 1.18,
    "promoPrice": null,
    "pricePerUnit": "5.36 kg",
    "image": "https://www.jumbo.com/dam-images/fit-in/360x360/Products/26082024_1724675597933_1724675604245_8718452803804_1.png",
    "available": true,
    "promoUntil": null
  },
  {
    "id": "580737PAK",
    "title": "Jumbo Sponsdoekjes 5 Stuks",
    "category": "Huishouden en dieren",
    "price": 1.39,
    "promoPrice": null,
    "pricePerUnit": "0.28 pieces",
    "image": "https://www.jumbo.com/dam-images/fit-in/360x360/Products/14052025_1747215232136_1747215239988_8718452699575_1.png",
    "available": true,
    "promoUntil": null
  },
  {
    "id": "74245STK",
    "title": "Atrosan spier- en gewrichtsgel (100 ml)",
    "category": "Drogisterij en baby",
    "price": 13.29,
    "promoPrice": null,
    "pricePerUnit": "132.9 l",
    "image": "https://www.jumbo.com/dam-images/fit-in/360x360/Products/24092025_1758672133324_1758672136771_8711596165432_1.png",
    "available": true,
    "promoUntil": null
  },
  {
    "id": "584979STK",
    "title": "Colgate Max White Tandpasta Micro Kristallen 75 ml",
    "category": "Drogisterij en baby",
    "price": 6.99,
    "promoPrice": null,
    "pricePerUnit": "31.07 l",
    "image": "https://www.jumbo.com/dam-images/fit-in/360x360/Products/29032024_1711679974192_1711679977854_584979_STK_08718951582026_C1N1.png",
    "available": true,
    "promoUntil": null
  },
  {
    "id": "636442FLS",
    "title": "Dove Caring Bath Badcrème Indulging Cream 450 ml",
    "category": "Drogisterij en baby",
    "price": 5.99,
    "promoPrice": null,
    "pricePerUnit": "13.31 l",
    "image": "https://www.jumbo.com/dam-images/fit-in/360x360/Products/26052025_1748225099249_1748225112251_636442_FLS_08720181494307_H1N1.png",
    "available": true,
    "promoUntil": null
  },
  {
    "id": "695263ZK",
    "title": "Amoy Thread Fine Noodles 2 x 150 g",
    "category": "Wereldkeukens, kruiden, pasta en rijst",
    "price": 2.96,
    "promoPrice": null,
    "pricePerUnit": "19.73 kg",
    "image": "https://www.jumbo.com/dam-images/fit-in/360x360/Products/05082025_1754356160192_1754356166901_695263_ZK_05010928391505_C1N1.png",
    "available": true,
    "promoUntil": null
  },
  {
    "id": "382829FLS",
    "title": "Appelsientje Mango-Sinaasappel Vers Geperst 1L",
    "category": "Frisdrank en sappen",
    "price": 3.49,
    "promoPrice": null,
    "pricePerUnit": "3.49 l",
    "image": "https://www.jumbo.com/dam-images/fit-in/360x360/Products/19062025_1750332792576_1750332796335_8720157463238_1.png",
    "available": true,
    "promoUntil": null
  },
  {
    "id": "707926FLS",
    "title": "Club-Mate 330ML",
    "category": "Frisdrank en sappen",
    "price": 1.59,
    "promoPrice": null,
    "pricePerUnit": "4.82 l",
    "image": "https://www.jumbo.com/dam-images/fit-in/360x360/Products/02072025_1751463135884_1751463140587_707926_FLS_04029764001821_C1N1.png",
    "available": true,
    "promoUntil": null
  },
  {
    "id": "613324ZK",
    "title": "Croky Patatas Fritas Snack Ketchup 100g",
    "category": "Koek, snoep, chocolade en chips",
    "price": 1.79,
    "promoPrice": null,
    "pricePerUnit": "17.9 kg",
    "image": "https://www.jumbo.com/dam-images/fit-in/360x360/Products/12092025_1757684030693_1757684045231_5414359981531_596.png",
    "available": true,
    "promoUntil": null
  },
  {
    "id": "569097ZK",
    "title": "Fruittella Mix of Mini's Vegan Uitdeelzak 50 stuks",
    "category": "Koek, snoep, chocolade en chips",
    "price": 4.69,
    "promoPrice": null,
    "pricePerUnit": "11.44 kg",
    "image": "https://www.jumbo.com/dam-images/fit-in/360x360/Products/23102024_1729652210203_1729652239197_569097_ZK_08723400798798_H1N1.png",
    "available": true,
    "promoUntil": null
  },
  {
    "id": "620377STK",
    "title": "Jumbo Babyvoeding Biologisch Risotto met Spinazie & Kaas 12+ Maanden 250 g",
    "category": "Drogisterij en baby",
    "price": 1.49,
    "promoPrice": null,
    "pricePerUnit": "5.96 kg",
    "image": "https://www.jumbo.com/dam-images/fit-in/360x360/Products/24052024_1716546853566_1716546859440_8718452803859_1.png",
    "available": true,
    "promoUntil": null
  },
  {
    "id": "419432PAK",
    "title": "FELIX® Sensations Sauces Countryside Selectie Kattenvoer 12x85g",
    "category": "Huishouden en dieren",
    "price": 6.69,
    "promoPrice": null,
    "pricePerUnit": "6.56 kg",
    "image": "https://www.jumbo.com/dam-images/fit-in/360x360/Products/23092025_1758592868094_1758592933102_419432_PAK_07613039851036_C1N1_s02.png",
    "available": true,
    "promoUntil": null
  },
  {
    "id": "226038STK",
    "title": "Ciao Italia Scrocchi con Olive 150g",
    "category": "Koek, snoep, chocolade en chips",
    "price": 1.62,
    "promoPrice": null,
    "pricePerUnit": "10.8 kg",
    "image": "https://www.jumbo.com/dam-images/fit-in/360x360/Products/02112024_1730515534861_1730515549340_226038_STK_08712247228360_C1N1.png",
    "available": true,
    "promoUntil": null
  },
  {
    "id": "703756BLK",
    "title": "Crew Republic Jackpot Hazy IPA 330ML",
    "category": "Bier en wijn",
    "price": 1.85,
    "promoPrice": null,
    "pricePerUnit": "5.61 l",
    "image": "https://www.jumbo.com/dam-images/fit-in/360x360/Products/10062025_1749551619589_1749551624100_703756_BLK_00000042448679_C1N1.png",
    "available": true,
    "promoUntil": null
  },
  {
    "id": "578041ZK",
    "title": "Jumbo Gezouten Pepitamix 300 g",
    "category": "Koek, snoep, chocolade en chips",
    "price": 3.99,
    "promoPrice": null,
    "pricePerUnit": "13.3 kg",
    "image": "https://www.jumbo.com/dam-images/fit-in/360x360/Products/14022024_1707873702061_1707873707908_8718452741397_1.png",
    "available": true,
    "promoUntil": null
  },
  {
    "id": "562156POT",
    "title": "Jumbo Kruidenmix Kip 70g",
    "category": "Wereldkeukens, kruiden, pasta en rijst",
    "price": 1.94,
    "promoPrice": null,
    "pricePerUnit": "27.71 kg",
    "image": "https://www.jumbo.com/dam-images/fit-in/360x360/Products/14022025_1739539174318_1739539188218_8718452721399_596.png",
    "available": true,
    "promoUntil": null
  },
  {
    "id": "597166DS",
    "title": "Jumbo Papieren Boterhamzakken 60 Stuks",
    "category": "Huishouden en dieren",
    "price": 2.29,
    "promoPrice": null,
    "pricePerUnit": "0.04 pieces",
    "image": "https://www.jumbo.com/dam-images/fit-in/360x360/Products/14022025_1739539721524_1739539737774_8718452770991_596.png",
    "available": true,
    "promoUntil": null
  },
  {
    "id": "550241ZK",
    "title": "Jumbo Pretzel Rotsjes Melkchocolade 120 g",
    "category": "Koek, snoep, chocolade en chips",
    "price": 2.59,
    "promoPrice": null,
    "pricePerUnit": "21.58 kg",
    "image": "https://www.jumbo.com/dam-images/fit-in/360x360/Products/09082023_1691593126764_1691593131924_8718452688791_1.png",
    "available": true,
    "promoUntil": null
  },
  {
    "id": "683084DS",
    "title": "Jumbo Salade Bowl Gerookte Kip 230 g",
    "category": "Verse maaltijden en gemak",
    "price": 3.99,
    "promoPrice": null,
    "pricePerUnit": "17.35 kg",
    "image": "https://www.jumbo.com/dam-images/fit-in/360x360/Products/19032025_1742402011300_1742402019872_8718452904013_1.png",
    "available": true,
    "promoUntil": null
  },
  {
    "id": "68903ZK",
    "title": "Jumbo Saks Leverworst Kleintjes 3 stuks a 35 g",
    "category": "Vleeswaren, kaas en tapas",
    "price": 1.49,
    "promoPrice": null,
    "pricePerUnit": "14.19 kg",
    "image": "https://www.jumbo.com/dam-images/fit-in/360x360/Products/29092023_1695995087056_1695995089599_8718452252893_1.png",
    "available": true,
    "promoUntil": null
  },
  {
    "id": "684432DS",
    "title": "Al'Fez Harissa Style Salad Bowl 150 g",
    "category": "Wereldkeukens, kruiden, pasta en rijst",
    "price": 3.16,
    "promoPrice": null,
    "pricePerUnit": "21.07 kg",
    "image": "https://www.jumbo.com/dam-images/fit-in/360x360/Products/23042025_1745417727960_1745417733151_684432_DS_05010338000325_C1N1.png",
    "available": true,
    "promoUntil": null
  },
  {
    "id": "698588DSL",
    "title": "Andrélon Shampoo Oil & Care - 6 x 250ml",
    "category": "Drogisterij en baby",
    "price": 38.94,
    "promoPrice": 27.25,
    "pricePerUnit": "25.96 l",
    "image": "https://www.jumbo.com/dam-images/fit-in/360x360/Products/561920DSL162cb5d38-b1a2-45b2-99be-3bbb22ccffaf-1702540054199.png",
    "available": true,
    "promoUntil": "di 7 okt"
  },
  {
    "id": "502495STK",
    "title": "Echinaforce tabletten, 200 stuks ",
    "category": "Drogisterij en baby",
    "price": 18.99,
    "promoPrice": null,
    "pricePerUnit": "0.09 pieces",
    "image": "https://www.jumbo.com/dam-images/fit-in/360x360/Products/24092025_1758672062570_1758672069235_8711596177077_1.png",
    "available": true,
    "promoUntil": null
  },
  {
    "id": "194772STK",
    "title": "Conimex Mix Babi Pangang 73 g",
    "category": "Wereldkeukens, kruiden, pasta en rijst",
    "price": 1.77,
    "promoPrice": null,
    "pricePerUnit": "24.25 kg",
    "image": "https://www.jumbo.com/dam-images/fit-in/360x360/Products/28032025_1743127499280_1743127525513_194772_STK_08714100795736_C1N1.png",
    "available": true,
    "promoUntil": null
  },
  {
    "id": "616668STK",
    "title": "Elmex Interdentale Ragers 0.7mm 8 Stuks",
    "category": "Drogisterij en baby",
    "price": 6.99,
    "promoPrice": null,
    "pricePerUnit": "0.87 pieces",
    "image": "https://www.jumbo.com/dam-images/fit-in/360x360/Products/29022024_1709192200919_1709192204672_616668_STK_08718951568341_C1N1.png",
    "available": true,
    "promoUntil": null
  },
  {
    "id": "646987DS",
    "title": "Elmex Tandpasta Sensitive Whitening 75 ML",
    "category": "Drogisterij en baby",
    "price": 6.29,
    "promoPrice": null,
    "pricePerUnit": "83.87 l",
    "image": "https://www.jumbo.com/dam-images/fit-in/360x360/Products/28022025_1740717544881_1740717548252_646987_DS_08718951651890_C1N1.png",
    "available": true,
    "promoUntil": null
  },
  {
    "id": "499261STK",
    "title": "Heineken - Pils + 0.0% Alcoholvrij - Krat en sixpack",
    "category": "Bier en wijn",
    "price": 26.11,
    "promoPrice": null,
    "pricePerUnit": "None None",
    "image": "https://www.jumbo.com/dam-images/fit-in/360x360/Products/499261_8710392717463_1_T1_499261STK1691074591594.png",
    "available": true,
    "promoUntil": null
  },
  {
    "id": "584844BLK",
    "title": "Hell Energy Drink Nova Cherry Beam 250 ml",
    "category": "Frisdrank en sappen",
    "price": 1.39,
    "promoPrice": null,
    "pricePerUnit": "5.56 l",
    "image": "https://www.jumbo.com/dam-images/fit-in/360x360/Products/12112024_1731373214178_1731373218123_8720938269080_1.png",
    "available": true,
    "promoUntil": null
  },
  {
    "id": "537142BLK",
    "title": "Bobby's Gin & Pink Lemonade Amplified Mixed Drink 250 ml",
    "category": "Bier en wijn",
    "price": 2.59,
    "promoPrice": null,
    "pricePerUnit": "10.36 l",
    "image": "https://www.jumbo.com/dam-images/fit-in/360x360/Products/08012025_1736346811149_1736346817507_8720844011377_1.png",
    "available": true,
    "promoUntil": null
  },
  {
    "id": "523774DS",
    "title": "Compeed blarenpleister mixpack, 6 stuks",
    "category": "Drogisterij en baby",
    "price": 8.99,
    "promoPrice": null,
    "pricePerUnit": "1.5 pieces",
    "image": "https://www.jumbo.com/dam-images/fit-in/360x360/Products/24092025_1758672092666_1758672100347_3663555004397_1.png",
    "available": true,
    "promoUntil": null
  },
  {
    "id": "538195DS",
    "title": "De Kleine Keuken Biologische Haverkoekjes met Wortel en Pompoen 12+ Maanden 40 Stuks 120 g",
    "category": "Drogisterij en baby",
    "price": 2.86,
    "promoPrice": null,
    "pricePerUnit": "23.83 kg",
    "image": "https://www.jumbo.com/dam-images/fit-in/360x360/Products/29072025_1753755376861_1753755383123_538195_DS_08718734493310_A1N1.png",
    "available": true,
    "promoUntil": null
  },
  {
    "id": "618913FLS",
    "title": "De Kuyper - Sex on the Beach Cocktail - Fruity & Sweet - 500ML",
    "category": "Bier en wijn",
    "price": 11.99,
    "promoPrice": null,
    "pricePerUnit": "23.98 l",
    "image": "https://www.jumbo.com/dam-images/fit-in/360x360/Products/06062024_1717666395153_1717666398434_8710625851858_1.png",
    "available": true,
    "promoUntil": null
  },
  {
    "id": "496483STK",
    "title": "Dr. Swaab Witte vaseline, 30 g",
    "category": "Drogisterij en baby",
    "price": 4.59,
    "promoPrice": null,
    "pricePerUnit": "153.0 kg",
    "image": "https://www.jumbo.com/dam-images/fit-in/360x360/Products/22082025_1755820924256_1755820927678_5000167038446_1.png",
    "available": true,
    "promoUntil": null
  },
  {
    "id": "686186PAK",
    "title": "CoolBest Protein Drink Strawberry 330ml",
    "category": "Frisdrank en sappen",
    "price": 1.99,
    "promoPrice": null,
    "pricePerUnit": "6.03 l",
    "image": "https://www.jumbo.com/dam-images/fit-in/360x360/Products/19052025_1747616918071_1747616934566_686186_PAK_08720157403357_C1N1.png",
    "available": true,
    "promoUntil": null
  },
  {
    "id": "622574DS",
    "title": "Fopspeen Natural 0-6 M Unisex",
    "category": "Drogisterij en baby",
    "price": 5.39,
    "promoPrice": null,
    "pricePerUnit": "5.39 pieces",
    "image": "https://www.jumbo.com/dam-images/fit-in/360x360/Products/27072024_1722049095431_1722049100023_622574_DS_08711736564248_C1N1.png",
    "available": true,
    "promoUntil": null
  },
  {
    "id": "688806STK",
    "title": "Fuerza Energy Drink Blueberry Flavour 4 x 250ml",
    "category": "Frisdrank en sappen",
    "price": 2.76,
    "promoPrice": null,
    "pricePerUnit": "None None",
    "image": "https://www.jumbo.com/dam-images/fit-in/360x360/Products/2025900669c4ef72-1fa1-4370-9254-8e74ca27422e-1743065344105.png",
    "available": true,
    "promoUntil": null
  },
  {
    "id": "650019ZK",
    "title": "GUM Easy Flossers 30 Stuks",
    "category": "Drogisterij en baby",
    "price": 4.49,
    "promoPrice": null,
    "pricePerUnit": "0.15 pieces",
    "image": "https://www.jumbo.com/dam-images/fit-in/360x360/Products/28022025_1740708753113_1740708765783_650019_ZK_07630019903783_C1N1.png",
    "available": true,
    "promoUntil": null
  },
  {
    "id": "686998FLS",
    "title": "Grand Sud - Merlot - Alcoholvrij 0% - 1L",
    "category": "Bier en wijn",
    "price": 5.99,
    "promoPrice": null,
    "pricePerUnit": "5.99 l",
    "image": "https://www.jumbo.com/dam-images/fit-in/360x360/Products/03062025_1748964789548_1748964792650_3263280125932_1.png",
    "available": true,
    "promoUntil": null
  },
  {
    "id": "678531STK",
    "title": "HEMA Bewaarbakje 0,34 L",
    "category": "Non-food en servicebalie",
    "price": 3.29,
    "promoPrice": null,
    "pricePerUnit": "3.29 pieces",
    "image": "https://www.jumbo.com/dam-images/fit-in/360x360/Products/30112023_1701312244964_1701312248239_546900_STK_08718161876731_C1N1.png",
    "available": true,
    "promoUntil": null
  },
  {
    "id": "169101STK",
    "title": "Jumbo Gevulde Kikkers & Muizen 208 g",
    "category": "Koek, snoep, chocolade en chips",
    "price": 1.79,
    "promoPrice": null,
    "pricePerUnit": "8.61 kg",
    "image": "https://www.jumbo.com/dam-images/fit-in/360x360/Products/169101_8718452378029_1_T1_169101STK1691319408742.png",
    "available": true,
    "promoUntil": null
  },
  {
    "id": "672232DS",
    "title": "Handgebrand Wasabi Ravioli Groen Hot 120 g",
    "category": "Vleeswaren, kaas en tapas",
    "price": 2.25,
    "promoPrice": null,
    "pricePerUnit": "18.75 kg",
    "image": "https://www.jumbo.com/dam-images/fit-in/360x360/Products/27022025_1740670388481_1740670396595_8720941908129_1.png",
    "available": true,
    "promoUntil": null
  },
  {
    "id": "635372CUP",
    "title": "Jumbo Kruidencrème 100 g",
    "category": "Vleeswaren, kaas en tapas",
    "price": 1.25,
    "promoPrice": null,
    "pricePerUnit": "12.5 kg",
    "image": "https://www.jumbo.com/dam-images/fit-in/360x360/Products/24102024_1729787647959_1729787655756_8718452811816_1.png",
    "available": true,
    "promoUntil": null
  },
  {
    "id": "582334CUP",
    "title": "Jumbo Pesto Vegan 100 g",
    "category": "Vleeswaren, kaas en tapas",
    "price": 2.09,
    "promoPrice": null,
    "pricePerUnit": "20.9 kg",
    "image": "https://www.jumbo.com/dam-images/fit-in/360x360/Products/21112023_1700580789405_1700580803526_8718452789412_1.png",
    "available": true,
    "promoUntil": null
  },
  {
    "id": "685874FLS",
    "title": "Jumbo Verse Smoothie Chia, Appel & Mango 500ML",
    "category": "Aardappelen, groente en fruit",
    "price": 2.59,
    "promoPrice": null,
    "pricePerUnit": "5.18 l",
    "image": "https://www.jumbo.com/dam-images/fit-in/360x360/Products/15042025_1744731177197_1744731181516_8718452895366_1.png",
    "available": true,
    "promoUntil": null
  },
  {
    "id": "572651ZK",
    "title": "Elephant Baked Squeezed Pretzels Sea Salt 180 g",
    "category": "Koek, snoep, chocolade en chips",
    "price": 2.47,
    "promoPrice": null,
    "pricePerUnit": "13.72 kg",
    "image": "https://www.jumbo.com/dam-images/fit-in/360x360/Products/12032025_1741749529903_1741749532739_572651_ZK_.png",
    "available": true,
    "promoUntil": null
  },
  {
    "id": "432253FLS",
    "title": "Fanta Cassis PET Fles 500 ml",
    "category": "Frisdrank en sappen",
    "price": 1.79,
    "promoPrice": null,
    "pricePerUnit": "3.58 l",
    "image": "https://www.jumbo.com/dam-images/fit-in/360x360/Products/12012024_1705025517253_1705025521557_432253_FLS_05000112647846_H1N1.png",
    "available": true,
    "promoUntil": null
  },
  {
    "id": "597549STK",
    "title": "Jumbo 4 x broodbeleg",
    "category": "Vleeswaren, kaas en tapas",
    "price": 11.9,
    "promoPrice": null,
    "pricePerUnit": "None None",
    "image": "https://www.jumbo.com/dam-images/fit-in/360x360/Products/597549STKd4858fee-4be0-45bd-8ccf-618bf153dbec-1699454049898.png",
    "available": true,
    "promoUntil": null
  },
  {
    "id": "620375STK",
    "title": "Jumbo Babyvoeding Biologisch Peer, Abrikoos & Perzik 12+ Maanden 220 g",
    "category": "Drogisterij en baby",
    "price": 1.59,
    "promoPrice": null,
    "pricePerUnit": "7.23 kg",
    "image": "https://www.jumbo.com/dam-images/fit-in/360x360/Products/15052024_1715790913181_1715790929159_8718452804047_1.png",
    "available": true,
    "promoUntil": null
  },
  {
    "id": "201562ZK",
    "title": "Jumbo Kruidnoten Karamelsmaak & Zeezout 250 g",
    "category": "Koek, snoep, chocolade en chips",
    "price": 2.99,
    "promoPrice": null,
    "pricePerUnit": "11.96 kg",
    "image": "https://www.jumbo.com/dam-images/fit-in/360x360/Products/12062025_1749742492707_1749742512246_8718452310661_596.png",
    "available": true,
    "promoUntil": null
  },
  {
    "id": "702924BLK",
    "title": "Gebrouwen Door Vrouwen Bloesem Bluf 0,5% 330ML",
    "category": "Bier en wijn",
    "price": 2.39,
    "promoPrice": null,
    "pricePerUnit": "7.24 l",
    "image": "https://www.jumbo.com/dam-images/fit-in/360x360/Products/04062025_1749025681710_1749025685046_702924_BLK_08719689872274_A1N1.png",
    "available": true,
    "promoUntil": null
  },
  {
    "id": "634731ZK",
    "title": "Bambix Knijpzakje Appel, Perzik, Banaan, Peer & Haver Bio 10M+ 100g",
    "category": "Drogisterij en baby",
    "price": 1.45,
    "promoPrice": null,
    "pricePerUnit": "14.5 kg",
    "image": "https://www.jumbo.com/dam-images/fit-in/360x360/Products/12062024_1718204098833_1718204101967_634731_ZK_05410441002108_C1N1.png",
    "available": true,
    "promoUntil": null
  },
  {
    "id": "206620STK",
    "title": "Jumbo Super Tampons 32 Stuks",
    "category": "Drogisterij en baby",
    "price": 1.45,
    "promoPrice": null,
    "pricePerUnit": "0.05 pieces",
    "image": "https://www.jumbo.com/dam-images/fit-in/360x360/Products/09082023_1691585000713_1691585015885_8718452302765_1.png",
    "available": true,
    "promoUntil": null
  },
  {
    "id": "573220POT",
    "title": "Jumbo Tapenade Zongedroogde Tomaten 140 g",
    "category": "Vleeswaren, kaas en tapas",
    "price": 2.29,
    "promoPrice": null,
    "pricePerUnit": "16.36 kg",
    "image": "https://www.jumbo.com/dam-images/fit-in/360x360/Products/18022025_1739896392521_1739896403596_8718452727612_1.png",
    "available": true,
    "promoUntil": null
  },
  {
    "id": "677637DS",
    "title": "Club 11 - Sambuca Shots - StukTV - 11 x 20ML",
    "category": "Bier en wijn",
    "price": 11.11,
    "promoPrice": null,
    "pricePerUnit": "50.5 l",
    "image": "https://www.jumbo.com/dam-images/fit-in/360x360/Products/TUFFCLUB11BoxbottlemockupEDITdf87b2b0-1315-42d2-96fd-e455f1ecad57-1739794383244.png",
    "available": true,
    "promoUntil": null
  },
  {
    "id": "562374FLS",
    "title": "Gouden Carolus - Whisky Infused - Fles - 330ML",
    "category": "Bier en wijn",
    "price": 2.99,
    "promoPrice": null,
    "pricePerUnit": "9.06 l",
    "image": "https://www.jumbo.com/dam-images/fit-in/360x360/Products/09082023_1691587310122_1691587321395_5425006243032_1.png",
    "available": true,
    "promoUntil": null
  },
  {
    "id": "576520STK",
    "title": "Jack Daniel's - Coca-Cola - 6 x 330ML",
    "category": "Bier en wijn",
    "price": 17.94,
    "promoPrice": null,
    "pricePerUnit": "None None",
    "image": "https://www.jumbo.com/dam-images/fit-in/360x360/Products/576520_20223038_1_T1_576520STK1691076493122.png",
    "available": true,
    "promoUntil": null
  },
  {
    "id": "668900FLS",
    "title": "Brouwerij 't IJ - Zatte Tripel - Fles - 330ML",
    "category": "Bier en wijn",
    "price": 2.75,
    "promoPrice": null,
    "pricePerUnit": "8.33 l",
    "image": "https://www.jumbo.com/dam-images/fit-in/360x360/Products/11122024_1733923468474_1733923472815_668900_FLS_08717545263723_C1N1.png",
    "available": true,
    "promoUntil": null
  },
  {
    "id": "687712ZK",
    "title": "Chio Oven Chips Sea Salt Flavour 125 g",
    "category": "Koek, snoep, chocolade en chips",
    "price": 1.99,
    "promoPrice": null,
    "pricePerUnit": "15.92 kg",
    "image": "https://www.jumbo.com/dam-images/fit-in/360x360/Products/28052025_1748396901857_1748396929993_687712_ZK_08710532475031_H1N1_R.png",
    "available": true,
    "promoUntil": null
  },
  {
    "id": "577099STK",
    "title": "Ella's Kitchen Peren, doperwten + broccoli 4+ biologisch 120 g",
    "category": "Drogisterij en baby",
    "price": 1.93,
    "promoPrice": null,
    "pricePerUnit": "16.08 kg",
    "image": "https://www.jumbo.com/dam-images/fit-in/360x360/Products/14022025_1739539693560_1739539696420_5060503500723_1.png",
    "available": true,
    "promoUntil": null
  },
  {
    "id": "620371STK",
    "title": "Jumbo Babyvoeding Biologisch Ratatouille met Rijst 8+ Maanden 220 g",
    "category": "Drogisterij en baby",
    "price": 1.09,
    "promoPrice": null,
    "pricePerUnit": "4.95 kg",
    "image": "https://www.jumbo.com/dam-images/fit-in/360x360/Products/24052024_1716546853521_1716546861676_8718452803811_1.png",
    "available": true,
    "promoUntil": null
  },
  {
    "id": "559134FLS",
    "title": "Andrélon Pro Nature Shampoo Bamboo Volume Boost 400 ml",
    "category": "Drogisterij en baby",
    "price": 8.99,
    "promoPrice": null,
    "pricePerUnit": "22.48 l",
    "image": "https://www.jumbo.com/dam-images/fit-in/360x360/Products/20092025_1758337089744_1758337115813_559134_FLS_08720182568144_C1N1.png",
    "available": true,
    "promoUntil": null
  },
  {
    "id": "405159POT",
    "title": "Carbonell Knoflookteentjes 100 g",
    "category": "Aardappelen, groente en fruit",
    "price": 1.77,
    "promoPrice": null,
    "pricePerUnit": "29.5 kg",
    "image": "https://www.jumbo.com/dam-images/fit-in/360x360/Products/11092025_1757588653185_1757588660019_8410010877592_1.png",
    "available": true,
    "promoUntil": null
  },
  {
    "id": "687705DS",
    "title": "Jumbo Luxe Roomboter Kaasbolletjes met Zongedroogde Tomaat 75 g",
    "category": "Koek, snoep, chocolade en chips",
    "price": 2.09,
    "promoPrice": null,
    "pricePerUnit": "27.87 kg",
    "image": "https://www.jumbo.com/dam-images/fit-in/360x360/Products/05062025_1749137566849_1749137572884_8718452916160_1.png",
    "available": true,
    "promoUntil": null
  },
  {
    "id": "619948BLK",
    "title": "Euroma Essential N°02. Komijn",
    "category": "Wereldkeukens, kruiden, pasta en rijst",
    "price": 3.14,
    "promoPrice": null,
    "pricePerUnit": "74.76 kg",
    "image": "https://www.jumbo.com/dam-images/fit-in/360x360/Products/22062024_1719018208957_1719018215388_619948_BLK_08717600345814_C1N1.png",
    "available": true,
    "promoUntil": null
  },
  {
    "id": "668785FLS",
    "title": "Benediktiner Weissbier Naturtrüb 500 ml",
    "category": "Bier en wijn",
    "price": 1.79,
    "promoPrice": null,
    "pricePerUnit": "3.58 l",
    "image": "https://www.jumbo.com/dam-images/fit-in/360x360/Products/12122024_1734014527730_1734014531545_4052197000291_1.png",
    "available": true,
    "promoUntil": null
  },
  {
    "id": "685587BUS",
    "title": "Dove Deo Spray Pear & Aloe 150 ML",
    "category": "Drogisterij en baby",
    "price": 5.99,
    "promoPrice": null,
    "pricePerUnit": "39.93 l",
    "image": "https://www.jumbo.com/dam-images/fit-in/360x360/Products/10032025_1741618547395_1741618553540_685587_BUS_08720181291760_C1N1.png",
    "available": true,
    "promoUntil": null
  },
  {
    "id": "637284BLK",
    "title": "Gold Dry Dream Premium Soda 250 ml",
    "category": "Frisdrank en sappen",
    "price": 1.9,
    "promoPrice": null,
    "pricePerUnit": "7.6 l",
    "image": "https://www.jumbo.com/dam-images/fit-in/360x360/Products/16062025_1750032004114_1750032007737_8720892070302_1.png",
    "available": true,
    "promoUntil": null
  },
  {
    "id": "74199PAK",
    "title": "Gulpener - Pils - BIO - Fles - 6 x 300ML",
    "category": "Bier en wijn",
    "price": 6.29,
    "promoPrice": null,
    "pricePerUnit": "3.49 l",
    "image": "https://www.jumbo.com/dam-images/fit-in/360x360/Products/08725500310245C1N14cec5f76-757c-4e98-8641-e45af5237a9a-1733923036713.png",
    "available": true,
    "promoUntil": null
  },
  {
    "id": "678616ZK",
    "title": "HEMA Gekleurde Bookmarkers 5 Stuks",
    "category": "Non-food en servicebalie",
    "price": 1.39,
    "promoPrice": null,
    "pricePerUnit": "0.01 pieces",
    "image": "https://www.jumbo.com/dam-images/fit-in/360x360/Products/07022025_1738939753388_1738939756777_678616_ZK_08716618227167_C1N1.png",
    "available": true,
    "promoUntil": null
  },
  {
    "id": "441718STK",
    "title": "Jumbo Jonagold Appels en Bananen",
    "category": "Aardappelen, groente en fruit",
    "price": 4.78,
    "promoPrice": null,
    "pricePerUnit": "None None",
    "image": "https://www.jumbo.com/dam-images/fit-in/360x360/Products/441718STK5f1606ec-c97e-4ccd-a571-698751934ec5-1739190045805.png",
    "available": true,
    "promoUntil": null
  },
  {
    "id": "701052FLS",
    "title": "Conimex Woksauzen Spicy Szechuan 175 ml",
    "category": "Wereldkeukens, kruiden, pasta en rijst",
    "price": 2.66,
    "promoPrice": null,
    "pricePerUnit": "15.2 l",
    "image": "https://www.jumbo.com/dam-images/fit-in/360x360/Products/14082025_1755140607215_1755140634642_701052_FLS_08721201902406_H1N1.png",
    "available": true,
    "promoUntil": null
  },
  {
    "id": "537146BLK",
    "title": "De Kuyper - Fizzy Watermelon - 250ML",
    "category": "Bier en wijn",
    "price": 2.15,
    "promoPrice": null,
    "pricePerUnit": "8.6 l",
    "image": "https://www.jumbo.com/dam-images/fit-in/360x360/Products/20022024_1708439651570_1708439660019_8710625238161_1.png",
    "available": true,
    "promoUntil": null
  },
  {
    "id": "706839FLS",
    "title": "Dreft 3in1 Power Spray, Citroen, 500 ML",
    "category": "Huishouden en dieren",
    "price": 6.99,
    "promoPrice": null,
    "pricePerUnit": "13.98 l",
    "image": "https://www.jumbo.com/dam-images/fit-in/360x360/Products/15082025_1755216083834_1755216089808_8700216591003_1.png",
    "available": true,
    "promoUntil": null
  },
  {
    "id": "590963FLS",
    "title": "Jumbo Degéneros - Rioja Crianza - 750ML",
    "category": "Bier en wijn",
    "price": 6.99,
    "promoPrice": null,
    "pricePerUnit": "9.32 l",
    "image": "https://www.jumbo.com/dam-images/fit-in/360x360/Products/03062025_1748961306806_1748961310062_8718452882519_1.png",
    "available": true,
    "promoUntil": null
  },
  {
    "id": "688807STK",
    "title": "Fuerza Juiced Very Cherry Flavour 4 x 250 ml",
    "category": "Frisdrank en sappen",
    "price": 3.16,
    "promoPrice": null,
    "pricePerUnit": "None None",
    "image": "https://www.jumbo.com/dam-images/fit-in/360x360/Products/20259013db0635b5-c4ba-470d-a313-279c4d70f42b-1743065344612.png",
    "available": true,
    "promoUntil": null
  },
  {
    "id": "691487STK",
    "title": "HEMA Kaars Rib Lichtroze 7X13cm 1 Stuk",
    "category": "Non-food en servicebalie",
    "price": 2.0,
    "promoPrice": null,
    "pricePerUnit": "2.0 pieces",
    "image": "https://www.jumbo.com/dam-images/fit-in/360x360/Products/08042025_1744081838812_1744081841881_691487_STK_08721245007921_C1N1.png",
    "available": true,
    "promoUntil": null
  },
  {
    "id": "191939STK",
    "title": "Honig Lasagne Verdi met Spinazie 250 g",
    "category": "Wereldkeukens, kruiden, pasta en rijst",
    "price": 2.17,
    "promoPrice": null,
    "pricePerUnit": "8.68 kg",
    "image": "https://www.jumbo.com/dam-images/fit-in/360x360/Products/23082024_1724380592362_1724380599009_191939_STK_08714700999930_H1N1.png",
    "available": true,
    "promoUntil": null
  },
  {
    "id": "517420DS",
    "title": "Ferrero Rocher Hazelnoot Wit 90 g",
    "category": "Koek, snoep, chocolade en chips",
    "price": 2.76,
    "promoPrice": null,
    "pricePerUnit": "30.67 kg",
    "image": "https://www.jumbo.com/dam-images/fit-in/360x360/Products/25042025_1745549062201_1745549084148_517420_DS_08000500359884_H1N1_CPVXBE115071.png",
    "available": true,
    "promoUntil": null
  },
  {
    "id": "687353ZK",
    "title": "Jumbo Strooisnoep Mix 300 g",
    "category": "",
    "price": 2.79,
    "promoPrice": null,
    "pricePerUnit": "9.3 kg",
    "image": "https://www.jumbo.com/dam-images/fit-in/360x360/Products/01092025_1756733706155_1756733721930_8718452911387_596.png",
    "available": true,
    "promoUntil": null
  },
  {
    "id": "647571DS",
    "title": "Autodrop Dolle Drop Mix Total Loss 6x280g",
    "category": "Koek, snoep, chocolade en chips",
    "price": 2.96,
    "promoPrice": null,
    "pricePerUnit": "10.57 kg",
    "image": "https://www.jumbo.com/dam-images/fit-in/360x360/Products/28092024_1727490960420_1727490963381_647571_DS_08710452401813_C1N1.png",
    "available": true,
    "promoUntil": null
  },
  {
    "id": "703811STK",
    "title": "Jumbo Hond Paté met Gevogelte Junior",
    "category": "Huishouden en dieren",
    "price": 4.36,
    "promoPrice": null,
    "pricePerUnit": "None None",
    "image": "https://www.jumbo.com/dam-images/fit-in/360x360/Products/202591053f2216fc-d17a-4f71-a617-edbfbaba475c-1749628243982.png",
    "available": true,
    "promoUntil": null
  },
  {
    "id": "195429STK",
    "title": "Jumbo Woksaus Soja Sesam 200 ml",
    "category": "Wereldkeukens, kruiden, pasta en rijst",
    "price": 2.15,
    "promoPrice": null,
    "pricePerUnit": "10.75 l",
    "image": "https://www.jumbo.com/dam-images/fit-in/360x360/Products/09082023_1691584854849_1691584860972_8718452272167_1.png",
    "available": true,
    "promoUntil": null
  },
  {
    "id": "479057POT",
    "title": "Bertolli Pesto Rosso 185 g",
    "category": "Wereldkeukens, kruiden, pasta en rijst",
    "price": 2.95,
    "promoPrice": null,
    "pricePerUnit": "15.95 kg",
    "image": "https://www.jumbo.com/dam-images/fit-in/360x360/Products/25072025_1753413414108_1753413430394_479057_POT_08712247232077_C1N1.png",
    "available": true,
    "promoUntil": null
  },
  {
    "id": "646834ZK",
    "title": "Croky Chips Naturel 100 g",
    "category": "Koek, snoep, chocolade en chips",
    "price": 1.25,
    "promoPrice": null,
    "pricePerUnit": "12.5 kg",
    "image": "https://www.jumbo.com/dam-images/fit-in/360x360/Products/23082024_1724441718128_1724441723915_5414359911002_1.png",
    "available": true,
    "promoUntil": null
  },
  {
    "id": "442219STK",
    "title": "Jumbo Fresh Mint Gum Suikervrij 3 x 16,8 g",
    "category": "Koek, snoep, chocolade en chips",
    "price": 0.88,
    "promoPrice": null,
    "pricePerUnit": "17.46 kg",
    "image": "https://www.jumbo.com/dam-images/fit-in/360x360/Products/13082024_1723513182732_1723513186284_442219_STK_08718452534272_C1N1.png",
    "available": true,
    "promoUntil": null
  },
  {
    "id": "698783FLS",
    "title": "François Martenot - Chablis - 750ML",
    "category": "Bier en wijn",
    "price": 15.99,
    "promoPrice": null,
    "pricePerUnit": "21.32 l",
    "image": "https://www.jumbo.com/dam-images/fit-in/360x360/Products/12082025_1755005660163_1755005662671_3120581438461_1.png",
    "available": true,
    "promoUntil": null
  },
  {
    "id": "568355ZK",
    "title": "Cucina Missione Focaccine Zeezout 200 g",
    "category": "Koek, snoep, chocolade en chips",
    "price": 2.29,
    "promoPrice": null,
    "pricePerUnit": "11.45 kg",
    "image": "https://www.jumbo.com/dam-images/fit-in/360x360/Products/14022024_1707873743587_1707873752392_8714234200496_1.png",
    "available": true,
    "promoUntil": null
  },
  {
    "id": "705377FLS",
    "title": "BREEZER Pineapple 275 ML",
    "category": "Bier en wijn",
    "price": 2.49,
    "promoPrice": null,
    "pricePerUnit": "9.05 l",
    "image": "https://www.jumbo.com/dam-images/fit-in/360x360/Products/17062025_1750163221016_1750163225473_705377_FLS_07610113030325_C1N1.png",
    "available": true,
    "promoUntil": null
  },
  {
    "id": "588077FLS",
    "title": "Barossa Australia - Chardonnay - 750 ML",
    "category": "Bier en wijn",
    "price": 9.99,
    "promoPrice": null,
    "pricePerUnit": "13.32 l",
    "image": "https://www.jumbo.com/dam-images/fit-in/360x360/Products/24112023_1700836390164_1700836404551_9313181007807_1.png",
    "available": true,
    "promoUntil": null
  },
  {
    "id": "435482FLS",
    "title": "Jumbo - Sauvignon Blanc - Biologisch - 750 ML",
    "category": "Bier en wijn",
    "price": 4.99,
    "promoPrice": null,
    "pricePerUnit": "6.65 l",
    "image": "https://www.jumbo.com/dam-images/fit-in/360x360/Products/20122024_1734687182858_1734687185443_8718452661374_1.png",
    "available": true,
    "promoUntil": null
  },
  {
    "id": "653326ZK",
    "title": "Brets Smaak Friet-Mayonaise 125 g",
    "category": "Koek, snoep, chocolade en chips",
    "price": 2.49,
    "promoPrice": null,
    "pricePerUnit": "19.92 kg",
    "image": "https://www.jumbo.com/dam-images/fit-in/360x360/Products/21112024_1732214222612_1732214233050_3497917002376_1.png",
    "available": true,
    "promoUntil": null
  },
  {
    "id": "138992POT",
    "title": "Faja Lobi Roti Masala Special 360 ml",
    "category": "Wereldkeukens, kruiden, pasta en rijst",
    "price": 2.96,
    "promoPrice": null,
    "pricePerUnit": "8.22 l",
    "image": "https://www.jumbo.com/dam-images/fit-in/360x360/Products/23032024_1711160188120_1711160195873_138992_POT_08712631011431_C1N1.png",
    "available": true,
    "promoUntil": null
  },
  {
    "id": "714652FLS",
    "title": "Fritz-Kola 330ML",
    "category": "Frisdrank en sappen",
    "price": 1.49,
    "promoPrice": null,
    "pricePerUnit": "4.52 l",
    "image": "https://www.jumbo.com/dam-images/fit-in/360x360/Products/21052025_1747789629674_1747789631655_398496_FLS_04260107227939_A1N1.png",
    "available": true,
    "promoUntil": null
  },
  {
    "id": "125753POT",
    "title": "Go-Tan Sereh Citroengras 22g",
    "category": "Wereldkeukens, kruiden, pasta en rijst",
    "price": 2.19,
    "promoPrice": null,
    "pricePerUnit": "99.55 kg",
    "image": "https://www.jumbo.com/dam-images/fit-in/360x360/Products/10082023_1691677954209_1691677955820_8710605092479_1.png",
    "available": true,
    "promoUntil": null
  },
  {
    "id": "667432STK",
    "title": "HEMA Servetten 33x33 Botanisch 20 Stuks",
    "category": "Non-food en servicebalie",
    "price": 1.99,
    "promoPrice": null,
    "pricePerUnit": "0.1 pieces",
    "image": "https://www.jumbo.com/dam-images/fit-in/360x360/Products/04122024_1733304233204_1733304238034_667432_STK_08720354508817_C1N1.png",
    "available": true,
    "promoUntil": null
  },
  {
    "id": "672228DS",
    "title": "Handgebrand Stoute notenmix 170g",
    "category": "Vleeswaren, kaas en tapas",
    "price": 3.99,
    "promoPrice": null,
    "pricePerUnit": "23.47 kg",
    "image": "https://www.jumbo.com/dam-images/fit-in/360x360/Products/8720941907962T1773a2f0e-54c0-4b64-a2eb-66b8a5b750fe-1745311255529.png",
    "available": true,
    "promoUntil": null
  },
  {
    "id": "381982ZK",
    "title": "Jumbo Luiers Maat 2 4-8 kg 42 Stuks",
    "category": "Drogisterij en baby",
    "price": 5.28,
    "promoPrice": null,
    "pricePerUnit": "0.13 pieces",
    "image": "https://www.jumbo.com/dam-images/fit-in/360x360/Products/26092024_1727361162658_1727361167837_8718452668380_1.png",
    "available": true,
    "promoUntil": null
  },
  {
    "id": "194205STK",
    "title": "Honig Lasagne Half Volkoren 250 g",
    "category": "Wereldkeukens, kruiden, pasta en rijst",
    "price": 1.99,
    "promoPrice": null,
    "pricePerUnit": "7.96 kg",
    "image": "https://www.jumbo.com/dam-images/fit-in/360x360/Products/28082024_1724810673805_1724810676927_194205_STK_08714700999954_C1N1.png",
    "available": true,
    "promoUntil": null
  },
  {
    "id": "369820FLS",
    "title": "Dubro Geconcentreerd Afwasmiddel Limoen 550ml",
    "category": "Huishouden en dieren",
    "price": 2.99,
    "promoPrice": null,
    "pricePerUnit": "5.44 l",
    "image": "https://www.jumbo.com/dam-images/fit-in/360x360/Products/11072025_1752196956881_1752196961384_369820_FLS_08711106025331_C1N1.png",
    "available": true,
    "promoUntil": null
  },
  {
    "id": "688754DS",
    "title": "Jumbo Chocoladereep Puur met Matcha, Cranberry & Pistache 100 g",
    "category": "Koek, snoep, chocolade en chips",
    "price": 4.99,
    "promoPrice": null,
    "pricePerUnit": "49.9 kg",
    "image": "https://www.jumbo.com/dam-images/fit-in/360x360/Products/30052025_1748619189677_1748619198138_8719191034030_1.png",
    "available": true,
    "promoUntil": null
  },
  {
    "id": "24310BKL",
    "title": "Gourmet Gold Mousse Kattenvoer natvoer met Kip",
    "category": "Huishouden en dieren",
    "price": 20.16,
    "promoPrice": null,
    "pricePerUnit": "9.88 kg",
    "image": "https://www.jumbo.com/dam-images/fit-in/360x360/Products/GourmetGoldaef0d642-3bf9-4a70-b04c-6be2b2129a78-1703666279626.png",
    "available": true,
    "promoUntil": null
  },
  {
    "id": "496450STK",
    "title": "Azaron crème tegen jeuk 10 g (20 mg/g)",
    "category": "Drogisterij en baby",
    "price": 8.75,
    "promoPrice": null,
    "pricePerUnit": "875.0 kg",
    "image": "https://www.jumbo.com/dam-images/fit-in/360x360/Products/22082025_1755820932134_1755820937702_87298079_1.png",
    "available": true,
    "promoUntil": null
  },
  {
    "id": "672956CUP",
    "title": "Jumbo Kip Jalapeño Salade 150 g",
    "category": "Vleeswaren, kaas en tapas",
    "price": 2.55,
    "promoPrice": null,
    "pricePerUnit": "17.0 kg",
    "image": "https://www.jumbo.com/dam-images/fit-in/360x360/Products/21052025_1747837989200_1747837998233_8718452904174_1.png",
    "available": true,
    "promoUntil": null
  },
  {
    "id": "710982ZK",
    "title": "Jumbo Kruidnoten Banoffeesmaak 200 g",
    "category": "Koek, snoep, chocolade en chips",
    "price": 2.79,
    "promoPrice": null,
    "pricePerUnit": "13.95 kg",
    "image": "https://www.jumbo.com/dam-images/fit-in/360x360/Products/25072025_1753432375074_1753432387046_8718452921874_596.png",
    "available": true,
    "promoUntil": null
  },
  {
    "id": "173483ZK",
    "title": "Grand'Italia Ravioli Al Tartufo 220 g",
    "category": "Wereldkeukens, kruiden, pasta en rijst",
    "price": 3.29,
    "promoPrice": null,
    "pricePerUnit": "14.95 kg",
    "image": "https://www.jumbo.com/dam-images/fit-in/360x360/Products/25052024_1716603687057_1716603691027_173483_ZK_08000050023297_H1N1.png",
    "available": true,
    "promoUntil": null
  },
  {
    "id": "671445DS",
    "title": "Jumbo Puur Normal Inlegkruisjes met Katoen 24 Stuks",
    "category": "Drogisterij en baby",
    "price": 1.99,
    "promoPrice": null,
    "pricePerUnit": "0.08 pieces",
    "image": "https://www.jumbo.com/dam-images/fit-in/360x360/Products/27022025_1740670388435_1740670400715_8718452850914_596.png",
    "available": true,
    "promoUntil": null
  },
  {
    "id": "707512ZK",
    "title": "Jumbo Vriesverse Mango Blokjes Voordeelverpakking 750 g",
    "category": "Diepvries",
    "price": 4.39,
    "promoPrice": null,
    "pricePerUnit": "5.85 kg",
    "image": "https://www.jumbo.com/dam-images/fit-in/360x360/Products/03072025_1751527987680_1751528011176_8718452889358_596.png",
    "available": true,
    "promoUntil": null
  },
  {
    "id": "545124BLK",
    "title": "9 Energy Drink Regular 250 ML",
    "category": "Frisdrank en sappen",
    "price": 0.99,
    "promoPrice": null,
    "pricePerUnit": "3.96 l",
    "image": "https://www.jumbo.com/dam-images/fit-in/360x360/Products/545124_8718452639779_1_T1_293799BLK1691077258247.png",
    "available": true,
    "promoUntil": null
  },
  {
    "id": "646900ZK",
    "title": "BioToday Hazelnoot-Bosbes Koekjes 150 g",
    "category": "Koek, snoep, chocolade en chips",
    "price": 3.29,
    "promoPrice": null,
    "pricePerUnit": "21.93 kg",
    "image": "https://www.jumbo.com/dam-images/fit-in/360x360/Products/02082025_1754098304891_1754098311737_646900_ZK_08719153053598_C1N1.png",
    "available": true,
    "promoUntil": null
  },
  {
    "id": "676753DS",
    "title": "GUM Soft-Picks Mint Medium 40 Stuks",
    "category": "Drogisterij en baby",
    "price": 7.99,
    "promoPrice": null,
    "pricePerUnit": "0.2 pieces",
    "image": "https://www.jumbo.com/dam-images/fit-in/360x360/Products/28022025_1740708544172_1740708553151_676753_DS_07630019903622_C1N1.png",
    "available": true,
    "promoUntil": null
  },
  {
    "id": "647996STK",
    "title": "Jumbo Biologisch Fruit- & Groentehapje - Banaan, Zoete Aardappel, Appel & Mango 8+ Maanden 2x 90 g",
    "category": "Drogisterij en baby",
    "price": 1.9,
    "promoPrice": null,
    "pricePerUnit": "None None",
    "image": "https://www.jumbo.com/dam-images/fit-in/360x360/Products/20230111ea8bb570-1d70-44f5-ab2c-27912e795083-1725526832040.png",
    "available": true,
    "promoUntil": null
  },
  {
    "id": "671082POT",
    "title": "Jumbo Gel Wax Non-Sticky 75ML",
    "category": "Drogisterij en baby",
    "price": 3.59,
    "promoPrice": null,
    "pricePerUnit": "47.87 l",
    "image": "https://www.jumbo.com/dam-images/fit-in/360x360/Products/01042025_1743521632625_1743521638767_8718452812547_1.png",
    "available": true,
    "promoUntil": null
  },
  {
    "id": "442230STK",
    "title": "Jumbo Extra Mint Gum Suikervrij 3 x 16,8 g",
    "category": "Koek, snoep, chocolade en chips",
    "price": 0.88,
    "promoPrice": null,
    "pricePerUnit": "17.46 kg",
    "image": "https://www.jumbo.com/dam-images/fit-in/360x360/Products/20122023_1703053412159_1703053417043_442230_STK_08718452534289_C1N1.png",
    "available": true,
    "promoUntil": null
  },
  {
    "id": "603674STK",
    "title": "Jumbo Verse Smoothie Aardbei, Appel & Banaan 3 x 250ML",
    "category": "Aardappelen, groente en fruit",
    "price": 5.97,
    "promoPrice": null,
    "pricePerUnit": "None None",
    "image": "https://www.jumbo.com/dam-images/fit-in/360x360/Products/603674STK68b3268c-7dcf-4983-9f95-9f622c554c7a-1733299081436.png",
    "available": true,
    "promoUntil": null
  },
  {
    "id": "450994STK",
    "title": "Aspirine C Bruistabletten bij griep en verkoudheid, 10 tabletten",
    "category": "Drogisterij en baby",
    "price": 5.89,
    "promoPrice": null,
    "pricePerUnit": "0.59 pieces",
    "image": "https://www.jumbo.com/dam-images/fit-in/360x360/Products/24092025_1758672137424_1758672149394_8713091000003_1.png",
    "available": true,
    "promoUntil": null
  },
  {
    "id": "610192FLS",
    "title": "Barton & Guestier - Chardonnay - 375ML",
    "category": "Bier en wijn",
    "price": 3.99,
    "promoPrice": null,
    "pricePerUnit": "10.64 l",
    "image": "https://www.jumbo.com/dam-images/fit-in/360x360/Products/24042024_1713947768638_1713947771584_3035130770209_1.png",
    "available": true,
    "promoUntil": null
  },
  {
    "id": "509154PAK",
    "title": "Céréal Melk 80 g",
    "category": "Koek, snoep, chocolade en chips",
    "price": 2.56,
    "promoPrice": null,
    "pricePerUnit": "32.0 kg",
    "image": "https://www.jumbo.com/dam-images/fit-in/360x360/Products/21082025_1755743472530_1755743488720_509154_PAK_05410063000308_C1N1.png",
    "available": true,
    "promoUntil": null
  },
  {
    "id": "551055FLS",
    "title": "De Druivelaere Druivensap 33 cl",
    "category": "Frisdrank en sappen",
    "price": 1.99,
    "promoPrice": null,
    "pricePerUnit": "6.03 l",
    "image": "https://www.jumbo.com/dam-images/fit-in/360x360/Products/16072025_1752633242753_1752633249063_551055_FLS_08714242870230_C1N1.png",
    "available": true,
    "promoUntil": null
  },
  {
    "id": "482730ZK",
    "title": " Lay's Max Ribbel Chips Pickles 185 gr",
    "category": "Koek, snoep, chocolade en chips",
    "price": 2.39,
    "promoPrice": null,
    "pricePerUnit": "12.92 kg",
    "image": "https://www.jumbo.com/dam-images/fit-in/360x360/Products/03042025_1743680028694_1743680034246_8710398524157_1.png",
    "available": true,
    "promoUntil": null
  },
  {
    "id": "646153BLK",
    "title": "Amo Gusti Olijven Gevuld met Truffel 200 g",
    "category": "Wereldkeukens, kruiden, pasta en rijst",
    "price": 1.28,
    "promoPrice": null,
    "pricePerUnit": "6.4 kg",
    "image": "https://www.jumbo.com/dam-images/fit-in/360x360/Products/09042025_1744165054304_1744165060969_646153_BLK_08718247444915_C1N1.png",
    "available": true,
    "promoUntil": null
  },
  {
    "id": "568438BLS",
    "title": "Jordan Tandenstokers Voordeelverpakking 2 x 100 Stuks",
    "category": "Drogisterij en baby",
    "price": 4.99,
    "promoPrice": null,
    "pricePerUnit": "0.02 pieces",
    "image": "https://www.jumbo.com/dam-images/fit-in/360x360/Products/09082023_1691596039488_1691596048656_7046110062388_1.png",
    "available": true,
    "promoUntil": null
  },
  {
    "id": "604891FLS",
    "title": "Bottle Up Still Water Roze 500ML",
    "category": "Frisdrank en sappen",
    "price": 2.95,
    "promoPrice": null,
    "pricePerUnit": "5.9 l",
    "image": "https://www.jumbo.com/dam-images/fit-in/360x360/Products/27022024_1709029989351_1709029994487_8720648863110_1.png",
    "available": true,
    "promoUntil": null
  },
  {
    "id": "680322DS",
    "title": "HEMA HB Potloden 12 Stuks",
    "category": "Non-food en servicebalie",
    "price": 1.79,
    "promoPrice": null,
    "pricePerUnit": "0.15 pieces",
    "image": "https://www.jumbo.com/dam-images/fit-in/360x360/Products/17022025_1739808553072_1739808555136_680322_DS_08720354976685_C1N1.png",
    "available": true,
    "promoUntil": null
  },
  {
    "id": "701657STK",
    "title": "Jumbo Hond Paté met Wild",
    "category": "Huishouden en dieren",
    "price": 3.16,
    "promoPrice": null,
    "pricePerUnit": "None None",
    "image": "https://www.jumbo.com/dam-images/fit-in/360x360/Products/20259075af2146a3-926e-48fc-843e-42f54e1881ba-1749040105245.png",
    "available": true,
    "promoUntil": null
  },
  {
    "id": "478400ZK",
    "title": "Jumbo Knapperige Toast Groene Olijf Basilicum 100 g",
    "category": "Koek, snoep, chocolade en chips",
    "price": 1.69,
    "promoPrice": null,
    "pricePerUnit": "16.9 kg",
    "image": "https://www.jumbo.com/dam-images/fit-in/360x360/Products/05022025_1738723438967_1738723453562_478400_ZK_08718452599479_C1N1.png",
    "available": true,
    "promoUntil": null
  },
  {
    "id": "677693STK",
    "title": "Jumbo Paté met Rund & Lever 4 x 150 g",
    "category": "Huishouden en dieren",
    "price": 1.68,
    "promoPrice": null,
    "pricePerUnit": "None None",
    "image": "https://www.jumbo.com/dam-images/fit-in/360x360/Products/2025877153e9092e-c4ad-4901-bd93-ad3fe7a0bbce-1751283282839.png",
    "available": true,
    "promoUntil": null
  },
  {
    "id": "635041PAK",
    "title": "Jumbo Wit Crispy 100 g",
    "category": "Koek, snoep, chocolade en chips",
    "price": 1.87,
    "promoPrice": null,
    "pricePerUnit": "18.7 kg",
    "image": "https://www.jumbo.com/dam-images/fit-in/360x360/Products/27052025_1748349168734_1748349178641_8718452877072_596.png",
    "available": true,
    "promoUntil": null
  },
  {
    "id": "180555BLK",
    "title": "Jumbo Paté met Rund Senior 400 g",
    "category": "Huishouden en dieren",
    "price": 0.99,
    "promoPrice": null,
    "pricePerUnit": "2.48 kg",
    "image": "https://www.jumbo.com/dam-images/fit-in/360x360/Products/8718452583935450b888f-5489-4d77-9c86-644c4790635f-1695112796059.png",
    "available": true,
    "promoUntil": null
  },
  {
    "id": "646899FLS",
    "title": "BioToday Premium Gember-Rode Biet Drankje 500 ml",
    "category": "Frisdrank en sappen",
    "price": 11.57,
    "promoPrice": null,
    "pricePerUnit": "23.14 l",
    "image": "https://www.jumbo.com/dam-images/fit-in/360x360/Products/06092025_1757120912210_1757120915725_646899_FLS_08719153042981_C1N1.png",
    "available": true,
    "promoUntil": null
  },
  {
    "id": "478651PAK",
    "title": "CRUNCH Melkchocolade reep",
    "category": "Koek, snoep, chocolade en chips",
    "price": 2.15,
    "promoPrice": null,
    "pricePerUnit": "21.5 kg",
    "image": "https://www.jumbo.com/dam-images/fit-in/360x360/Products/25072025_1753407604386_1753407615152_478651_PAK_03033710001279_C1N1_s01.png",
    "available": true,
    "promoUntil": null
  },
  {
    "id": "214433FLS",
    "title": "Cheval de Katarzyna - Mavrud - 750ML",
    "category": "Bier en wijn",
    "price": 7.49,
    "promoPrice": null,
    "pricePerUnit": "9.99 l",
    "image": "https://www.jumbo.com/dam-images/fit-in/360x360/Products/10082023_1691675029554_1691675061944_3800218585767_1.png",
    "available": true,
    "promoUntil": null
  },
  {
    "id": "582454BLK",
    "title": "Clipper Chamomile, Peach & Orange Organic Fusion 250 ml",
    "category": "Frisdrank en sappen",
    "price": 1.59,
    "promoPrice": null,
    "pricePerUnit": "6.36 l",
    "image": "https://www.jumbo.com/dam-images/fit-in/360x360/Products/22032025_1742609311918_1742609320015_582454_BLK_05021991944574_H1N1.png",
    "available": true,
    "promoUntil": null
  },
  {
    "id": "227446FLS",
    "title": "Conimex Woksaus Sweet & Sour 175 ml",
    "category": "Wereldkeukens, kruiden, pasta en rijst",
    "price": 2.66,
    "promoPrice": null,
    "pricePerUnit": "15.2 l",
    "image": "https://www.jumbo.com/dam-images/fit-in/360x360/Products/14082025_1755134528684_1755134545405_227446_FLS_08711200431731_C1N1.png",
    "available": true,
    "promoUntil": null
  },
  {
    "id": "620314STK",
    "title": "Jumbo Babyvoeding Biologisch Pastinaak  4+ Maanden 125 g",
    "category": "Drogisterij en baby",
    "price": 0.98,
    "promoPrice": null,
    "pricePerUnit": "7.84 kg",
    "image": "https://www.jumbo.com/dam-images/fit-in/360x360/Products/15052024_1715790913131_1715790925996_8718452803767_1.png",
    "available": true,
    "promoUntil": null
  },
  {
    "id": "192612STK",
    "title": "Jumbo Foelie 5 g",
    "category": "Wereldkeukens, kruiden, pasta en rijst",
    "price": 1.72,
    "promoPrice": null,
    "pricePerUnit": "344.0 kg",
    "image": "https://www.jumbo.com/dam-images/fit-in/360x360/Products/07022025_1738956773195_1738956777436_8718452203598_1.png",
    "available": true,
    "promoUntil": null
  },
  {
    "id": "195816STK",
    "title": "Jumbo Gembersiroop 175 ml",
    "category": "Wereldkeukens, kruiden, pasta en rijst",
    "price": 1.49,
    "promoPrice": null,
    "pricePerUnit": "8.51 l",
    "image": "https://www.jumbo.com/dam-images/fit-in/360x360/Products/09082023_1691584856017_1691584871414_8718452261819_1.png",
    "available": true,
    "promoUntil": null
  },
  {
    "id": "660527ZK",
    "title": "Jumbo Stokbrood Bourgondisch 250 g",
    "category": "",
    "price": 1.49,
    "promoPrice": null,
    "pricePerUnit": "5.96 kg",
    "image": "https://www.jumbo.com/dam-images/fit-in/360x360/Products/27052025_1748349168923_1748349175818_8718452890743_1.png",
    "available": true,
    "promoUntil": null
  },
  {
    "id": "613627ZK",
    "title": "Jumbo Wegwerp Scheermesjes 5 Stuks",
    "category": "Drogisterij en baby",
    "price": 1.99,
    "promoPrice": null,
    "pricePerUnit": "0.4 pieces",
    "image": "https://www.jumbo.com/dam-images/fit-in/360x360/Products/16072024_1721144060337_1721144065701_8718452820160_1.png",
    "available": true,
    "promoUntil": null
  },
  {
    "id": "698773FLS",
    "title": "Andrélon Conditioner Levendig Lang 250 ml",
    "category": "Drogisterij en baby",
    "price": 6.49,
    "promoPrice": null,
    "pricePerUnit": "32.45 l",
    "image": "https://www.jumbo.com/dam-images/fit-in/360x360/Products/02072025_1751473967502_1751473972178_8720181619373_1.png",
    "available": true,
    "promoUntil": null
  },
  {
    "id": "161422BLK",
    "title": "Fairtrade Original Organic Coconut Milk 270 ml",
    "category": "Wereldkeukens, kruiden, pasta en rijst",
    "price": 2.18,
    "promoPrice": null,
    "pricePerUnit": "8.07 l",
    "image": "https://www.jumbo.com/dam-images/fit-in/360x360/Products/02052025_1746153122341_1746153126401_161422_BLK_08711741355916_C1N1.png",
    "available": true,
    "promoUntil": null
  },
  {
    "id": "688106ZK",
    "title": "Amoy Peanut Satay Stir Fry Sauce 120 g",
    "category": "Wereldkeukens, kruiden, pasta en rijst",
    "price": 1.97,
    "promoPrice": null,
    "pricePerUnit": "16.42 kg",
    "image": "https://www.jumbo.com/dam-images/fit-in/360x360/Products/24032025_1742820371742_1742820377099_688106_ZK_05000111046879_C1N1.png",
    "available": true,
    "promoUntil": null
  },
  {
    "id": "87585PAK",
    "title": "Jordan Dental Sticks Extra Thin, Fluoride/Mint 140 Stuks",
    "category": "Drogisterij en baby",
    "price": 3.25,
    "promoPrice": null,
    "pricePerUnit": "0.03 pieces",
    "image": "https://www.jumbo.com/dam-images/fit-in/360x360/Products/07046110063460A1N13a426277-9d31-499f-90ca-e29e254d4311-1746090014608.png",
    "available": true,
    "promoUntil": null
  },
  {
    "id": "686869DS",
    "title": "Bourgini Retro Health Fryer 4 liter",
    "category": "Non-food en servicebalie",
    "price": 47.95,
    "promoPrice": null,
    "pricePerUnit": "47.95 pieces",
    "image": "https://www.jumbo.com/dam-images/fit-in/360x360/Products/18-1742982430454.png",
    "available": true,
    "promoUntil": null
  },
  {
    "id": "538565BLK",
    "title": "Bullit Energy Drink Suikervrij Mango Miracle 250ml",
    "category": "Frisdrank en sappen",
    "price": 0.99,
    "promoPrice": null,
    "pricePerUnit": "3.96 l",
    "image": "https://www.jumbo.com/dam-images/fit-in/360x360/Products/25032024_1711381691485_1711381695563_9008703000816_1.png",
    "available": true,
    "promoUntil": null
  },
  {
    "id": "226039STK",
    "title": "Ciao Italia Scrocchi® con Rosmarino 150 g",
    "category": "Koek, snoep, chocolade en chips",
    "price": 1.62,
    "promoPrice": null,
    "pricePerUnit": "10.8 kg",
    "image": "https://www.jumbo.com/dam-images/fit-in/360x360/Products/02112024_1730515286856_1730515299822_226039_STK_08712247228384_C1N1.png",
    "available": true,
    "promoUntil": null
  },
  {
    "id": "621892BOX",
    "title": "Difrax Flessenspeen Kers Large 2 Stuks",
    "category": "Drogisterij en baby",
    "price": 6.99,
    "promoPrice": null,
    "pricePerUnit": "3.5 pieces",
    "image": "https://www.jumbo.com/dam-images/fit-in/360x360/Products/24072024_1721813080907_1721813085807_621892_BOX_08711736028412_C1N1_s01.png",
    "available": true,
    "promoUntil": null
  },
  {
    "id": "670384PAK",
    "title": "DubbelFrisss 1Kcal Limoncello - Spritzzz 1,5L",
    "category": "Frisdrank en sappen",
    "price": 2.69,
    "promoPrice": null,
    "pricePerUnit": "1.79 l",
    "image": "https://www.jumbo.com/dam-images/fit-in/360x360/Products/26052025_1748277173325_1748277192174_8720157402664_1.png",
    "available": true,
    "promoUntil": null
  },
  {
    "id": "158339PAK",
    "title": "Heinz Tomaten blokjes basilicum",
    "category": "Wereldkeukens, kruiden, pasta en rijst",
    "price": 1.51,
    "promoPrice": null,
    "pricePerUnit": "3.87 kg",
    "image": "https://www.jumbo.com/dam-images/fit-in/360x360/Products/02082025_1754097335095_1754097343771_158339_PAK_08715700422251_C1N1.png",
    "available": true,
    "promoUntil": null
  },
  {
    "id": "599318DS",
    "title": "Jumbo Blaarpleisters 5 Stuks",
    "category": "Drogisterij en baby",
    "price": 3.0,
    "promoPrice": null,
    "pricePerUnit": "0.6 pieces",
    "image": "https://www.jumbo.com/dam-images/fit-in/360x360/Products/12012024_1705073704019_1705073712686_8718452771462_1.png",
    "available": true,
    "promoUntil": null
  },
  {
    "id": "709243FLS",
    "title": "Jumbo Cool Mint Mondwater 500ML",
    "category": "Drogisterij en baby",
    "price": 1.49,
    "promoPrice": null,
    "pricePerUnit": "2.98 l",
    "image": "https://www.jumbo.com/dam-images/fit-in/360x360/Products/22022024_1708623246413_1708623251560_8718452796113_1.png",
    "available": true,
    "promoUntil": null
  },
  {
    "id": "698777FLS",
    "title": "Andrélon Perfecte Krul Lichtgewicht Leave-in Crème 200 ml",
    "category": "Drogisterij en baby",
    "price": 7.19,
    "promoPrice": null,
    "pricePerUnit": "35.95 l",
    "image": "https://www.jumbo.com/dam-images/fit-in/360x360/Products/15092025_1757943177642_1757943181775_8720181645372_1.png",
    "available": true,
    "promoUntil": null
  },
  {
    "id": "559134DSL",
    "title": "Andrélon Pro Nature Shampoo Bamboo Volume Boost 6 x 400 ml",
    "category": "Drogisterij en baby",
    "price": 53.94,
    "promoPrice": 37.75,
    "pricePerUnit": "15.73 l",
    "image": "https://www.jumbo.com/dam-images/fit-in/360x360/Products/06032025_1741275188245_1741275191667_8720182568236_1.png",
    "available": true,
    "promoUntil": "di 7 okt"
  },
  {
    "id": "190743CUP",
    "title": "Cesar Senior 10+ met Malse Kip en Rijst 150 g",
    "category": "Huishouden en dieren",
    "price": 1.59,
    "promoPrice": null,
    "pricePerUnit": "10.6 kg",
    "image": "https://www.jumbo.com/dam-images/fit-in/360x360/Products/05092024_1725546868771_1725546888249_4008429092954_596.png",
    "available": true,
    "promoUntil": null
  },
  {
    "id": "591325ZK",
    "title": "Jumbo Erwtensoepgroente 500 g",
    "category": "Aardappelen, groente en fruit",
    "price": 2.49,
    "promoPrice": null,
    "pricePerUnit": "4.98 kg",
    "image": "https://www.jumbo.com/dam-images/fit-in/360x360/Products/30092024_1727706763761_1727706783842_8718452795772_1.png",
    "available": true,
    "promoUntil": null
  },
  {
    "id": "630452DS",
    "title": "Jumbo IJs Cornets met Popcornsmaak 4 Stuks",
    "category": "Diepvries",
    "price": 1.99,
    "promoPrice": null,
    "pricePerUnit": "4.52 l",
    "image": "https://www.jumbo.com/dam-images/fit-in/360x360/Products/19062024_1718807626840_1718807644827_8718452825622_596.png",
    "available": true,
    "promoUntil": null
  },
  {
    "id": "451511DS",
    "title": "Jos Poell Toast Rond 50 g",
    "category": "Koek, snoep, chocolade en chips",
    "price": 0.59,
    "promoPrice": null,
    "pricePerUnit": "11.8 kg",
    "image": "https://www.jumbo.com/dam-images/fit-in/360x360/Products/14022025_1739539373820_1739539387566_8710759122404_1.png",
    "available": true,
    "promoUntil": null
  },
  {
    "id": "517196STK",
    "title": "Jumbo Witte Tijger Cakes 6 Stuks",
    "category": "Koek, snoep, chocolade en chips",
    "price": 1.79,
    "promoPrice": null,
    "pricePerUnit": "9.42 kg",
    "image": "https://www.jumbo.com/dam-images/fit-in/360x360/Products/09082023_1691592654561_1691592677642_8718452670185_1.png",
    "available": true,
    "promoUntil": null
  },
  {
    "id": "597923PAK",
    "title": "Galbani Grana Padano Kaas 150 g",
    "category": "Vleeswaren, kaas en tapas",
    "price": 3.79,
    "promoPrice": null,
    "pricePerUnit": "25.27 kg",
    "image": "https://www.jumbo.com/dam-images/fit-in/360x360/Products/04122023_1701700382349_1701700387993_8000430395983_1.png",
    "available": true,
    "promoUntil": null
  },
  {
    "id": "678619STK",
    "title": "HEMA Maatbeker 1 L",
    "category": "Non-food en servicebalie",
    "price": 4.69,
    "promoPrice": null,
    "pricePerUnit": "4.69 pieces",
    "image": "https://www.jumbo.com/dam-images/fit-in/360x360/Products/09082023_1691587396709_1691587407628_8716618098811_1.png",
    "available": true,
    "promoUntil": null
  },
  {
    "id": "586055ZK",
    "title": "Jumbo Biologisch Kokoschips 250 g",
    "category": "Koek, snoep, chocolade en chips",
    "price": 4.99,
    "promoPrice": null,
    "pricePerUnit": "19.96 kg",
    "image": "https://www.jumbo.com/dam-images/fit-in/360x360/Products/06022025_1738870374036_1738870385204_8718452748853_1.png",
    "available": true,
    "promoUntil": null
  },
  {
    "id": "465854STK",
    "title": "Best for your friend Hond stoommaaltijd Kip/Rund (95 gram)",
    "category": "Huishouden en dieren",
    "price": 1.49,
    "promoPrice": null,
    "pricePerUnit": "15.68 kg",
    "image": "https://www.jumbo.com/dam-images/fit-in/360x360/Products/07082024_1722988892084_1722988898887_8712113606001_1.png",
    "available": true,
    "promoUntil": null
  },
  {
    "id": "471557FLS",
    "title": "Jumbo - Pinot Grigio - Biologisch - 375ML",
    "category": "Bier en wijn",
    "price": 3.49,
    "promoPrice": null,
    "pricePerUnit": "9.31 l",
    "image": "https://www.jumbo.com/dam-images/fit-in/360x360/Products/25082023_1692974046500_1692974050751_8718452629435_1.png",
    "available": true,
    "promoUntil": null
  },
  {
    "id": "376283ZK",
    "title": "Ella's Kitchen hartverwarmende runderstoof 8+ biologisch 190 g",
    "category": "Drogisterij en baby",
    "price": 2.96,
    "promoPrice": null,
    "pricePerUnit": "15.58 kg",
    "image": "https://www.jumbo.com/dam-images/fit-in/360x360/Products/29082024_1724941993766_1724941998083_5060107335387_1.png",
    "available": true,
    "promoUntil": null
  },
  {
    "id": "684379FLS",
    "title": "Elvive Nutri - Gloss Glansgevende Shampoo 250 ml",
    "category": "Drogisterij en baby",
    "price": 5.99,
    "promoPrice": null,
    "pricePerUnit": "23.96 l",
    "image": "https://www.jumbo.com/dam-images/fit-in/360x360/Products/09082023_1691585001673_1691585018225_3600523629909_1.png",
    "available": true,
    "promoUntil": null
  },
  {
    "id": "680458STK",
    "title": "HEMA Ovenschaal Aardewerk 21 x 15 cm",
    "category": "Non-food en servicebalie",
    "price": 8.49,
    "promoPrice": null,
    "pricePerUnit": "8.49 pieces",
    "image": "https://www.jumbo.com/dam-images/fit-in/360x360/Products/25042025_1745547326602_1745547328679_680458_STK_08713745378397_C1N1.png",
    "available": true,
    "promoUntil": null
  },
  {
    "id": "680189ZK",
    "title": "Italiano Fijne Dropselectie Zacht Mix 140 g",
    "category": "Koek, snoep, chocolade en chips",
    "price": 2.27,
    "promoPrice": null,
    "pricePerUnit": "16.21 kg",
    "image": "https://www.jumbo.com/dam-images/fit-in/360x360/Products/16072025_1752680047929_1752680053548_8719700009689_1.png",
    "available": true,
    "promoUntil": null
  },
  {
    "id": "678622PAK",
    "title": "Hema Heren Sokken Zwart Maat 43-46 5 Stuks",
    "category": "Non-food en servicebalie",
    "price": 9.99,
    "promoPrice": null,
    "pricePerUnit": "2.0 pieces",
    "image": "https://www.jumbo.com/dam-images/fit-in/360x360/Products/09082023_1691587395718_1691587401955_8716618544219_1.png",
    "available": true,
    "promoUntil": null
  },
  {
    "id": "356356FLS",
    "title": "Château Tour Prignac - Medoc - Merlot - Cabernet Sauvignon - 375 ML",
    "category": "Bier en wijn",
    "price": 7.49,
    "promoPrice": null,
    "pricePerUnit": "19.97 l",
    "image": "https://www.jumbo.com/dam-images/fit-in/360x360/Products/30042025_1745979653330_1745979656418_356356_FLS_03211209133728_C1N1.png",
    "available": true,
    "promoUntil": null
  },
  {
    "id": "168988ZK",
    "title": "Jumbo Kruidnoten 250 g",
    "category": "Koek, snoep, chocolade en chips",
    "price": 0.89,
    "promoPrice": null,
    "pricePerUnit": "3.56 kg",
    "image": "https://www.jumbo.com/dam-images/fit-in/360x360/Products/09082023_1691587038316_1691587046564_8718452310760_1.png",
    "available": true,
    "promoUntil": null
  },
  {
    "id": "195721PAK",
    "title": "Jumbo Maaltijdmix Bami Speciaal 38,7 g",
    "category": "Wereldkeukens, kruiden, pasta en rijst",
    "price": 0.89,
    "promoPrice": null,
    "pricePerUnit": "23.0 kg",
    "image": "https://www.jumbo.com/dam-images/fit-in/360x360/Products/09082023_1691584855115_1691584871860_8718452260485_1.png",
    "available": true,
    "promoUntil": null
  },
  {
    "id": "645779KGR",
    "title": "Jumbo Kosterworst ca. 120 g",
    "category": "Vleeswaren, kaas en tapas",
    "price": 3.53,
    "promoPrice": null,
    "pricePerUnit": "29.39 kg",
    "image": "https://www.jumbo.com/dam-images/fit-in/360x360/Products/12122024_1734014665711_1734014674411_2378652000000_1.png",
    "available": true,
    "promoUntil": null
  },
  {
    "id": "562139POT",
    "title": "Jumbo Kruidenmix voor Shoarma 60g",
    "category": "Wereldkeukens, kruiden, pasta en rijst",
    "price": 2.09,
    "promoPrice": null,
    "pricePerUnit": "34.83 kg",
    "image": "https://www.jumbo.com/dam-images/fit-in/360x360/Products/14022025_1739539721123_1739539747755_8718452721344_596.png",
    "available": true,
    "promoUntil": null
  },
  {
    "id": "562150POT",
    "title": "Jumbo Kruidenmix voor Rundvlees 70g",
    "category": "Wereldkeukens, kruiden, pasta en rijst",
    "price": 2.13,
    "promoPrice": null,
    "pricePerUnit": "30.43 kg",
    "image": "https://www.jumbo.com/dam-images/fit-in/360x360/Products/14022025_1739539174250_1739539186898_8718452721368_596.png",
    "available": true,
    "promoUntil": null
  },
  {
    "id": "561867FLS",
    "title": "Dr. Beckmann Ossengalzeep Vlekkenspray 500 ml",
    "category": "Huishouden en dieren",
    "price": 3.79,
    "promoPrice": null,
    "pricePerUnit": "7.58 l",
    "image": "https://www.jumbo.com/dam-images/fit-in/360x360/Products/09082023_1691594835972_1691594840727_4008455522418_1.png",
    "available": true,
    "promoUntil": null
  },
  {
    "id": "671142DS",
    "title": "Duracell Alkaline Plus 9V 1 Stuk",
    "category": "Non-food en servicebalie",
    "price": 7.99,
    "promoPrice": null,
    "pricePerUnit": "7.99 pieces",
    "image": "https://www.jumbo.com/dam-images/fit-in/360x360/Products/16092025_1757986291750_1757986296846_671142_DS_05000394142190_C1N1.png",
    "available": true,
    "promoUntil": null
  },
  {
    "id": "688826STK",
    "title": "Fuerza Juiced Energy Mango 4 x 250ML",
    "category": "Frisdrank en sappen",
    "price": 3.0,
    "promoPrice": null,
    "pricePerUnit": "None None",
    "image": "https://www.jumbo.com/dam-images/fit-in/360x360/Products/2025903759c5834f-7994-44e8-9479-132b36ff0081-1743065344683.png",
    "available": true,
    "promoUntil": null
  },
  {
    "id": "667423STK",
    "title": "HEMA Sfeerlichten Linen 18 Stuks",
    "category": "Non-food en servicebalie",
    "price": 3.99,
    "promoPrice": null,
    "pricePerUnit": "0.22 pieces",
    "image": "https://www.jumbo.com/dam-images/fit-in/360x360/Products/04122024_1733303949657_1733303955522_667423_STK_08720354502136_C1N1.png",
    "available": true,
    "promoUntil": null
  },
  {
    "id": "89976STK",
    "title": "A. Vogel Pollinosan hooikoorts oogdruppels, 10 ml",
    "category": "Drogisterij en baby",
    "price": 11.99,
    "promoPrice": null,
    "pricePerUnit": "1199.0 l",
    "image": "https://www.jumbo.com/dam-images/fit-in/360x360/Products/24092025_1758672090828_1758672094627_8711596583311_1.png",
    "available": true,
    "promoUntil": null
  },
  {
    "id": "611278FLS",
    "title": "Barbar - Speciaal Blond Honing Bier - Fles - 330ML",
    "category": "Bier en wijn",
    "price": 2.35,
    "promoPrice": null,
    "pricePerUnit": "7.12 l",
    "image": "https://www.jumbo.com/dam-images/fit-in/360x360/Products/20092025_1758336557390_1758336560029_611278_FLS_05411676100812_A1N1.png",
    "available": true,
    "promoUntil": null
  },
  {
    "id": "702205ZK",
    "title": "Croky Tortilla Bolognese Flavour 160 g",
    "category": "Koek, snoep, chocolade en chips",
    "price": 1.79,
    "promoPrice": null,
    "pricePerUnit": "11.19 kg",
    "image": "https://www.jumbo.com/dam-images/fit-in/360x360/Products/02062025_1748863491428_1748863494260_702205_ZK_05414359995682_A1N1.png",
    "available": true,
    "promoUntil": null
  },
  {
    "id": "66813ZK",
    "title": "Catisfactions met Smakelijke Kip 60 g",
    "category": "Huishouden en dieren",
    "price": 2.17,
    "promoPrice": null,
    "pricePerUnit": "36.17 kg",
    "image": "https://www.jumbo.com/dam-images/fit-in/360x360/Products/02072025_1751445186890_1751445202014_5998749117774_596.png",
    "available": true,
    "promoUntil": null
  },
  {
    "id": "507404FLS",
    "title": "Garnier Loving Blends - Shampoo - Honing Goud - 300 ml",
    "category": "Drogisterij en baby",
    "price": 5.99,
    "promoPrice": null,
    "pricePerUnit": "19.97 l",
    "image": "https://www.jumbo.com/dam-images/fit-in/360x360/Products/30042025_1745979742663_1745979746141_507404_FLS_03600542462259_C1N1.png",
    "available": true,
    "promoUntil": null
  },
  {
    "id": "528892BLS",
    "title": "GUM Soft-Picks Comfort Flex Cool Mint S 40 Stuks",
    "category": "Drogisterij en baby",
    "price": 7.91,
    "promoPrice": null,
    "pricePerUnit": "0.2 pieces",
    "image": "https://www.jumbo.com/dam-images/fit-in/360x360/Products/12092025_1757642304748_1757642305939_528892_BLS_07630019905244_A1N1.png",
    "available": true,
    "promoUntil": null
  },
  {
    "id": "404620TRL",
    "title": "AXE Anti-Transpirant Spray Black 150 ml x 6 stuks",
    "category": "Drogisterij en baby",
    "price": 44.94,
    "promoPrice": 31.45,
    "pricePerUnit": "34.94 l",
    "image": "https://www.jumbo.com/dam-images/fit-in/360x360/Products/404620TRL1b4d72995-9ab3-4d7f-ae98-68fc13a1ce91-1717485196990.png",
    "available": true,
    "promoUntil": "di 7 okt"
  },
  {
    "id": "552118BLK",
    "title": "Jopen - Hypercolour Double IPA - Blik - 330ML",
    "category": "Bier en wijn",
    "price": 3.19,
    "promoPrice": null,
    "pricePerUnit": "9.67 l",
    "image": "https://www.jumbo.com/dam-images/fit-in/360x360/Products/09082023_1691593194372_1691593208891_8714799302086_1.png",
    "available": true,
    "promoUntil": null
  },
  {
    "id": "633380FLS",
    "title": "Dreft White 21 Wasbeurten 945 ML",
    "category": "Huishouden en dieren",
    "price": 10.99,
    "promoPrice": null,
    "pricePerUnit": "0.52 wb",
    "image": "https://www.jumbo.com/dam-images/fit-in/360x360/Products/10082024_1723255131779_1723255134145_633380_FLS_08719558806591_C1N1.png",
    "available": true,
    "promoUntil": null
  },
  {
    "id": "691492STK",
    "title": "HEMA Steelpan RVS Napoli 14cm",
    "category": "Non-food en servicebalie",
    "price": 15.49,
    "promoPrice": null,
    "pricePerUnit": "15.49 pieces",
    "image": "https://www.jumbo.com/dam-images/fit-in/360x360/Products/05112024_1730776030516_1730776033097_640893_STK_08720354492772_C1N1.png",
    "available": true,
    "promoUntil": null
  },
  {
    "id": "678582DS",
    "title": "Hema Plastic Elastieken",
    "category": "Non-food en servicebalie",
    "price": 1.49,
    "promoPrice": null,
    "pricePerUnit": "0.01 pieces",
    "image": "https://www.jumbo.com/dam-images/fit-in/360x360/Products/07022025_1738939481143_1738939484571_678582_DS_08716618229130_C1N1.png",
    "available": true,
    "promoUntil": null
  },
  {
    "id": "633865ZK",
    "title": "Ella's Kitchen Organic Kiplekkere Ovenschotel met Tijm 8+ Maanden 190 g",
    "category": "Drogisterij en baby",
    "price": 2.96,
    "promoPrice": null,
    "pricePerUnit": "15.58 kg",
    "image": "https://www.jumbo.com/dam-images/fit-in/360x360/Products/11072024_1720679776114_1720679780667_5060503505384_1.png",
    "available": true,
    "promoUntil": null
  },
  {
    "id": "648727STK",
    "title": "Jumbo Basis Kaasplateau 272 g",
    "category": "Vleeswaren, kaas en tapas",
    "price": 5.0,
    "promoPrice": null,
    "pricePerUnit": "18.32 kg",
    "image": "https://www.jumbo.com/dam-images/fit-in/360x360/Products/31012025_1738337549280_1738337555879_8718452725687_1.png",
    "available": true,
    "promoUntil": null
  },
  {
    "id": "548274DS",
    "title": "Always Daily Fresh Slim Flexistyle Met frisse geur",
    "category": "Drogisterij en baby",
    "price": 3.29,
    "promoPrice": null,
    "pricePerUnit": "0.08 pieces",
    "image": "https://www.jumbo.com/dam-images/fit-in/360x360/Products/15082025_1755216054833_1755216058916_8006540806906_1.png",
    "available": true,
    "promoUntil": null
  },
  {
    "id": "179927ZK",
    "title": "Catisfactions met Zalige Zalmsmaak Mega Pack 180 g",
    "category": "Huishouden en dieren",
    "price": 5.73,
    "promoPrice": null,
    "pricePerUnit": "31.83 kg",
    "image": "https://www.jumbo.com/dam-images/fit-in/360x360/Products/02072025_1751445187169_1751445203193_4008429081699_596.png",
    "available": true,
    "promoUntil": null
  },
  {
    "id": "482804DS",
    "title": "Gourmet Nature's Creations Puree Kattensnacks met Kip en Pompoen",
    "category": "Huishouden en dieren",
    "price": 2.83,
    "promoPrice": null,
    "pricePerUnit": "56.6 kg",
    "image": "https://www.jumbo.com/dam-images/fit-in/360x360/Products/27062025_1750987553684_1750987601803_482804_DS_07613287408501_C1N1_s01.png",
    "available": true,
    "promoUntil": null
  },
  {
    "id": "348755POT",
    "title": "Jumbo Pesto Rood 2 x 90 g",
    "category": "Wereldkeukens, kruiden, pasta en rijst",
    "price": 1.81,
    "promoPrice": null,
    "pricePerUnit": "10.06 kg",
    "image": "https://www.jumbo.com/dam-images/fit-in/360x360/Products/09092025_1757421313329_1757421321256_8718452443826_1.png",
    "available": true,
    "promoUntil": null
  },
  {
    "id": "153063DS",
    "title": "Jumbo Aanvullend Dierenvoeder Denta Medium Dental Kauwsticks 28 Stuks 720 g",
    "category": "Huishouden en dieren",
    "price": 3.59,
    "promoPrice": null,
    "pricePerUnit": "4.99 kg",
    "image": "https://www.jumbo.com/dam-images/fit-in/360x360/Products/13052025_1747132386623_1747132398210_8718452532162_596.png",
    "available": true,
    "promoUntil": null
  },
  {
    "id": "485077FLS",
    "title": "Breugem - High Five Tripel - Fles - 330ML",
    "category": "Bier en wijn",
    "price": 2.95,
    "promoPrice": null,
    "pricePerUnit": "8.94 l",
    "image": "https://www.jumbo.com/dam-images/fit-in/360x360/Products/485077_8720153350440_1_T1_485077FLS1691162375137.png",
    "available": true,
    "promoUntil": null
  },
  {
    "id": "695413POT",
    "title": "Curalyn Vitamine D 25mg Kauwtabletten 300 Stuks",
    "category": "Drogisterij en baby",
    "price": 4.99,
    "promoPrice": null,
    "pricePerUnit": "0.02 pieces",
    "image": "https://www.jumbo.com/dam-images/fit-in/360x360/Products/24062025_1750727036179_1750727038936_695413_POT_08712113661345_C1N1_s01.png",
    "available": true,
    "promoUntil": null
  },
  {
    "id": "680218ZK",
    "title": "HEMA Eierlepels Kleur 6 Stuks",
    "category": "Non-food en servicebalie",
    "price": 2.59,
    "promoPrice": null,
    "pricePerUnit": "0.43 pieces",
    "image": "https://www.jumbo.com/dam-images/fit-in/360x360/Products/17022025_1739787970120_1739787973637_680218_ZK_08720354519790_C1N1.png",
    "available": true,
    "promoUntil": null
  },
  {
    "id": "694839DS",
    "title": "Isla Medic Acute Citrus-Honing Keelpastilles 20 Stuks",
    "category": "Drogisterij en baby",
    "price": 9.49,
    "promoPrice": null,
    "pricePerUnit": "0.47 pieces",
    "image": "https://www.jumbo.com/dam-images/fit-in/360x360/Products/23042025_1745396999657_1745397005959_694839_DS_04104480470097_C1N1_s01.png",
    "available": true,
    "promoUntil": null
  },
  {
    "id": "666398DS",
    "title": "Elmex Sensitive Tandpasta Fresh Cleaning 75ML",
    "category": "Drogisterij en baby",
    "price": 6.29,
    "promoPrice": null,
    "pricePerUnit": "83.87 l",
    "image": "https://www.jumbo.com/dam-images/fit-in/360x360/Products/04022025_1738642856588_1738642858579_666398_DS_08718951651319_C1N1.png",
    "available": true,
    "promoUntil": null
  },
  {
    "id": "617670FLS",
    "title": "Fever-Tree Ginger Beer Fles 500ML",
    "category": "Frisdrank en sappen",
    "price": 3.49,
    "promoPrice": null,
    "pricePerUnit": "6.98 l",
    "image": "https://www.jumbo.com/dam-images/fit-in/360x360/Products/20082024_1724119350245_1724119353506_617670_FLS_05060108450386_C1N1.png",
    "available": true,
    "promoUntil": null
  },
  {
    "id": "460534DS",
    "title": "Flowflex Sars-Cov-2 Antigen Zelftest 1 Stuk",
    "category": "Drogisterij en baby",
    "price": 2.49,
    "promoPrice": null,
    "pricePerUnit": "2.49 pieces",
    "image": "https://www.jumbo.com/dam-images/fit-in/360x360/Products/12122024_1734014580761_1734014585348_6921756492427_1.png",
    "available": true,
    "promoUntil": null
  },
  {
    "id": "648366STK",
    "title": "Curalyn inhaler 1st",
    "category": "Drogisterij en baby",
    "price": 3.49,
    "promoPrice": null,
    "pricePerUnit": "3.49 pieces",
    "image": "https://www.jumbo.com/dam-images/fit-in/360x360/Products/24092025_1758672093481_1758672096667_8712113654781_1.png",
    "available": true,
    "promoUntil": null
  },
  {
    "id": "576810DSL",
    "title": "6 x Organix Knijpfruit appel, aardbei & quinoa 12mnd",
    "category": "Drogisterij en baby",
    "price": 7.86,
    "promoPrice": null,
    "pricePerUnit": "13.1 kg",
    "image": "https://www.jumbo.com/dam-images/fit-in/360x360/Products/576810DSL16cd90e3a-3877-4e6e-adb3-a75f7e21ee41-1711454243190.png",
    "available": true,
    "promoUntil": null
  },
  {
    "id": "680075FLS",
    "title": "Head & Shoulders Sensitive Anti-roos Shampoo 300ml",
    "category": "Drogisterij en baby",
    "price": 7.69,
    "promoPrice": null,
    "pricePerUnit": "25.63 l",
    "image": "https://www.jumbo.com/dam-images/fit-in/360x360/Products/15082025_1755216083544_1755216086171_8700216318273_1.png",
    "available": true,
    "promoUntil": null
  },
  {
    "id": "709938ZK",
    "title": "Jumbo Biologisch Baby Spinazie 50 g",
    "category": "Aardappelen, groente en fruit",
    "price": 1.19,
    "promoPrice": null,
    "pricePerUnit": "23.8 kg",
    "image": "https://www.jumbo.com/dam-images/fit-in/360x360/Products/15092025_1757943177886_1757943184931_8718452932139_1.png",
    "available": true,
    "promoUntil": null
  },
  {
    "id": "673171PAK",
    "title": "Daim Caramel Ice Cream with Milk Chocolate Coated Daim Pieces 3 Stuks",
    "category": "Diepvries",
    "price": 3.99,
    "promoPrice": null,
    "pricePerUnit": "14.78 l",
    "image": "https://www.jumbo.com/dam-images/fit-in/360x360/Products/14012025_1736883146553_1736883156063_4007993033769_1.png",
    "available": true,
    "promoUntil": null
  },
  {
    "id": "701655DS",
    "title": "Durex Originals Extra Safe condooms, 12st",
    "category": "Drogisterij en baby",
    "price": 13.99,
    "promoPrice": null,
    "pricePerUnit": "1.17 pieces",
    "image": "https://www.jumbo.com/dam-images/fit-in/360x360/Products/22082025_1755820933441_1755820938374_5010232967465_1.png",
    "available": true,
    "promoUntil": null
  },
  {
    "id": "684409FLS",
    "title": "Elvive Dream Lengths Herstellende Shampoo 250 ml",
    "category": "Drogisterij en baby",
    "price": 7.29,
    "promoPrice": null,
    "pricePerUnit": "29.16 l",
    "image": "https://www.jumbo.com/dam-images/fit-in/360x360/Products/09082023_1691584999591_1691585005971_3600523583799_1.png",
    "available": true,
    "promoUntil": null
  },
  {
    "id": "493555POT",
    "title": "Euroma Chili con carne ",
    "category": "Wereldkeukens, kruiden, pasta en rijst",
    "price": 3.95,
    "promoPrice": null,
    "pricePerUnit": "63.71 kg",
    "image": "https://www.jumbo.com/dam-images/fit-in/360x360/Products/13092024_1726196020926_1726196030707_493555_POT_08717600337154_C1N1.png",
    "available": true,
    "promoUntil": null
  },
  {
    "id": "85301PAK",
    "title": "De Bron Fruit-Gums Suikervrij 100 g",
    "category": "Koek, snoep, chocolade en chips",
    "price": 1.79,
    "promoPrice": null,
    "pricePerUnit": "17.9 kg",
    "image": "https://www.jumbo.com/dam-images/fit-in/360x360/Products/10062025_1749569567861_1749569578241_8712514092113_1.png",
    "available": true,
    "promoUntil": null
  },
  {
    "id": "227433TUB",
    "title": "Conimex Boemboe Ajam Paniki 95 g",
    "category": "Wereldkeukens, kruiden, pasta en rijst",
    "price": 1.87,
    "promoPrice": null,
    "pricePerUnit": "19.68 kg",
    "image": "https://www.jumbo.com/dam-images/fit-in/360x360/Products/14042025_1744592743671_1744592784737_227433_TUB_08711200403431_H1N1.png",
    "available": true,
    "promoUntil": null
  },
  {
    "id": "411789STK",
    "title": "Jumbo Ramen Noodles 300 g",
    "category": "Wereldkeukens, kruiden, pasta en rijst",
    "price": 2.47,
    "promoPrice": null,
    "pricePerUnit": "8.23 kg",
    "image": "https://www.jumbo.com/dam-images/fit-in/360x360/Products/09082023_1691588269431_1691588281095_8718452542406_1.png",
    "available": true,
    "promoUntil": null
  },
  {
    "id": "547253FLS",
    "title": "Jumbo Shot Biet 125ML",
    "category": "Frisdrank en sappen",
    "price": 1.0,
    "promoPrice": null,
    "pricePerUnit": "8.0 l",
    "image": "https://www.jumbo.com/dam-images/fit-in/360x360/Products/04112024_1730752387263_1730752392021_8718452863815_1.png",
    "available": true,
    "promoUntil": null
  },
  {
    "id": "152909STK",
    "title": "CRUNCH Witte chocolade reep",
    "category": "Koek, snoep, chocolade en chips",
    "price": 2.15,
    "promoPrice": null,
    "pricePerUnit": "21.5 kg",
    "image": "https://www.jumbo.com/dam-images/fit-in/360x360/Products/23092025_1758589797859_1758589806738_152909_STK_04005500534600_C1N1_s01.png",
    "available": true,
    "promoUntil": null
  },
  {
    "id": "451046STK",
    "title": "Davitamon Junior 3-12 kauwvitamines framboos, 60 stuks",
    "category": "Drogisterij en baby",
    "price": 14.29,
    "promoPrice": null,
    "pricePerUnit": "0.24 pieces",
    "image": "https://www.jumbo.com/dam-images/fit-in/360x360/Products/22082025_1755820891100_1755820897072_8710537703627_1.png",
    "available": true,
    "promoUntil": null
  },
  {
    "id": "622167STK",
    "title": "Difrax Anti-Lek Rietjes Beker",
    "category": "Drogisterij en baby",
    "price": 10.77,
    "promoPrice": null,
    "pricePerUnit": "10.77 pieces",
    "image": "https://www.jumbo.com/dam-images/fit-in/360x360/Products/27072024_1722047498084_1722047503990_622167_STK_08711736929603_C1N1.png",
    "available": true,
    "promoUntil": null
  },
  {
    "id": "125754POT",
    "title": "Go-Tan Koenjit Geelwortel 30g",
    "category": "Wereldkeukens, kruiden, pasta en rijst",
    "price": 2.19,
    "promoPrice": null,
    "pricePerUnit": "73.0 kg",
    "image": "https://www.jumbo.com/dam-images/fit-in/360x360/Products/09082023_1691591931166_1691591936030_8710605092462_1.png",
    "available": true,
    "promoUntil": null
  },
  {
    "id": "550217ZK",
    "title": "Hands Off Bites Peanut 185 g",
    "category": "Koek, snoep, chocolade en chips",
    "price": 3.95,
    "promoPrice": null,
    "pricePerUnit": "21.35 kg",
    "image": "https://www.jumbo.com/dam-images/fit-in/360x360/Products/16072024_1721144059777_1721144063633_8718754740753_1.png",
    "available": true,
    "promoUntil": null
  },
  {
    "id": "582448FLS",
    "title": "Holyshot Maté Guarana Organic Energy Shot 60 ml",
    "category": "Frisdrank en sappen",
    "price": 1.59,
    "promoPrice": null,
    "pricePerUnit": "26.5 l",
    "image": "https://www.jumbo.com/dam-images/fit-in/360x360/Products/14112024_1731583994798_1731584001677_5425032065035_1.png",
    "available": true,
    "promoUntil": null
  },
  {
    "id": "718131BUS",
    "title": "Jumbo Basilicum Gedroogd 60 g",
    "category": "Wereldkeukens, kruiden, pasta en rijst",
    "price": 6.08,
    "promoPrice": null,
    "pricePerUnit": "101.33 kg",
    "image": "https://www.jumbo.com/dam-images/fit-in/360x360/Products/09082023_1691581022919_1691581030962_8718452205080_1.png",
    "available": true,
    "promoUntil": null
  },
  {
    "id": "688109STK",
    "title": "Jumbo Verspakket Indonesische Nasi Speciaal 4 Personen",
    "category": "Wereldkeukens, kruiden, pasta en rijst",
    "price": 13.5,
    "promoPrice": null,
    "pricePerUnit": "None None",
    "image": "https://www.jumbo.com/dam-images/fit-in/360x360/Products/200584876e58d8de-12fc-4877-91aa-0aa1c6d3c5df-1742912331566.png",
    "available": true,
    "promoUntil": null
  },
  {
    "id": "605872PAK",
    "title": "Bambix Kant-en-Klaar Drinkpapje Granen 12+ Maanden 3 x 250 ml",
    "category": "Drogisterij en baby",
    "price": 2.79,
    "promoPrice": null,
    "pricePerUnit": "3.72 l",
    "image": "https://www.jumbo.com/dam-images/fit-in/360x360/Products/02052024_1714646048617_1714646059385_5410441004287_1.png",
    "available": true,
    "promoUntil": null
  },
  {
    "id": "232949STK",
    "title": "Alpecin C1 Caffeine Shampoo Hair Energizer 250 ml",
    "category": "Drogisterij en baby",
    "price": 6.99,
    "promoPrice": null,
    "pricePerUnit": "27.96 l",
    "image": "https://www.jumbo.com/dam-images/fit-in/360x360/Products/10082023_1691677607394_1691677609174_4008666211637_1.png",
    "available": true,
    "promoUntil": null
  },
  {
    "id": "451702BLS",
    "title": "Aquafresh Clean Control Soft dagelijkse Tandenborstel 1 stuk, 100% plasticvrije verpakking",
    "category": "Drogisterij en baby",
    "price": 2.49,
    "promoPrice": null,
    "pricePerUnit": "2.49 pieces",
    "image": "https://www.jumbo.com/dam-images/fit-in/360x360/Products/05092025_1757039181019_1757039183136_451702_BLS_05054563926128_C1N1.png",
    "available": true,
    "promoUntil": null
  },
  {
    "id": "606575DS",
    "title": "Autodrop Doldwade Dubbeldekkers Drop-Fruit 280 gram",
    "category": "Koek, snoep, chocolade en chips",
    "price": 3.09,
    "promoPrice": null,
    "pricePerUnit": "11.04 kg",
    "image": "https://www.jumbo.com/dam-images/fit-in/360x360/Products/28122023_1703730115566_1703730119995_606575_DS_08710452402728_C1N1.png",
    "available": true,
    "promoUntil": null
  },
  {
    "id": "575129ZK",
    "title": "Conimex Pasta Thaise Groene Curry 90 g",
    "category": "Wereldkeukens, kruiden, pasta en rijst",
    "price": 2.79,
    "promoPrice": null,
    "pricePerUnit": "31.0 kg",
    "image": "https://www.jumbo.com/dam-images/fit-in/360x360/Products/07082025_1754528693164_1754528753166_575129_ZK_08720182602213_H1N1.png",
    "available": true,
    "promoUntil": null
  },
  {
    "id": "171679TUB",
    "title": "Elmex Anti-Cariës Peuter 0-5 Jaar Fluoride Tandpasta 75ML",
    "category": "Drogisterij en baby",
    "price": 3.99,
    "promoPrice": null,
    "pricePerUnit": "53.2 l",
    "image": "https://www.jumbo.com/dam-images/fit-in/360x360/Products/04042024_1712192975510_1712192978179_171679_TUB_08718951084131_C1N1.png",
    "available": true,
    "promoUntil": null
  },
  {
    "id": "705316FLS",
    "title": "Gulden Draak Blond 330ML",
    "category": "Bier en wijn",
    "price": 2.35,
    "promoPrice": null,
    "pricePerUnit": "7.12 l",
    "image": "https://www.jumbo.com/dam-images/fit-in/360x360/Products/28072025_1753706821131_1753706823513_705316_FLS_05411663783752_C1N1.png",
    "available": true,
    "promoUntil": null
  },
  {
    "id": "623721PAK",
    "title": "BioToday Chocolade met Hazelnoten 100 g",
    "category": "Koek, snoep, chocolade en chips",
    "price": 3.79,
    "promoPrice": null,
    "pricePerUnit": "37.9 kg",
    "image": "https://www.jumbo.com/dam-images/fit-in/360x360/Products/20022025_1740040385790_1740040390150_8719153042486_1.png",
    "available": true,
    "promoUntil": null
  },
  {
    "id": "624145ZK",
    "title": "BioToday Erwtenflips Paprika 75 g",
    "category": "Koek, snoep, chocolade en chips",
    "price": 2.47,
    "promoPrice": null,
    "pricePerUnit": "32.93 kg",
    "image": "https://www.jumbo.com/dam-images/fit-in/360x360/Products/25082025_1756107230953_1756107236637_8719153046576_1.png",
    "available": true,
    "promoUntil": null
  },
  {
    "id": "70505PAK",
    "title": "Blistex MedPlus SPF 15 potje 7 ml",
    "category": "Drogisterij en baby",
    "price": 3.59,
    "promoPrice": null,
    "pricePerUnit": "512.86 l",
    "image": "https://www.jumbo.com/dam-images/fit-in/360x360/Products/27042024_1714180378410_1714180381772_70505_PAK_08717591561927_C1N1.png",
    "available": true,
    "promoUntil": null
  },
  {
    "id": "641623STK",
    "title": "Bonvallis Pan de Higo Vijgen & Amandelbrood 250 g",
    "category": "Vleeswaren, kaas en tapas",
    "price": 2.59,
    "promoPrice": null,
    "pricePerUnit": "10.36 kg",
    "image": "https://www.jumbo.com/dam-images/fit-in/360x360/Products/16092025_1758033291088_1758033299763_8437002679507_1.png",
    "available": true,
    "promoUntil": null
  },
  {
    "id": "696337DS",
    "title": "Duracell Optimum AA 4 Stuks",
    "category": "Non-food en servicebalie",
    "price": 9.39,
    "promoPrice": null,
    "pricePerUnit": "2.35 pieces",
    "image": "https://www.jumbo.com/dam-images/fit-in/360x360/Products/31072025_1753924677044_1753924680819_696337_DS_05000394137486_C1N1.png",
    "available": true,
    "promoUntil": null
  },
  {
    "id": "214370POT",
    "title": "Euroma Rozemarijn 32 g",
    "category": "Wereldkeukens, kruiden, pasta en rijst",
    "price": 5.44,
    "promoPrice": null,
    "pricePerUnit": "170.0 kg",
    "image": "https://www.jumbo.com/dam-images/fit-in/360x360/Products/12122023_1702346686341_1702346705175_214370_POT_08717600260476_C1N1.png",
    "available": true,
    "promoUntil": null
  },
  {
    "id": "624769RP",
    "title": "Feastables MrBeast Melk Chocolade Reep",
    "category": "Koek, snoep, chocolade en chips",
    "price": 2.96,
    "promoPrice": null,
    "pricePerUnit": "49.33 kg",
    "image": "https://www.jumbo.com/dam-images/fit-in/360x360/Products/17072024_1721212452727_1721212467373_1230000168045_1.png",
    "available": true,
    "promoUntil": null
  },
  {
    "id": "326723STK",
    "title": "GUM® BI-DIRECTION Ragers 0.7 mm 6 Stuks",
    "category": "Drogisterij en baby",
    "price": 6.49,
    "promoPrice": null,
    "pricePerUnit": "1.08 pieces",
    "image": "https://www.jumbo.com/dam-images/fit-in/360x360/Products/06092025_1757120931404_1757120936668_326723_STK_07630019903370_C1N1.png",
    "available": true,
    "promoUntil": null
  },
  {
    "id": "678375BLS",
    "title": "HEMA Teennagelknipper met Nagelvijl",
    "category": "Drogisterij en baby",
    "price": 2.89,
    "promoPrice": null,
    "pricePerUnit": "2.89 pieces",
    "image": "https://www.jumbo.com/dam-images/fit-in/360x360/Products/06022025_1738858668435_1738858675603_678375_BLS_08718537567898_C1N1.png",
    "available": true,
    "promoUntil": null
  },
  {
    "id": "661114KGR",
    "title": "Jumbo Cambozola Blauwschimmelkaas 70+ ca. 150 g",
    "category": "Vleeswaren, kaas en tapas",
    "price": 3.22,
    "promoPrice": null,
    "pricePerUnit": "22.99 kg",
    "image": "https://www.jumbo.com/dam-images/fit-in/360x360/Products/13082024_1723556070152_1723556074239_2349049000000_1.png",
    "available": true,
    "promoUntil": null
  },
  {
    "id": "648731STK",
    "title": "Jumbo Carré d'Aurillac Blauwschimmelkaas 50+ ca. 110g",
    "category": "Vleeswaren, kaas en tapas",
    "price": 2.39,
    "promoPrice": null,
    "pricePerUnit": "22.76 kg",
    "image": "https://www.jumbo.com/dam-images/fit-in/360x360/Products/07062024_1717759995247_1717760000742_8718452711512_1.png",
    "available": true,
    "promoUntil": null
  },
  {
    "id": "586492FLS",
    "title": "Château Plincette - Pomerol - 750ML",
    "category": "Bier en wijn",
    "price": 23.99,
    "promoPrice": null,
    "pricePerUnit": "31.99 l",
    "image": "https://www.jumbo.com/dam-images/fit-in/360x360/Products/30042024_1714463353826_1714463356836_3760041215258_1.png",
    "available": true,
    "promoUntil": null
  },
  {
    "id": "647383DS",
    "title": "Jumbo Fruitijs Sticks Mango-Passievrucht 4 Stuks",
    "category": "Diepvries",
    "price": 2.99,
    "promoPrice": null,
    "pricePerUnit": "11.5 l",
    "image": "https://www.jumbo.com/dam-images/fit-in/360x360/Products/30062025_1751293987823_1751294007686_8718452853007_596.png",
    "available": true,
    "promoUntil": null
  },
  {
    "id": "677605STK",
    "title": "Jumbo Hond Paté met Rund 4 x 100 g",
    "category": "Huishouden en dieren",
    "price": 1.8,
    "promoPrice": null,
    "pricePerUnit": "None None",
    "image": "https://www.jumbo.com/dam-images/fit-in/360x360/Products/20258757c8c3f1b3-f6cc-4ae9-a545-5d254b2d785a-1751282858829.png",
    "available": true,
    "promoUntil": null
  },
  {
    "id": "616660STK",
    "title": "Elmex Interdentale Ragers 0.5mm 8 Stuks",
    "category": "Drogisterij en baby",
    "price": 6.99,
    "promoPrice": null,
    "pricePerUnit": "0.87 pieces",
    "image": "https://www.jumbo.com/dam-images/fit-in/360x360/Products/29022024_1709191679873_1709191682886_616660_STK_08718951568235_C1N1.png",
    "available": true,
    "promoUntil": null
  },
  {
    "id": "562383FLS",
    "title": "Gouden Carolus - Classic Blond - Fles - 330ML",
    "category": "Bier en wijn",
    "price": 2.35,
    "promoPrice": null,
    "pricePerUnit": "7.12 l",
    "image": "https://www.jumbo.com/dam-images/fit-in/360x360/Products/10082023_1691677235685_1691677240922_5425006240017_1.png",
    "available": true,
    "promoUntil": null
  },
  {
    "id": "421504ZK",
    "title": "Jumbo Hondenbrokken Sensitive Zalm & Rijst 1,5 kg",
    "category": "Huishouden en dieren",
    "price": 7.99,
    "promoPrice": null,
    "pricePerUnit": "5.33 kg",
    "image": "https://www.jumbo.com/dam-images/fit-in/360x360/Products/09082023_1691588097878_1691588179107_8718452508877_1.png",
    "available": true,
    "promoUntil": null
  },
  {
    "id": "433610STK",
    "title": "Jumbo Kroketten, Frikandellen en Kaassouflés",
    "category": "Diepvries",
    "price": 8.03,
    "promoPrice": null,
    "pricePerUnit": "None None",
    "image": "https://www.jumbo.com/dam-images/fit-in/360x360/Products/433610STK277c7cb33-af58-4802-b0cc-3b952465e8b9-1713527761734.png",
    "available": true,
    "promoUntil": null
  },
  {
    "id": "511789PAK",
    "title": "Blue Dragon Fragrant Pad Thai Stir Fry Sauce 120 g",
    "category": "Wereldkeukens, kruiden, pasta en rijst",
    "price": 1.69,
    "promoPrice": null,
    "pricePerUnit": "14.08 kg",
    "image": "https://www.jumbo.com/dam-images/fit-in/360x360/Products/04012025_1735959948248_1735959968760_511789_PAK_05010338101176_H1N1.png",
    "available": true,
    "promoUntil": null
  },
  {
    "id": "96188STK",
    "title": "Canesten Skin Crème 30 gram",
    "category": "Drogisterij en baby",
    "price": 12.99,
    "promoPrice": null,
    "pricePerUnit": "433.0 kg",
    "image": "https://www.jumbo.com/dam-images/fit-in/360x360/Products/24092025_1758672060417_1758672063384_8713091111334_1.png",
    "available": true,
    "promoUntil": null
  },
  {
    "id": "443113ZK",
    "title": "Conimex Kroepoek Pittige Jakarta 75 g",
    "category": "Wereldkeukens, kruiden, pasta en rijst",
    "price": 1.5,
    "promoPrice": null,
    "pricePerUnit": "20.0 kg",
    "image": "https://www.jumbo.com/dam-images/fit-in/360x360/Products/07022024_1707271514150_1707271552667_443113_ZK_08710522975961_C1N1.png",
    "available": true,
    "promoUntil": null
  },
  {
    "id": "713206DS",
    "title": "FELIX® Heerlijke Reepjes Farm Selectie Kattenvoer 44x80g",
    "category": "Huishouden en dieren",
    "price": 23.69,
    "promoPrice": null,
    "pricePerUnit": "6.73 kg",
    "image": "https://www.jumbo.com/dam-images/fit-in/360x360/Products/08082025_1754678044242_1754678047637_7613037364637_1.png",
    "available": true,
    "promoUntil": null
  },
  {
    "id": "608717PAK",
    "title": "Jumbo Biologische Kaas Belegen 50+ 6 Plakken 190 g",
    "category": "Vleeswaren, kaas en tapas",
    "price": 3.69,
    "promoPrice": null,
    "pricePerUnit": "19.42 kg",
    "image": "https://www.jumbo.com/dam-images/fit-in/360x360/Products/12122024_1734021185409_1734021190600_8718452764341_1.png",
    "available": true,
    "promoUntil": null
  },
  {
    "id": "711654STK",
    "title": "Jumbo Fijne Mousse met Kip 4 x 85 g",
    "category": "Huishouden en dieren",
    "price": 2.36,
    "promoPrice": null,
    "pricePerUnit": "None None",
    "image": "https://www.jumbo.com/dam-images/fit-in/360x360/Products/20258467274b0ce7-4049-4057-8b54-46857ef7efe5-1753784946133.png",
    "available": true,
    "promoUntil": null
  },
  {
    "id": "71824FLS",
    "title": "Jumbo Roerbaksaus Ajam Pangang met Bamboescheuten 490 g",
    "category": "Wereldkeukens, kruiden, pasta en rijst",
    "price": 1.95,
    "promoPrice": null,
    "pricePerUnit": "3.9 l",
    "image": "https://www.jumbo.com/dam-images/fit-in/360x360/Products/10082023_1691676461892_1691676471668_8718449007178_1.png",
    "available": true,
    "promoUntil": null
  },
  {
    "id": "603898STK",
    "title": "Jumbo Vers Sap Chia, Mango, Passievrucht, Banaan & Appel 3 x 250ML",
    "category": "Aardappelen, groente en fruit",
    "price": 5.97,
    "promoPrice": null,
    "pricePerUnit": "None None",
    "image": "https://www.jumbo.com/dam-images/fit-in/360x360/Products/603898STK702f5f75-9176-44cc-ad80-39500ced0bf7-1733299310061.png",
    "available": true,
    "promoUntil": null
  },
  {
    "id": "432872FLS",
    "title": "100 Watt - Orchestra of Angels NEIPA - Fles - 330ML",
    "category": "Bier en wijn",
    "price": 3.19,
    "promoPrice": null,
    "pricePerUnit": "9.67 l",
    "image": "https://www.jumbo.com/dam-images/fit-in/360x360/Products/20092025_1758332520653_1758332521488_432872_FLS_08719189283914_A1N1.png",
    "available": true,
    "promoUntil": null
  },
  {
    "id": "142670POT",
    "title": "Euroma Basilicum Vriesdroog 9 g",
    "category": "Wereldkeukens, kruiden, pasta en rijst",
    "price": 3.19,
    "promoPrice": null,
    "pricePerUnit": "354.44 kg",
    "image": "https://www.jumbo.com/dam-images/fit-in/360x360/Products/08082024_1723079359446_1723079375772_142670_POT_08717600197116_C1N1.png",
    "available": true,
    "promoUntil": null
  },
  {
    "id": "617481FLS",
    "title": "Bar-Le-Duc Mineraalwater Koolzuurvrij Fles 1,5L",
    "category": "Frisdrank en sappen",
    "price": 0.77,
    "promoPrice": null,
    "pricePerUnit": "0.51 l",
    "image": "https://www.jumbo.com/dam-images/fit-in/360x360/Products/26052025_1748229063521_1748229066430_617481_FLS_08722200963030_H1N1.png",
    "available": true,
    "promoUntil": null
  },
  {
    "id": "142674POT",
    "title": "Euroma Provençaalse Kruiden Vriesdroog 10 g",
    "category": "Wereldkeukens, kruiden, pasta en rijst",
    "price": 3.89,
    "promoPrice": null,
    "pricePerUnit": "389.0 kg",
    "image": "https://www.jumbo.com/dam-images/fit-in/360x360/Products/12122023_1702364962452_1702364979675_142674_POT_08717600197222_C1N1.png",
    "available": true,
    "promoUntil": null
  },
  {
    "id": "637285FLS",
    "title": "Finca Las Moras -Torrontes - 75 0 ML",
    "category": "Bier en wijn",
    "price": 5.99,
    "promoPrice": 4.99,
    "pricePerUnit": "6.65 l",
    "image": "https://www.jumbo.com/dam-images/fit-in/360x360/Products/24092024_1727192005602_1727192009360_7791540000041_1.png",
    "available": true,
    "promoUntil": "di 30 sep"
  },
  {
    "id": "169520DS",
    "title": "Honig Snelle Roerbakmie 300 g",
    "category": "Wereldkeukens, kruiden, pasta en rijst",
    "price": 1.87,
    "promoPrice": null,
    "pricePerUnit": "6.23 kg",
    "image": "https://www.jumbo.com/dam-images/fit-in/360x360/Products/18072025_1752805126320_1752805133638_169520_DS_08714700996946_H1N1.png",
    "available": true,
    "promoUntil": null
  },
  {
    "id": "464856ZK",
    "title": "BioToday Spelt-Speculaasjes 175 g",
    "category": "Koek, snoep, chocolade en chips",
    "price": 3.39,
    "promoPrice": null,
    "pricePerUnit": "19.37 kg",
    "image": "https://www.jumbo.com/dam-images/fit-in/360x360/Products/27082025_1756294452365_1756294456510_8719153029623_1.png",
    "available": true,
    "promoUntil": null
  },
  {
    "id": "577106STK",
    "title": "Ella's Kitchen Blauwe bessen, appels, bananen 4+ biologisch 120 g",
    "category": "Drogisterij en baby",
    "price": 1.93,
    "promoPrice": null,
    "pricePerUnit": "16.08 kg",
    "image": "https://www.jumbo.com/dam-images/fit-in/360x360/Products/20032025_1742438212428_1742438214653_577106_STK_05060503500686_C1N1.png",
    "available": true,
    "promoUntil": null
  },
  {
    "id": "176574STK",
    "title": "Haribo Happy Cola 250 g",
    "category": "Koek, snoep, chocolade en chips",
    "price": 2.17,
    "promoPrice": null,
    "pricePerUnit": "8.68 kg",
    "image": "https://www.jumbo.com/dam-images/fit-in/360x360/Products/16082025_1755307758196_1755307782423_176574_STK_.png",
    "available": true,
    "promoUntil": null
  },
  {
    "id": "164608BLK",
    "title": "Heinz Tomaten Gepeld",
    "category": "Wereldkeukens, kruiden, pasta en rijst",
    "price": 1.21,
    "promoPrice": null,
    "pricePerUnit": "3.03 kg",
    "image": "https://www.jumbo.com/dam-images/fit-in/360x360/Products/02082025_1754098936190_1754098943288_164608_BLK_08715700422268_H1N1.png",
    "available": true,
    "promoUntil": null
  },
  {
    "id": "710980ZK",
    "title": "Jumbo Kruidnoten Speculoossmaak 200 g",
    "category": "Koek, snoep, chocolade en chips",
    "price": 2.79,
    "promoPrice": null,
    "pricePerUnit": "13.95 kg",
    "image": "https://www.jumbo.com/dam-images/fit-in/360x360/Products/25072025_1753432374980_1753432384563_8718452921904_596.png",
    "available": true,
    "promoUntil": null
  },
  {
    "id": "640731DS",
    "title": "HG Apparaten Onderhoudsmonteur voor Was- en Vaatwasmachines 2 x 100 g",
    "category": "Huishouden en dieren",
    "price": 11.99,
    "promoPrice": null,
    "pricePerUnit": "59.95 kg",
    "image": "https://www.jumbo.com/dam-images/fit-in/360x360/Products/27032025_1743042944947_1743042949996_640731_DS_08711577190125_C1N1.png",
    "available": true,
    "promoUntil": null
  },
  {
    "id": "394145TRA",
    "title": "Jumbo Vegetarische Filet Americain Peper 150 g",
    "category": "Vleeswaren, kaas en tapas",
    "price": 2.39,
    "promoPrice": null,
    "pricePerUnit": "15.93 kg",
    "image": "https://www.jumbo.com/dam-images/fit-in/360x360/Products/17012024_1705505709966_1705505723240_8718452750481_1.png",
    "available": true,
    "promoUntil": null
  },
  {
    "id": "689529ZK",
    "title": "Jumbo Oregano 15 g",
    "category": "Aardappelen, groente en fruit",
    "price": 1.19,
    "promoPrice": null,
    "pricePerUnit": "79.33 kg",
    "image": "https://www.jumbo.com/dam-images/fit-in/360x360/Products/11062025_1749656025841_1749656030256_8718452896981_1.png",
    "available": true,
    "promoUntil": null
  },
  {
    "id": "622578CUP",
    "title": "Hertog IJs IJssalon Amarena-Kers Vanille 825 ml",
    "category": "Diepvries",
    "price": 5.79,
    "promoPrice": null,
    "pricePerUnit": "7.02 l",
    "image": "https://www.jumbo.com/dam-images/fit-in/360x360/Products/14052025_1747190447802_1747190530298_622578_CUP_08711327617230_H1N1.png",
    "available": true,
    "promoUntil": null
  },
  {
    "id": "648737CUP",
    "title": "Jumbo Salade Gevuld Eitje 150 g",
    "category": "Vleeswaren, kaas en tapas",
    "price": 2.39,
    "promoPrice": null,
    "pricePerUnit": "15.93 kg",
    "image": "https://www.jumbo.com/dam-images/fit-in/360x360/Products/26062025_1750948394755_1750948402060_8718452879922_1.png",
    "available": true,
    "promoUntil": null
  },
  {
    "id": "706330STK",
    "title": "Cremeux Blue Kaas 150 g",
    "category": "Vleeswaren, kaas en tapas",
    "price": 2.5,
    "promoPrice": null,
    "pricePerUnit": "16.67 kg",
    "image": "https://www.jumbo.com/dam-images/fit-in/360x360/Products/20082025_1755696814733_1755696822165_8720634784474_1.png",
    "available": true,
    "promoUntil": null
  },
  {
    "id": "679848STK",
    "title": "HEMA Panty 20D 44/46 Zwart Ladder Resistent",
    "category": "Non-food en servicebalie",
    "price": 8.99,
    "promoPrice": null,
    "pricePerUnit": "8.99 pieces",
    "image": "https://www.jumbo.com/dam-images/fit-in/360x360/Products/14022025_1739526464959_1739526469079_679848_STK_08718537935475_C1N1.png",
    "available": true,
    "promoUntil": null
  },
  {
    "id": "603688STK",
    "title": "Jumbo Vers Sap Chia, Spinazie, Kiwi, Mango & Appel 3 x 250ML",
    "category": "Aardappelen, groente en fruit",
    "price": 5.97,
    "promoPrice": null,
    "pricePerUnit": "None None",
    "image": "https://www.jumbo.com/dam-images/fit-in/360x360/Products/603688STK34d7c981-fbe1-43eb-a4dc-671e3e32aebe-1733299202891.png",
    "available": true,
    "promoUntil": null
  },
  {
    "id": "538536DS",
    "title": "Desperados Original Bier Blik 6 x 330ml",
    "category": "Bier en wijn",
    "price": 9.99,
    "promoPrice": null,
    "pricePerUnit": "5.05 l",
    "image": "https://www.jumbo.com/dam-images/fit-in/360x360/Products/07012025_1736267693867_1736267701226_8712000059415_1.png",
    "available": true,
    "promoUntil": null
  },
  {
    "id": "530914ZK",
    "title": "Go-Tan Emping salted 90g",
    "category": "Wereldkeukens, kruiden, pasta en rijst",
    "price": 3.16,
    "promoPrice": null,
    "pricePerUnit": "35.11 kg",
    "image": "https://www.jumbo.com/dam-images/fit-in/360x360/Products/24042024_1713921278098_1713921286565_530914_ZK_08710605043020_C1N1.png",
    "available": true,
    "promoUntil": null
  },
  {
    "id": "670387PAK",
    "title": "Appelsientje FruitDrink Tomaat 1L",
    "category": "Frisdrank en sappen",
    "price": 1.99,
    "promoPrice": null,
    "pricePerUnit": "1.99 l",
    "image": "https://www.jumbo.com/dam-images/fit-in/360x360/Products/29062025_1751159600133_1751159619274_670387_PAK_08720157402862_C1N1.png",
    "available": true,
    "promoUntil": null
  },
  {
    "id": "667430STK",
    "title": "HEMA Servetten 24X24 Multi Color 20 Stuks",
    "category": "Non-food en servicebalie",
    "price": 1.79,
    "promoPrice": null,
    "pricePerUnit": "0.09 pieces",
    "image": "https://www.jumbo.com/dam-images/fit-in/360x360/Products/04122024_1733304058355_1733304063775_667430_STK_08720354508763_C1N1.png",
    "available": true,
    "promoUntil": null
  },
  {
    "id": "613732BLK",
    "title": "Bozu Mango Iced Tea 250ml",
    "category": "Bier en wijn",
    "price": 2.17,
    "promoPrice": null,
    "pricePerUnit": "8.68 l",
    "image": "https://www.jumbo.com/dam-images/fit-in/360x360/Products/11032025_1741689166154_1741689172560_8719327712184_1.png",
    "available": true,
    "promoUntil": null
  },
  {
    "id": "578045ZK",
    "title": "Jumbo Gezouten Borrelnoten Provençaals 275 g",
    "category": "Koek, snoep, chocolade en chips",
    "price": 3.49,
    "promoPrice": null,
    "pricePerUnit": "12.69 kg",
    "image": "https://www.jumbo.com/dam-images/fit-in/360x360/Products/14022024_1707873702107_1707873708169_8718452740376_1.png",
    "available": true,
    "promoUntil": null
  },
  {
    "id": "605476DS",
    "title": "Jumbo WC Blok Lavendel Navulling 2 x 40 g",
    "category": "Huishouden en dieren",
    "price": 1.1,
    "promoPrice": null,
    "pricePerUnit": "0.55 pieces",
    "image": "https://www.jumbo.com/dam-images/fit-in/360x360/Products/16092025_1758018770435_1758018783326_8718452916696_596.png",
    "available": true,
    "promoUntil": null
  },
  {
    "id": "621569KGR",
    "title": "Jumbo West Country Farmhouse Cheddar Kaas ca. 125 g",
    "category": "Vleeswaren, kaas en tapas",
    "price": 3.32,
    "promoPrice": null,
    "pricePerUnit": "26.54 kg",
    "image": "https://www.jumbo.com/dam-images/fit-in/360x360/Products/16072024_1721144060856_1721144069855_2348763000000_1.png",
    "available": true,
    "promoUntil": null
  },
  {
    "id": "558743ZK",
    "title": "Al'Fez Vuurgebakken Libanese Stijl Flatbreads met Kruidige Za'atar 2 Stuks 180 g",
    "category": "Wereldkeukens, kruiden, pasta en rijst",
    "price": 2.76,
    "promoPrice": null,
    "pricePerUnit": "15.33 kg",
    "image": "https://www.jumbo.com/dam-images/fit-in/360x360/Products/18122024_1734490165554_1734490178629_558743_ZK_05010338000479_H1N1.png",
    "available": true,
    "promoUntil": null
  },
  {
    "id": "491951DS",
    "title": "Fairtrade Original Aromatische Rijst 400 g",
    "category": "Wereldkeukens, kruiden, pasta en rijst",
    "price": 2.56,
    "promoPrice": null,
    "pricePerUnit": "6.4 kg",
    "image": "https://www.jumbo.com/dam-images/fit-in/360x360/Products/10042025_1744249813538_1744249816955_491951_DS_08711741359310_C1N1.png",
    "available": true,
    "promoUntil": null
  },
  {
    "id": "637060DS",
    "title": "Dalla Costa Protein Penne 250 g",
    "category": "Wereldkeukens, kruiden, pasta en rijst",
    "price": 2.39,
    "promoPrice": null,
    "pricePerUnit": "9.56 kg",
    "image": "https://www.jumbo.com/dam-images/fit-in/360x360/Products/26112024_1732631597673_1732631608060_8016419002452_1.png",
    "available": true,
    "promoUntil": null
  },
  {
    "id": "178255STK",
    "title": "Davitamon Actifit 65+ tabletten, 70 stuks",
    "category": "Drogisterij en baby",
    "price": 26.69,
    "promoPrice": null,
    "pricePerUnit": "0.38 pieces",
    "image": "https://www.jumbo.com/dam-images/fit-in/360x360/Products/24092025_1758672132566_1758672139206_8710537041217_1.png",
    "available": true,
    "promoUntil": null
  },
  {
    "id": "670748STK",
    "title": "Hema Handmixer 1 stuk",
    "category": "Non-food en servicebalie",
    "price": 22.99,
    "promoPrice": null,
    "pricePerUnit": "22.99 pieces",
    "image": "https://www.jumbo.com/dam-images/fit-in/360x360/Products/08042025_1744080461465_1744080464393_670748_STK_08718537926541_C1N1.png",
    "available": true,
    "promoUntil": null
  },
  {
    "id": "486361ZK",
    "title": "Beneful Gelukig Volwassen Hondenvoer met Kip en Tuingroenten",
    "category": "Huishouden en dieren",
    "price": 6.49,
    "promoPrice": null,
    "pricePerUnit": "4.64 kg",
    "image": "https://www.jumbo.com/dam-images/fit-in/360x360/Products/02092025_1756778993752_1756779020397_486361_ZK_07613287844606_H1N1_s03.png",
    "available": true,
    "promoUntil": null
  },
  {
    "id": "431398ZK",
    "title": "Bonzo Junior Hondenvoer met Kip en Groenten",
    "category": "Huishouden en dieren",
    "price": 5.09,
    "promoPrice": null,
    "pricePerUnit": "3.39 kg",
    "image": "https://www.jumbo.com/dam-images/fit-in/360x360/Products/04042025_1743729676056_1743729695325_431398_ZK_07613287217844_C1N1_s01.png",
    "available": true,
    "promoUntil": null
  },
  {
    "id": "485084FLS",
    "title": "De Eeuwige Jeugd - Gladjanus White IPA - Fles - 330ML",
    "category": "Bier en wijn",
    "price": 2.89,
    "promoPrice": null,
    "pricePerUnit": "8.76 l",
    "image": "https://www.jumbo.com/dam-images/fit-in/360x360/Products/20092025_1758331967907_1758331970788_485084_FLS_08719326049106_C1N1.png",
    "available": true,
    "promoUntil": null
  },
  {
    "id": "472095FLS",
    "title": "Jumbo - Cabernet Sauvignon - Biologisch - 375ML",
    "category": "Bier en wijn",
    "price": 3.49,
    "promoPrice": null,
    "pricePerUnit": "9.31 l",
    "image": "https://www.jumbo.com/dam-images/fit-in/360x360/Products/31082023_1693488843121_1693488844814_8718452629404_1.png",
    "available": true,
    "promoUntil": null
  },
  {
    "id": "589786BLK",
    "title": "Brunswick Oesters Hele in Water 225 g",
    "category": "Wereldkeukens, kruiden, pasta en rijst",
    "price": 3.59,
    "promoPrice": null,
    "pricePerUnit": "15.96 kg",
    "image": "https://www.jumbo.com/dam-images/fit-in/360x360/Products/12122024_1734014541162_1734014547412_66613217020_1.png",
    "available": true,
    "promoUntil": null
  },
  {
    "id": "608965PAK",
    "title": "DubbelFrisss 1Kcal Appel - Perzik 0,35L",
    "category": "Frisdrank en sappen",
    "price": 0.99,
    "promoPrice": null,
    "pricePerUnit": "2.83 l",
    "image": "https://www.jumbo.com/dam-images/fit-in/360x360/Products/26052025_1748277172965_1748277184369_8720157400745_1.png",
    "available": true,
    "promoUntil": null
  },
  {
    "id": "569333DS",
    "title": "Fruittella Garden Fruits Vegan 4-pack",
    "category": "Koek, snoep, chocolade en chips",
    "price": 2.37,
    "promoPrice": null,
    "pricePerUnit": "14.45 kg",
    "image": "https://www.jumbo.com/dam-images/fit-in/360x360/Products/07072025_1751902620503_1751902625134_8723400797685_1.png",
    "available": true,
    "promoUntil": null
  },
  {
    "id": "640424FLS",
    "title": "HG Alle Nare Geurtjes Weg 500ml",
    "category": "Huishouden en dieren",
    "price": 7.89,
    "promoPrice": null,
    "pricePerUnit": "15.78 l",
    "image": "https://www.jumbo.com/dam-images/fit-in/360x360/Products/14062025_1749863253370_1749863257346_640424_FLS_08711577190736_C1N1.png",
    "available": true,
    "promoUntil": null
  },
  {
    "id": "686995FLS",
    "title": "JP. Chenet - Fizzy Mango & Passion - 750ML",
    "category": "Bier en wijn",
    "price": 6.65,
    "promoPrice": null,
    "pricePerUnit": "8.87 l",
    "image": "https://www.jumbo.com/dam-images/fit-in/360x360/Products/03062025_1748968348299_1748968355189_3500610171055_1.png",
    "available": true,
    "promoUntil": null
  },
  {
    "id": "620373STK",
    "title": "Jumbo Babyvoeding Biologisch Appel, Blauwe Bosbes & Banaan 6+ Maanden 190 g",
    "category": "Drogisterij en baby",
    "price": 1.15,
    "promoPrice": null,
    "pricePerUnit": "6.05 kg",
    "image": "https://www.jumbo.com/dam-images/fit-in/360x360/Products/24052024_1716546853523_1716546860676_8718452804009_1.png",
    "available": true,
    "promoUntil": null
  },
  {
    "id": "688272BAK",
    "title": "Jumbo Bavarois Limoen Appel 110 g",
    "category": "Aardappelen, groente en fruit",
    "price": 2.35,
    "promoPrice": null,
    "pricePerUnit": "21.36 kg",
    "image": "https://www.jumbo.com/dam-images/fit-in/360x360/Products/19052025_1747661606377_1747661612411_8718452924486_1.png",
    "available": true,
    "promoUntil": null
  },
  {
    "id": "633932DS",
    "title": "Jumbo Chocoladeletter Speculoos Wit S 65 g",
    "category": "Koek, snoep, chocolade en chips",
    "price": 1.29,
    "promoPrice": null,
    "pricePerUnit": "19.85 kg",
    "image": "https://www.jumbo.com/dam-images/fit-in/360x360/Products/02042025_1743604410755_1743604425420_8718452806287_596.png",
    "available": true,
    "promoUntil": null
  },
  {
    "id": "680337FLS",
    "title": "Jumbo Cola Regular 1L",
    "category": "Frisdrank en sappen",
    "price": 0.77,
    "promoPrice": null,
    "pricePerUnit": "0.77 l",
    "image": "https://www.jumbo.com/dam-images/fit-in/360x360/Products/25042025_1745588008952_1745588017551_8718452903801_596.png",
    "available": true,
    "promoUntil": null
  },
  {
    "id": "668855BLK",
    "title": "Jopen Hazy IPA Viva el Rye Craft Beer Blik 440 ml",
    "category": "Bier en wijn",
    "price": 4.49,
    "promoPrice": null,
    "pricePerUnit": "10.2 l",
    "image": "https://www.jumbo.com/dam-images/fit-in/360x360/Products/12122024_1734014927201_1734014935950_8714799409884_1.png",
    "available": true,
    "promoUntil": null
  },
  {
    "id": "357981BUS",
    "title": "Andrélon Special Droogshampoo Verrassend Volume 245 ml",
    "category": "Drogisterij en baby",
    "price": 7.49,
    "promoPrice": null,
    "pricePerUnit": "30.57 l",
    "image": "https://www.jumbo.com/dam-images/fit-in/360x360/Products/20102023_1697764399804_1697764407416_357981_BUS_08710847951022_C1N1.png",
    "available": true,
    "promoUntil": null
  },
  {
    "id": "668002DS",
    "title": "EastEco Kimbap Fried Tofu 230g",
    "category": "Diepvries",
    "price": 4.99,
    "promoPrice": null,
    "pricePerUnit": "21.7 kg",
    "image": "https://www.jumbo.com/dam-images/fit-in/360x360/Products/15022025_1739586191112_1739586197872_668002_DS_08720892392107_C1N1.png",
    "available": true,
    "promoUntil": null
  },
  {
    "id": "227444FLS",
    "title": "Conimex Woksaus Teriyaki 175 ml",
    "category": "Wereldkeukens, kruiden, pasta en rijst",
    "price": 2.4,
    "promoPrice": null,
    "pricePerUnit": "13.71 l",
    "image": "https://www.jumbo.com/dam-images/fit-in/360x360/Products/14082025_1755134495354_1755134524457_227444_FLS_08711200431670_C1N1.png",
    "available": true,
    "promoUntil": null
  },
  {
    "id": "608501STK",
    "title": "Jumbo Focaccia Rozemarijn Zeezout 300 g",
    "category": "Brood en gebak",
    "price": 2.69,
    "promoPrice": null,
    "pricePerUnit": "8.97 kg",
    "image": "https://www.jumbo.com/dam-images/fit-in/360x360/Products/12122024_1734014601675_1734014605242_8718452640195_1.png",
    "available": true,
    "promoUntil": null
  },
  {
    "id": "547738FLS",
    "title": "Dove Men+Care 3-in-1 Douchegel Extra Fresh 250 ml",
    "category": "Drogisterij en baby",
    "price": 4.79,
    "promoPrice": null,
    "pricePerUnit": "19.16 l",
    "image": "https://www.jumbo.com/dam-images/fit-in/360x360/Products/20092025_1758332547923_1758332563557_547738_FLS_08720181313431_C1N1.png",
    "available": true,
    "promoUntil": null
  },
  {
    "id": "588352DS",
    "title": "Gillette Venus Smooth Navulmesjes Voor Vrouwen X12",
    "category": "Drogisterij en baby",
    "price": 39.99,
    "promoPrice": null,
    "pricePerUnit": "3.33 pieces",
    "image": "https://www.jumbo.com/dam-images/fit-in/360x360/Products/15062024_1718416406251_1718416407541_588352_DS_07702018580026_C1N1.png",
    "available": true,
    "promoUntil": null
  },
  {
    "id": "477885PAK",
    "title": "Jumbo Puur Choco Break Biscuits 295 g",
    "category": "Koek, snoep, chocolade en chips",
    "price": 1.39,
    "promoPrice": null,
    "pricePerUnit": "4.71 kg",
    "image": "https://www.jumbo.com/dam-images/fit-in/360x360/Products/22072024_1721659043769_1721659048197_8718452612703_1.png",
    "available": true,
    "promoUntil": null
  },
  {
    "id": "184135PAK",
    "title": "Jumbo Speculaas Brokken 375g",
    "category": "Koek, snoep, chocolade en chips",
    "price": 1.19,
    "promoPrice": null,
    "pricePerUnit": "3.17 kg",
    "image": "https://www.jumbo.com/dam-images/fit-in/360x360/Products/09082023_1691587556547_1691587564523_8718452232994_1.png",
    "available": true,
    "promoUntil": null
  },
  {
    "id": "580921TRA",
    "title": "Jumbo Spruiten Slavink 500 g",
    "category": "Verse maaltijden en gemak",
    "price": 5.25,
    "promoPrice": null,
    "pricePerUnit": "10.5 kg",
    "image": "https://www.jumbo.com/dam-images/fit-in/360x360/Products/12082025_1754961932792_1754961937249_580921_TRA_08718452948932_C1N1.png",
    "available": true,
    "promoUntil": null
  },
  {
    "id": "235437ZK",
    "title": "Jumbo Strooigoed Mix 350 g",
    "category": "",
    "price": 1.99,
    "promoPrice": null,
    "pricePerUnit": "5.69 kg",
    "image": "https://www.jumbo.com/dam-images/fit-in/360x360/Products/09082023_1691587246694_1691587251879_8718452390502_1.png",
    "available": true,
    "promoUntil": null
  },
  {
    "id": "30553BLK",
    "title": "Diele Pastilles Honing 75 g",
    "category": "Koek, snoep, chocolade en chips",
    "price": 1.97,
    "promoPrice": null,
    "pricePerUnit": "26.27 kg",
    "image": "https://www.jumbo.com/dam-images/fit-in/360x360/Products/23072025_1753234611622_1753234616007_30553_BLK_04002590664163_C1N1.png",
    "available": true,
    "promoUntil": null
  },
  {
    "id": "661593ZK",
    "title": "FAJA LOBI Platbrood Trafasie 250 gram",
    "category": "Wereldkeukens, kruiden, pasta en rijst",
    "price": 2.92,
    "promoPrice": null,
    "pricePerUnit": "11.68 kg",
    "image": "https://www.jumbo.com/dam-images/fit-in/360x360/Products/30072025_1753840583878_1753840591747_661593_ZK_08712631994284_C1N1.png",
    "available": true,
    "promoUntil": null
  },
  {
    "id": "570741ZK",
    "title": "Jumbo Biologisch Rozijntjes 12+ Maanden 10 Stuks",
    "category": "Drogisterij en baby",
    "price": 2.69,
    "promoPrice": null,
    "pricePerUnit": "19.21 kg",
    "image": "https://www.jumbo.com/dam-images/fit-in/360x360/Products/27122024_1735327987188_1735327995129_8718452697878_1.png",
    "available": true,
    "promoUntil": null
  },
  {
    "id": "580738PAK",
    "title": "Jumbo Harde Schuursponsen 3 Stuks",
    "category": "Huishouden en dieren",
    "price": 0.99,
    "promoPrice": null,
    "pricePerUnit": "0.33 pieces",
    "image": "https://www.jumbo.com/dam-images/fit-in/360x360/Products/14052025_1747215232264_1747215245567_8718452699957_1.png",
    "available": true,
    "promoUntil": null
  },
  {
    "id": "59356ZK",
    "title": "Jumbo Snackzoutjes Sesam 125 g",
    "category": "Koek, snoep, chocolade en chips",
    "price": 0.94,
    "promoPrice": null,
    "pricePerUnit": "7.52 kg",
    "image": "https://www.jumbo.com/dam-images/fit-in/360x360/Products/29092023_1695994870269_1695994877328_8718452217540_1.png",
    "available": true,
    "promoUntil": null
  },
  {
    "id": "177611STK",
    "title": "Centrum Women 50+ multivitaminen & multimineralen tabletten, 90 stuks",
    "category": "Drogisterij en baby",
    "price": 32.99,
    "promoPrice": null,
    "pricePerUnit": "0.37 pieces",
    "image": "https://www.jumbo.com/dam-images/fit-in/360x360/Products/24092025_1758672135327_1758672144178_8712769024723_1.png",
    "available": true,
    "promoUntil": null
  },
  {
    "id": "85307PAK",
    "title": "De Bron Minttoffees Sugarfree 90 g",
    "category": "Koek, snoep, chocolade en chips",
    "price": 1.79,
    "promoPrice": null,
    "pricePerUnit": "19.89 kg",
    "image": "https://www.jumbo.com/dam-images/fit-in/360x360/Products/10062025_1749569568070_1749569577328_8712514092151_1.png",
    "available": true,
    "promoUntil": null
  },
  {
    "id": "170042ZK",
    "title": "Bolletje Kruidnoten de Originele 6 x 50 g",
    "category": "Koek, snoep, chocolade en chips",
    "price": 2.19,
    "promoPrice": null,
    "pricePerUnit": "7.3 kg",
    "image": "https://www.jumbo.com/dam-images/fit-in/360x360/Products/18042024_1713465395078_1713465400296_8710482532785_1.png",
    "available": true,
    "promoUntil": null
  },
  {
    "id": "692106ZK",
    "title": "Cucina Missione Focaccine Oregano 200g",
    "category": "Vleeswaren, kaas en tapas",
    "price": 2.09,
    "promoPrice": null,
    "pricePerUnit": "10.45 kg",
    "image": "https://www.jumbo.com/dam-images/fit-in/360x360/Products/14022024_1707873742021_1707873752444_8714234200595_1.png",
    "available": true,
    "promoUntil": null
  },
  {
    "id": "680188ZK",
    "title": "Candyman Zure Fruitknotsen met Aardbei-, Kersen-, en Sinaasappelsmaak 16 Stuks 192 g",
    "category": "Koek, snoep, chocolade en chips",
    "price": 1.99,
    "promoPrice": null,
    "pricePerUnit": "10.36 kg",
    "image": "https://www.jumbo.com/dam-images/fit-in/360x360/Products/03072025_1751524386262_1751524395733_8719700010173_1.png",
    "available": true,
    "promoUntil": null
  },
  {
    "id": "628448ZK",
    "title": "Chio Hula Hoops Paprika Flavour Aardappelsnack 100 g",
    "category": "Koek, snoep, chocolade en chips",
    "price": 1.89,
    "promoPrice": null,
    "pricePerUnit": "18.9 kg",
    "image": "https://www.jumbo.com/dam-images/fit-in/360x360/Products/14022025_1739539373670_1739539378261_8710532471446_1.png",
    "available": true,
    "promoUntil": null
  },
  {
    "id": "673179EM",
    "title": "Clevers IJs Yoghurt Bosvruchten 500ML",
    "category": "Diepvries",
    "price": 5.95,
    "promoPrice": null,
    "pricePerUnit": "11.9 l",
    "image": "https://www.jumbo.com/dam-images/fit-in/360x360/Products/08720589422025C1N1137683ac-df1f-4a22-adc3-3126e51a26c9-1741010141592.png",
    "available": true,
    "promoUntil": null
  },
  {
    "id": "673273STK",
    "title": "HEMA Geurstokjes Spice 100ML",
    "category": "Non-food en servicebalie",
    "price": 9.99,
    "promoPrice": null,
    "pricePerUnit": "9.99 pieces",
    "image": "https://www.jumbo.com/dam-images/fit-in/360x360/Products/15012025_1736937757380_1736937762028_673273_STK_08720354495148_C1N1.png",
    "available": true,
    "promoUntil": null
  },
  {
    "id": "506707ZK",
    "title": "Jumbo Reepjes in Saus 8 x 85 g",
    "category": "Huishouden en dieren",
    "price": 4.59,
    "promoPrice": null,
    "pricePerUnit": "0.57 pieces",
    "image": "https://www.jumbo.com/dam-images/fit-in/360x360/Products/09082023_1691590668431_1691590689776_8718452654499_1.png",
    "available": true,
    "promoUntil": null
  },
  {
    "id": "653328ZK",
    "title": "Brets Smaak Yakitori 125 g",
    "category": "Koek, snoep, chocolade en chips",
    "price": 2.49,
    "promoPrice": null,
    "pricePerUnit": "19.92 kg",
    "image": "https://www.jumbo.com/dam-images/fit-in/360x360/Products/21112024_1732214222745_1732214240028_3497917001782_1.png",
    "available": true,
    "promoUntil": null
  },
  {
    "id": "548076ZK",
    "title": "AdVENTuROS Strips Hondensnacks Rijk aan Hert",
    "category": "Huishouden en dieren",
    "price": 1.99,
    "promoPrice": null,
    "pricePerUnit": "22.11 kg",
    "image": "https://www.jumbo.com/dam-images/fit-in/360x360/Products/10072025_1752113302727_1752113350442_548076_ZK_08445290574961_C1N1_s03.png",
    "available": true,
    "promoUntil": null
  },
  {
    "id": "644513DS",
    "title": "BioToday Power Shot Kurkuma 75 ml",
    "category": "Frisdrank en sappen",
    "price": 1.99,
    "promoPrice": null,
    "pricePerUnit": "26.53 l",
    "image": "https://www.jumbo.com/dam-images/fit-in/360x360/Products/12092024_1726147996139_1726148000884_8719153037826_1.png",
    "available": true,
    "promoUntil": null
  },
  {
    "id": "683274FLS",
    "title": "AXE Fine Fragrance Collection Douchegel Peach Infusion 225 ml",
    "category": "Drogisterij en baby",
    "price": 5.99,
    "promoPrice": null,
    "pricePerUnit": "26.62 l",
    "image": "https://www.jumbo.com/dam-images/fit-in/360x360/Products/03062025_1748913792324_1748913824345_683274_FLS_08720181601972_H1N1.png",
    "available": true,
    "promoUntil": null
  },
  {
    "id": "576668KGR",
    "title": "Jumbo Goudse Kaas Extra Belegen 48+ Plakken ca. 200g",
    "category": "Vleeswaren, kaas en tapas",
    "price": 4.18,
    "promoPrice": null,
    "pricePerUnit": "20.9 kg",
    "image": "https://www.jumbo.com/dam-images/fit-in/360x360/Products/09072024_1720517661033_1720517667302_2378412000000_1.png",
    "available": true,
    "promoUntil": null
  },
  {
    "id": "669561DS",
    "title": "Jumbo Kinderparacetamol 120mg kauwtablet",
    "category": "Drogisterij en baby",
    "price": 1.25,
    "promoPrice": null,
    "pricePerUnit": "0.13 pieces",
    "image": "https://www.jumbo.com/dam-images/fit-in/360x360/Products/03092025_1756857707796_1756857709432_8718452747306_1.png",
    "available": true,
    "promoUntil": null
  },
  {
    "id": "706636DS",
    "title": "Apetito Maaltijdbox C Glad Gemalen (IDDSI 4) - 7 Verschillende Maaltijden",
    "category": "Diepvries",
    "price": 49.6,
    "promoPrice": null,
    "pricePerUnit": "20.84 kg",
    "image": "https://www.jumbo.com/dam-images/fit-in/360x360/Products/47388winvitalisdinerdoosGladgemalen2400x2400653f3135-d400-44fe-9b4d-e222a9d58f16-1754577465627.png",
    "available": true,
    "promoUntil": null
  },
  {
    "id": "685501BLS",
    "title": "Duracell Alkaline MN21 2 Stuks",
    "category": "Non-food en servicebalie",
    "price": 7.59,
    "promoPrice": null,
    "pricePerUnit": "3.8 pieces",
    "image": "https://www.jumbo.com/dam-images/fit-in/360x360/Products/10032025_1741600452427_1741600457810_685501_BLS_05000394203969_C1N1.png",
    "available": true,
    "promoUntil": null
  },
  {
    "id": "646192BLK",
    "title": "I Am Superjuice Lychee 330ml",
    "category": "Wereldkeukens, kruiden, pasta en rijst",
    "price": 1.79,
    "promoPrice": null,
    "pricePerUnit": "5.42 l",
    "image": "https://www.jumbo.com/dam-images/fit-in/360x360/Products/15082024_1723733119464_1723733124964_646192_BLK_08718868283047_C1N1.png",
    "available": true,
    "promoUntil": null
  },
  {
    "id": "627625ZK",
    "title": "Jules Destrooper Choc'n Croc Milk Chocolate 100 g",
    "category": "Koek, snoep, chocolade en chips",
    "price": 2.99,
    "promoPrice": null,
    "pricePerUnit": "29.9 kg",
    "image": "https://www.jumbo.com/dam-images/fit-in/360x360/Products/29042025_1745891626501_1745891629698_627625_ZK_05410471917311_H1N1.png",
    "available": true,
    "promoUntil": null
  },
  {
    "id": "224783BLK",
    "title": "Jumbo Biologisch Romige Kokosmelk 400ML",
    "category": "Wereldkeukens, kruiden, pasta en rijst",
    "price": 2.22,
    "promoPrice": null,
    "pricePerUnit": "5.55 kg",
    "image": "https://www.jumbo.com/dam-images/fit-in/360x360/Products/07112023_1699382046977_1699382056978_8718452558636_1.png",
    "available": true,
    "promoUntil": null
  },
  {
    "id": "657034ZK",
    "title": "Jumbo Blikje Smiles 1 stuks",
    "category": "Huishouden en dieren",
    "price": 2.99,
    "promoPrice": null,
    "pricePerUnit": "2.99 pieces",
    "image": "",
    "available": false,
    "promoUntil": null
  },
  {
    "id": "188100STK",
    "title": "Ambi Pur Elektrische Luchtverfrisser Startset",
    "category": "Huishouden en dieren",
    "price": 5.49,
    "promoPrice": null,
    "pricePerUnit": "274.5 l",
    "image": "https://www.jumbo.com/dam-images/fit-in/360x360/Products/25082025_1756118061879_1756118070124_4084500999800_1.png",
    "available": true,
    "promoUntil": null
  },
  {
    "id": "460534DSL",
    "title": "Acon Biotech Covid-19 Zelftest 10 Stuks",
    "category": "Drogisterij en baby",
    "price": 18.58,
    "promoPrice": null,
    "pricePerUnit": "1.86 pieces",
    "image": "https://www.jumbo.com/dam-images/fit-in/360x360/Products/460534DSL18281e58e-888f-4d84-9939-052bb28e8fd8-1713960579420.png",
    "available": true,
    "promoUntil": null
  },
  {
    "id": "628748DS",
    "title": "Catisfactions Megabox Kattensnacks 12 zakjes à 60 g",
    "category": "Huishouden en dieren",
    "price": 22.49,
    "promoPrice": null,
    "pricePerUnit": "31.24 kg",
    "image": "https://www.jumbo.com/dam-images/fit-in/360x360/Products/08052024_1715196910956_1715196927513_4008429148002_596.png",
    "available": true,
    "promoUntil": null
  },
  {
    "id": "583778FLS",
    "title": "Chimay - Pères Trappistes Bruin - Fles - 330ML",
    "category": "Bier en wijn",
    "price": 1.99,
    "promoPrice": null,
    "pricePerUnit": "6.03 l",
    "image": "https://www.jumbo.com/dam-images/fit-in/360x360/Products/09082023_1691585362833_1691585366705_5410908000012_1.png",
    "available": true,
    "promoUntil": null
  },
  {
    "id": "545684BUS",
    "title": "Gillette Series Verzachtende Scheergel, 200ml",
    "category": "Drogisterij en baby",
    "price": 5.29,
    "promoPrice": null,
    "pricePerUnit": "26.45 l",
    "image": "https://www.jumbo.com/dam-images/fit-in/360x360/Products/05092025_1757030530297_1757030533088_8006540765814_1.png",
    "available": true,
    "promoUntil": null
  },
  {
    "id": "508220BLS",
    "title": "Air Wick Elektrische Luchtverfrisser - Lavendel - Navulling",
    "category": "Huishouden en dieren",
    "price": 5.99,
    "promoPrice": null,
    "pricePerUnit": "315.26 l",
    "image": "https://www.jumbo.com/dam-images/fit-in/360x360/Products/12092025_1757641583280_1757641587584_508220_BLS_08720065003847_A1N1.png",
    "available": true,
    "promoUntil": null
  },
  {
    "id": "637279BLK",
    "title": "Coco Rico Natuurlijke Frisdrank met Kokosnootsmaak 355 ML",
    "category": "Frisdrank en sappen",
    "price": 1.39,
    "promoPrice": null,
    "pricePerUnit": "3.92 l",
    "image": "https://www.jumbo.com/dam-images/fit-in/360x360/Products/12122024_1734014363448_1734014369450_815934000107_1.png",
    "available": true,
    "promoUntil": null
  },
  {
    "id": "533272BLK",
    "title": "Dr Foots Zero Sugar 330 ml",
    "category": "Frisdrank en sappen",
    "price": 0.79,
    "promoPrice": null,
    "pricePerUnit": "2.39 l",
    "image": "https://www.jumbo.com/dam-images/fit-in/360x360/Products/05092023_1693881356263_1693881357500_533272_BLK_08714800046510_C1N1.png",
    "available": true,
    "promoUntil": null
  },
  {
    "id": "533271BLK",
    "title": "Dr. Foots Cherry Cola 330 ml",
    "category": "Frisdrank en sappen",
    "price": 0.79,
    "promoPrice": null,
    "pricePerUnit": "2.39 l",
    "image": "https://www.jumbo.com/dam-images/fit-in/360x360/Products/30112024_1732932826433_1732932830708_533271_BLK_08714800046503_C1N1.png",
    "available": true,
    "promoUntil": null
  },
  {
    "id": "672227DS",
    "title": "Handgebrand Energiemix Ongezouten 330 g",
    "category": "Vleeswaren, kaas en tapas",
    "price": 4.25,
    "promoPrice": null,
    "pricePerUnit": "12.88 kg",
    "image": "https://www.jumbo.com/dam-images/fit-in/360x360/Products/28022025_1740753170018_1740753180292_8720941907917_1.png",
    "available": true,
    "promoUntil": null
  },
  {
    "id": "620318STK",
    "title": "Jumbo Babyvoeding Biologisch Appel 4+ Maanden 125 g",
    "category": "Drogisterij en baby",
    "price": 0.98,
    "promoPrice": null,
    "pricePerUnit": "7.84 kg",
    "image": "https://www.jumbo.com/dam-images/fit-in/360x360/Products/24052024_1716546853374_1716546862255_8718452803989_1.png",
    "available": true,
    "promoUntil": null
  },
  {
    "id": "646902PAK",
    "title": "BioToday Rice Cakes Chocolade-Kokos 6 x 17,5 g",
    "category": "Koek, snoep, chocolade en chips",
    "price": 2.49,
    "promoPrice": null,
    "pricePerUnit": "23.71 kg",
    "image": "https://www.jumbo.com/dam-images/fit-in/360x360/Products/30112024_1732933957950_1732933965388_646902_PAK_08719153052508_C1N1.png",
    "available": true,
    "promoUntil": null
  },
  {
    "id": "667770FLS",
    "title": "Fentimans Classic Rose Lemonade 750ML",
    "category": "Frisdrank en sappen",
    "price": 3.99,
    "promoPrice": null,
    "pricePerUnit": "5.32 l",
    "image": "https://www.jumbo.com/dam-images/fit-in/360x360/Products/05122024_1733398873395_1733398876320_667770_FLS_05029396738767_C1N1.png",
    "available": true,
    "promoUntil": null
  },
  {
    "id": "639327ZK",
    "title": "BONZO Mini Menu met Kip hondenvoer, hondenbrokken voor kleine honden 1,5kg",
    "category": "Huishouden en dieren",
    "price": 5.53,
    "promoPrice": null,
    "pricePerUnit": "3.69 kg",
    "image": "https://www.jumbo.com/dam-images/fit-in/360x360/Products/26032025_1742954735757_1742954782531_639327_ZK_07613287217882_C1N1_s01.png",
    "available": true,
    "promoUntil": null
  },
  {
    "id": "575955CUP",
    "title": "Jumbo Gezouten Gerookt Notenmix met Pinda 160 g",
    "category": "Koek, snoep, chocolade en chips",
    "price": 2.99,
    "promoPrice": null,
    "pricePerUnit": "18.69 kg",
    "image": "https://www.jumbo.com/dam-images/fit-in/360x360/Products/29042025_1745937193522_1745937199497_8718452740154_1.png",
    "available": true,
    "promoUntil": null
  },
  {
    "id": "681656DS",
    "title": "Curalyn Spierbalsem 5% Ibuprofen 75ML",
    "category": "Drogisterij en baby",
    "price": 8.99,
    "promoPrice": null,
    "pricePerUnit": "119.87 l",
    "image": "https://www.jumbo.com/dam-images/fit-in/360x360/Products/06062025_1749172009685_1749172011563_681656_DS_08712113659182_C1N1_s01.png",
    "available": true,
    "promoUntil": null
  },
  {
    "id": "589563PAK",
    "title": "Grześki Wafel met Cacaocrème Omhuld met Chocolade 36 g",
    "category": "Wereldkeukens, kruiden, pasta en rijst",
    "price": 0.49,
    "promoPrice": null,
    "pricePerUnit": "13.61 kg",
    "image": "https://www.jumbo.com/dam-images/fit-in/360x360/Products/12122024_1734014380957_1734014385431_5900394006167_1.png",
    "available": true,
    "promoUntil": null
  },
  {
    "id": "680324STK",
    "title": "HEMA Blikopener RVS Dot Blauw",
    "category": "Non-food en servicebalie",
    "price": 8.59,
    "promoPrice": null,
    "pricePerUnit": "8.59 pieces",
    "image": "https://www.jumbo.com/dam-images/fit-in/360x360/Products/25042025_1745547124323_1745547126689_680324_STK_08720354519691_C1N1.png",
    "available": true,
    "promoUntil": null
  },
  {
    "id": "125826PAK",
    "title": "Jordan Dental Sticks Thin Fluoride Mint 100 Stuks",
    "category": "Drogisterij en baby",
    "price": 3.25,
    "promoPrice": null,
    "pricePerUnit": "0.03 pieces",
    "image": "https://www.jumbo.com/dam-images/fit-in/360x360/Products/14042025_1744630782061_1744630783283_125826_PAK_07038513909018_A1N1.png",
    "available": true,
    "promoUntil": null
  },
  {
    "id": "442932STK",
    "title": "Jumbo Munten Drop Suikervrij Zoet 100 g",
    "category": "Koek, snoep, chocolade en chips",
    "price": 1.28,
    "promoPrice": null,
    "pricePerUnit": "12.8 kg",
    "image": "https://www.jumbo.com/dam-images/fit-in/360x360/Products/442932_8718452549900_1_T1_442932STK1691171913807.png",
    "available": true,
    "promoUntil": null
  },
  {
    "id": "459724ZK",
    "title": "Jumbo Pinguin Mix Melkchocolade 120 g",
    "category": "Koek, snoep, chocolade en chips",
    "price": 3.09,
    "promoPrice": null,
    "pricePerUnit": "25.75 kg",
    "image": "https://www.jumbo.com/dam-images/fit-in/360x360/Products/18092023_1695054216778_1695054222288_8718452576425_1.png",
    "available": true,
    "promoUntil": null
  },
  {
    "id": "184153PAK",
    "title": "Jumbo Speculaasmix 200 g",
    "category": "Koek, snoep, chocolade en chips",
    "price": 2.39,
    "promoPrice": null,
    "pricePerUnit": "11.95 kg",
    "image": "https://www.jumbo.com/dam-images/fit-in/360x360/Products/20082025_1755696813578_1755696821211_8718452928781_1.png",
    "available": true,
    "promoUntil": null
  },
  {
    "id": "178297STK",
    "title": "Gaviscon Duo Kauwtabletten bij brandend maagzuur, 24 stuks",
    "category": "Drogisterij en baby",
    "price": 9.99,
    "promoPrice": null,
    "pricePerUnit": "0.42 pieces",
    "image": "https://www.jumbo.com/dam-images/fit-in/360x360/Products/24092025_1758672107095_1758672112802_5000158071247_1.png",
    "available": true,
    "promoUntil": null
  },
  {
    "id": "613323ZK",
    "title": "Croky Patatas Fritas Speciaal Snack 100g",
    "category": "Koek, snoep, chocolade en chips",
    "price": 1.79,
    "promoPrice": null,
    "pricePerUnit": "17.9 kg",
    "image": "https://www.jumbo.com/dam-images/fit-in/360x360/Products/08092025_1757345673366_1757345687337_5414359981593_596.png",
    "available": true,
    "promoUntil": null
  },
  {
    "id": "545682BUS",
    "title": "Gillette Classic Scheergel Originele Geur, 200ml",
    "category": "Drogisterij en baby",
    "price": 3.89,
    "promoPrice": null,
    "pricePerUnit": "19.45 l",
    "image": "https://www.jumbo.com/dam-images/fit-in/360x360/Products/01092025_1756684820329_1756684822761_8001090787217_1.png",
    "available": true,
    "promoUntil": null
  },
  {
    "id": "619022DS",
    "title": "Gillette Mach3 Scheerapparaat Voor Mannen",
    "category": "Drogisterij en baby",
    "price": 17.79,
    "promoPrice": null,
    "pricePerUnit": "17.79 pieces",
    "image": "https://www.jumbo.com/dam-images/fit-in/360x360/Products/20122024_1734661977725_1734661982151_8001090472694_1.png",
    "available": true,
    "promoUntil": null
  },
  {
    "id": "642245STK",
    "title": "Fattorie Garofalo Burrata Kaas 400 g",
    "category": "Vleeswaren, kaas en tapas",
    "price": 2.99,
    "promoPrice": null,
    "pricePerUnit": "23.92 kg",
    "image": "https://www.jumbo.com/dam-images/fit-in/360x360/Products/12122024_1734014863727_1734014870940_8016784111117_1.png",
    "available": true,
    "promoUntil": null
  },
  {
    "id": "417795ZK",
    "title": "Jumbo Premium Luiers Maat 2 4-8 kg 30 Stuks",
    "category": "Drogisterij en baby",
    "price": 4.98,
    "promoPrice": null,
    "pricePerUnit": "0.17 pieces",
    "image": "https://www.jumbo.com/dam-images/fit-in/360x360/Products/09082023_1691588006907_1691588024703_8718452509386_1.png",
    "available": true,
    "promoUntil": null
  },
  {
    "id": "383777ZK",
    "title": "Jumbo Volledig Diervoeder Adult Kip & Rijst 800 g",
    "category": "Huishouden en dieren",
    "price": 4.41,
    "promoPrice": null,
    "pricePerUnit": "5.51 kg",
    "image": "https://www.jumbo.com/dam-images/fit-in/360x360/Products/09082023_1691587558704_1691587570114_8718452476749_1.png",
    "available": true,
    "promoUntil": null
  },
  {
    "id": "680325POT",
    "title": "HEMA Colourless Schoencrème 50 ml",
    "category": "Non-food en servicebalie",
    "price": 3.19,
    "promoPrice": null,
    "pricePerUnit": "3.19 pieces",
    "image": "https://www.jumbo.com/dam-images/fit-in/360x360/Products/17022025_1739808578707_1739808584205_680325_POT_08716618889068_C1N1.png",
    "available": true,
    "promoUntil": null
  },
  {
    "id": "642109DS",
    "title": "Jumbo Fruitschaal Meloen - Ananas - Appel - Druif 400 g",
    "category": "Aardappelen, groente en fruit",
    "price": 4.0,
    "promoPrice": null,
    "pricePerUnit": "10.0 kg",
    "image": "https://www.jumbo.com/dam-images/fit-in/360x360/Products/03102024_1727962375061_1727962384242_8718452868650_1.png",
    "available": true,
    "promoUntil": null
  },
  {
    "id": "230679ZK",
    "title": "Jumbo Gekruide Opbakaardappelen Paprika Kruidenmix met Schil 200 g",
    "category": "Aardappelen, groente en fruit",
    "price": 0.95,
    "promoPrice": null,
    "pricePerUnit": "4.75 kg",
    "image": "https://www.jumbo.com/dam-images/fit-in/360x360/Products/16072024_1721144059183_1721144066277_8718452819201_1.png",
    "available": true,
    "promoUntil": null
  },
  {
    "id": "383968DSL",
    "title": "Jumbo Luierbroekjes Maat 5 12-17 kg Voordeelverpakking 2 x 38 Stuks",
    "category": "Drogisterij en baby",
    "price": 19.46,
    "promoPrice": null,
    "pricePerUnit": "0.26 pieces",
    "image": "https://www.jumbo.com/dam-images/fit-in/360x360/Products/JumboBPS5Maandbox3DPackshot383968DSL16ffbb2b-f0b0-4703-b590-1ef7ee59c200-1734339041935.png",
    "available": true,
    "promoUntil": null
  },
  {
    "id": "556356KGR",
    "title": "Jumbo Saint Agur Blauwschimmelkaas 60+ ca. 144",
    "category": "Vleeswaren, kaas en tapas",
    "price": 4.31,
    "promoPrice": null,
    "pricePerUnit": "29.95 kg",
    "image": "https://www.jumbo.com/dam-images/fit-in/360x360/Products/09092025_1757421319148_1757421329944_2336135000000_1.png",
    "available": true,
    "promoUntil": null
  },
  {
    "id": "381239STK",
    "title": "Jumbo Stofzuigerzakken met Filter 4 Stuks",
    "category": "Huishouden en dieren",
    "price": 4.69,
    "promoPrice": null,
    "pricePerUnit": "1.17 pieces",
    "image": "https://www.jumbo.com/dam-images/fit-in/360x360/Products/09082023_1691587626597_1691587635245_8718452468379_1.png",
    "available": true,
    "promoUntil": null
  },
  {
    "id": "224273BAK",
    "title": "Jumbo Malaga Roomijs 500 g",
    "category": "Diepvries",
    "price": 2.99,
    "promoPrice": null,
    "pricePerUnit": "2.99 l",
    "image": "https://www.jumbo.com/dam-images/fit-in/360x360/Products/26112024_1732638818648_1732638831002_8718452788866_1.png",
    "available": true,
    "promoUntil": null
  },
  {
    "id": "227438TUB",
    "title": "Conimex Boemboe Rendang Vlees 95 g",
    "category": "Wereldkeukens, kruiden, pasta en rijst",
    "price": 1.97,
    "promoPrice": null,
    "pricePerUnit": "20.74 kg",
    "image": "https://www.jumbo.com/dam-images/fit-in/360x360/Products/14042025_1744593512188_1744593553221_227438_TUB_08711200403455_H1N1.png",
    "available": true,
    "promoUntil": null
  },
  {
    "id": "597012FLS",
    "title": "I am Superspicy Surinaamse Stijl Javaanse Sambal Saus 310 g",
    "category": "Wereldkeukens, kruiden, pasta en rijst",
    "price": 3.69,
    "promoPrice": null,
    "pricePerUnit": "11.9 kg",
    "image": "https://www.jumbo.com/dam-images/fit-in/360x360/Products/12122024_1734014821744_1734014825456_87365658_1.png",
    "available": true,
    "promoUntil": null
  },
  {
    "id": "633617ZK",
    "title": "Jumbo Biologische Maïs Wortel Puffs 6+ Maanden 20 g",
    "category": "Drogisterij en baby",
    "price": 0.99,
    "promoPrice": null,
    "pricePerUnit": "49.5 kg",
    "image": "https://www.jumbo.com/dam-images/fit-in/360x360/Products/09072024_1720517719880_1720517736703_8718452835140_596.png",
    "available": true,
    "promoUntil": null
  },
  {
    "id": "336478PAK",
    "title": "Jumbo Gevulde Koek Gluten Vrij 60 g",
    "category": "Koek, snoep, chocolade en chips",
    "price": 1.95,
    "promoPrice": null,
    "pricePerUnit": "32.5 kg",
    "image": "https://www.jumbo.com/dam-images/fit-in/360x360/Products/09092025_1757421319698_1757421333295_8718452429660_1.png",
    "available": true,
    "promoUntil": null
  },
  {
    "id": "711412STK",
    "title": "Jumbo Paté met Kip & Melktopping 3 x 100 g",
    "category": "Huishouden en dieren",
    "price": 2.04,
    "promoPrice": null,
    "pricePerUnit": "None None",
    "image": "https://www.jumbo.com/dam-images/fit-in/360x360/Products/20258412551ee202-2826-41e2-bc22-7a78e265c833-1753710985155.png",
    "available": true,
    "promoUntil": null
  },
  {
    "id": "441118STK",
    "title": "Jumbo Roompate en Filet Americain",
    "category": "Vleeswaren, kaas en tapas",
    "price": 6.16,
    "promoPrice": null,
    "pricePerUnit": "None None",
    "image": "https://www.jumbo.com/dam-images/fit-in/360x360/Products/441118STKaeae6717-9aca-41ae-b62d-623f5eda38dc-1705505429255.png",
    "available": true,
    "promoUntil": null
  },
  {
    "id": "150856PAK",
    "title": "Brand Winterbock Bier Fles 6x300ML",
    "category": "Bier en wijn",
    "price": 8.65,
    "promoPrice": null,
    "pricePerUnit": "4.81 l",
    "image": "https://www.jumbo.com/dam-images/fit-in/360x360/Products/07012025_1736267672648_1736267679553_87232288_1.png",
    "available": true,
    "promoUntil": null
  },
  {
    "id": "498980ZK",
    "title": "Conimex Noodles Volkoren 12 x 250 g",
    "category": "Wereldkeukens, kruiden, pasta en rijst",
    "price": 3.46,
    "promoPrice": null,
    "pricePerUnit": "13.84 kg",
    "image": "https://www.jumbo.com/dam-images/fit-in/360x360/Products/27092023_1695786807013_1695786814824_498980_ZK_08717163955055_C1N1.png",
    "available": true,
    "promoUntil": null
  },
  {
    "id": "640728POT",
    "title": "HG Textiel Wasmiddeltoevoeging tegen Nare Geurtjes in Sportkleding 500 g",
    "category": "Huishouden en dieren",
    "price": 7.29,
    "promoPrice": null,
    "pricePerUnit": "14.58 kg",
    "image": "https://www.jumbo.com/dam-images/fit-in/360x360/Products/22112024_1732245782616_1732245786414_640728_POT_08711577089443_C1N1.png",
    "available": true,
    "promoUntil": null
  },
  {
    "id": "539050DS",
    "title": "Heineken Silver Bier Blik 6 x 330ml",
    "category": "Bier en wijn",
    "price": 6.99,
    "promoPrice": null,
    "pricePerUnit": "3.53 l",
    "image": "https://www.jumbo.com/dam-images/fit-in/360x360/Products/07012025_1736267674260_1736267679446_8712000058999_1.png",
    "available": true,
    "promoUntil": null
  },
  {
    "id": "615693CUP",
    "title": "Chovi Allioli Sriracha 150ML",
    "category": "Vleeswaren, kaas en tapas",
    "price": 2.19,
    "promoPrice": null,
    "pricePerUnit": "14.6 l",
    "image": "https://www.jumbo.com/dam-images/fit-in/360x360/Products/12032024_1710209240253_1710209244054_615693_CUP_08410422007532_C1N1.png",
    "available": true,
    "promoUntil": null
  },
  {
    "id": "163371POT",
    "title": "Flower Brand Tamarinde Pasta 200 g",
    "category": "Wereldkeukens, kruiden, pasta en rijst",
    "price": 3.69,
    "promoPrice": null,
    "pricePerUnit": "18.45 kg",
    "image": "https://www.jumbo.com/dam-images/fit-in/360x360/Products/10082023_1691674957312_1691674996941_8710161009270_1.png",
    "available": true,
    "promoUntil": null
  },
  {
    "id": "199783STK",
    "title": "GUM® Soft-Picks® Original Tandenstokers Large 50 Stuks",
    "category": "Drogisterij en baby",
    "price": 7.39,
    "promoPrice": null,
    "pricePerUnit": "0.15 pieces",
    "image": "https://www.jumbo.com/dam-images/fit-in/360x360/Products/27022025_1740628066719_1740628073051_199783_STK_07630019902779_C1N1.png",
    "available": true,
    "promoUntil": null
  },
  {
    "id": "65274PAK",
    "title": "Go-Tan Egg Noodles Bio-Organic 250 g",
    "category": "Wereldkeukens, kruiden, pasta en rijst",
    "price": 2.54,
    "promoPrice": null,
    "pricePerUnit": "10.16 kg",
    "image": "https://www.jumbo.com/dam-images/fit-in/360x360/Products/09082023_1691585938035_1691585949957_8710605092325_1.png",
    "available": true,
    "promoUntil": null
  },
  {
    "id": "680026ZK",
    "title": "HEMA Folie Ballon 4 30cm",
    "category": "Non-food en servicebalie",
    "price": 0.99,
    "promoPrice": null,
    "pricePerUnit": "0.99 pieces",
    "image": "https://www.jumbo.com/dam-images/fit-in/360x360/Products/09082023_1691587395991_1691587415376_8718537534241_1.png",
    "available": true,
    "promoUntil": null
  },
  {
    "id": "678383ZK",
    "title": "HEMA slinger happy birthday glitter 1 Stuk",
    "category": "Non-food en servicebalie",
    "price": 1.99,
    "promoPrice": null,
    "pricePerUnit": "1.99 pieces",
    "image": "https://www.jumbo.com/dam-images/fit-in/360x360/Products/06022025_1738858920116_1738858924354_678383_ZK_08720354498552_C1N1.png",
    "available": true,
    "promoUntil": null
  },
  {
    "id": "681992STK",
    "title": "HEMA Rasp RVS Dot 1 Stuk",
    "category": "Non-food en servicebalie",
    "price": 4.99,
    "promoPrice": null,
    "pricePerUnit": "4.99 pieces",
    "image": "https://www.jumbo.com/dam-images/fit-in/360x360/Products/11042025_1744334882075_1744334884873_681992_STK_08720354519707_C1N1.png",
    "available": true,
    "promoUntil": null
  },
  {
    "id": "687532BLS",
    "title": "HEMA Superlijm FPB 3g",
    "category": "Non-food en servicebalie",
    "price": 3.89,
    "promoPrice": null,
    "pricePerUnit": "3.89 pieces",
    "image": "https://www.jumbo.com/dam-images/fit-in/360x360/Products/20032025_1742485146172_1742485148312_687532_BLS_08716618495412_C1N1.png",
    "available": true,
    "promoUntil": null
  },
  {
    "id": "432260FLS",
    "title": "Hofkeller - Randersackerer Silvaner - 750ML",
    "category": "Bier en wijn",
    "price": 14.99,
    "promoPrice": null,
    "pricePerUnit": "19.99 l",
    "image": "https://www.jumbo.com/dam-images/fit-in/360x360/Products/09012024_1704766099534_1704766102354_432260_FLS_04028446101842_C1N1.png",
    "available": true,
    "promoUntil": null
  },
  {
    "id": "539102BLK",
    "title": "BrewDog - Elvis Juice IPA - Blik - 330ML",
    "category": "Bier en wijn",
    "price": 2.69,
    "promoPrice": null,
    "pricePerUnit": "8.15 l",
    "image": "https://www.jumbo.com/dam-images/fit-in/360x360/Products/24092025_1758679903264_1758679908712_539102_BLK_05056025413061_C1N1.png",
    "available": true,
    "promoUntil": null
  },
  {
    "id": "408362ZK",
    "title": "AdVENTuROS Wild Chew Medium Hondensnacks met Hert",
    "category": "Huishouden en dieren",
    "price": 3.42,
    "promoPrice": null,
    "pricePerUnit": "17.1 kg",
    "image": "https://www.jumbo.com/dam-images/fit-in/360x360/Products/23092025_1758589397538_1758589415095_408362_ZK_07613287187529_C1N1_s03.png",
    "available": true,
    "promoUntil": null
  },
  {
    "id": "648720KGR",
    "title": "Jumbo Rambol Noot Smeltkaas 55+ met Walnoten ca. 125 g",
    "category": "Vleeswaren, kaas en tapas",
    "price": 2.94,
    "promoPrice": null,
    "pricePerUnit": "23.49 kg",
    "image": "https://www.jumbo.com/dam-images/fit-in/360x360/Products/09072024_1720517787595_1720517797312_2349051000000_1.png",
    "available": true,
    "promoUntil": null
  },
  {
    "id": "628389PAK",
    "title": "Jumbo Speculaas Brokken met Amandelen 450 g",
    "category": "Koek, snoep, chocolade en chips",
    "price": 2.49,
    "promoPrice": null,
    "pricePerUnit": "5.53 kg",
    "image": "https://www.jumbo.com/dam-images/fit-in/360x360/Products/25092024_1727278475971_1727278482668_8718452845927_1.png",
    "available": true,
    "promoUntil": null
  },
  {
    "id": "669623BLK",
    "title": "Frontaal Pineapple Express 330ML",
    "category": "Bier en wijn",
    "price": 3.49,
    "promoPrice": null,
    "pricePerUnit": "10.58 l",
    "image": "https://www.jumbo.com/dam-images/fit-in/360x360/Products/16122024_1734363212987_1734363215399_669623_BLK_08721001430642_C1N1.png",
    "available": true,
    "promoUntil": null
  },
  {
    "id": "675371STK",
    "title": "Decoratiehuisjes DIY",
    "category": "Non-food en servicebalie",
    "price": 2.99,
    "promoPrice": null,
    "pricePerUnit": "0.25 pieces",
    "image": "https://www.jumbo.com/dam-images/fit-in/360x360/Products/01072025_1751380370793_1751380379471_8721225774959_1.png",
    "available": true,
    "promoUntil": null
  },
  {
    "id": "493636POT",
    "title": "Euroma Traybake groente kruiden 69 g",
    "category": "Wereldkeukens, kruiden, pasta en rijst",
    "price": 3.95,
    "promoPrice": null,
    "pricePerUnit": "57.25 kg",
    "image": "https://www.jumbo.com/dam-images/fit-in/360x360/Products/13092024_1726197011641_1726197021329_493636_POT_08717600337086_C1N1.png",
    "available": true,
    "promoUntil": null
  },
  {
    "id": "672223FLS",
    "title": "Fanta Zero Sugar Exotic Taste 500 ml",
    "category": "Frisdrank en sappen",
    "price": 1.69,
    "promoPrice": null,
    "pricePerUnit": "3.38 l",
    "image": "https://www.jumbo.com/dam-images/fit-in/360x360/Products/14082025_1755137007918_1755137014450_672223_FLS_05000112683530_H1N1.png",
    "available": true,
    "promoUntil": null
  },
  {
    "id": "535739ZK",
    "title": "Jumbo Ambachtelijke Speculaasmolens 380 g",
    "category": "Koek, snoep, chocolade en chips",
    "price": 2.59,
    "promoPrice": null,
    "pricePerUnit": "6.82 kg",
    "image": "https://www.jumbo.com/dam-images/fit-in/360x360/Products/10082023_1691675539842_1691675553238_8718452576760_1.png",
    "available": true,
    "promoUntil": null
  },
  {
    "id": "568923STK",
    "title": "Jumbo Fresh Lemon Flavour Drink Zero Sugar 6 x 330ml",
    "category": "Frisdrank en sappen",
    "price": 2.34,
    "promoPrice": null,
    "pricePerUnit": "None None",
    "image": "https://www.jumbo.com/dam-images/fit-in/360x360/Products/568923_20222185_1_T1_568923STK1691078640448.png",
    "available": true,
    "promoUntil": null
  },
  {
    "id": "48765STK",
    "title": "A. Vogel oogdruppels 10ml",
    "category": "Drogisterij en baby",
    "price": 12.39,
    "promoPrice": null,
    "pricePerUnit": "1239.0 l",
    "image": "https://www.jumbo.com/dam-images/fit-in/360x360/Products/24092025_1758672060063_1758672064248_8711596580372_1.png",
    "available": true,
    "promoUntil": null
  },
  {
    "id": "576823DSL",
    "title": "6 x Organix Knijpfruit Havermout, abrikoos & banaan 12mnd",
    "category": "Drogisterij en baby",
    "price": 7.26,
    "promoPrice": null,
    "pricePerUnit": "12.1 kg",
    "image": "https://www.jumbo.com/dam-images/fit-in/360x360/Products/576823DSL134ee267e-8907-4391-9886-a30859ab8995-1711454243202.png",
    "available": true,
    "promoUntil": null
  },
  {
    "id": "687351ZK",
    "title": "Bolletje Bakkers Kruidnoten 350 g",
    "category": "Koek, snoep, chocolade en chips",
    "price": 2.35,
    "promoPrice": null,
    "pricePerUnit": "6.71 kg",
    "image": "https://www.jumbo.com/dam-images/fit-in/360x360/Products/21072025_1753108367563_1753108373773_8710482535021_1.png",
    "available": true,
    "promoUntil": null
  },
  {
    "id": "539060BLK",
    "title": "Bullit Energy Drink Suikervrij Full Berry 250ml",
    "category": "Frisdrank en sappen",
    "price": 0.99,
    "promoPrice": null,
    "pricePerUnit": "3.96 l",
    "image": "https://www.jumbo.com/dam-images/fit-in/360x360/Products/05032024_1709627688702_1709627696754_9008703000786_1.png",
    "available": true,
    "promoUntil": null
  },
  {
    "id": "646753ZK",
    "title": "Croky Chips Bolognese 100g",
    "category": "Koek, snoep, chocolade en chips",
    "price": 1.25,
    "promoPrice": null,
    "pricePerUnit": "12.5 kg",
    "image": "https://www.jumbo.com/dam-images/fit-in/360x360/Products/22082024_1724355198561_1724355204726_5414359911026_1.png",
    "available": true,
    "promoUntil": null
  },
  {
    "id": "667433STK",
    "title": "HEMA Servetten Diner Bold Flower 12 Stuks",
    "category": "Non-food en servicebalie",
    "price": 1.89,
    "promoPrice": null,
    "pricePerUnit": "0.16 pieces",
    "image": "https://www.jumbo.com/dam-images/fit-in/360x360/Products/04122024_1733304261518_1733304264812_667433_STK_08720354508954_C1N1.png",
    "available": true,
    "promoUntil": null
  },
  {
    "id": "711213STK",
    "title": "Jumbo Brokken in Saus met Rund & Lever 4 x 415 g",
    "category": "Huishouden en dieren",
    "price": 3.16,
    "promoPrice": null,
    "pricePerUnit": "None None",
    "image": "https://www.jumbo.com/dam-images/fit-in/360x360/Products/20259413539f00ad-0eb6-49ae-8102-b5f7424bee51-1753710607670.png",
    "available": true,
    "promoUntil": null
  },
  {
    "id": "633935DS",
    "title": "Jumbo Chocoladeletter Stracciatella Wit S 65 g",
    "category": "Koek, snoep, chocolade en chips",
    "price": 1.29,
    "promoPrice": null,
    "pricePerUnit": "19.85 kg",
    "image": "https://www.jumbo.com/dam-images/fit-in/360x360/Products/02042025_1743604410870_1743604422409_8718452806317_596.png",
    "available": true,
    "promoUntil": null
  },
  {
    "id": "544262FLS",
    "title": "AXE Anti-Transpirant Roller Dark Temptation 50 ml",
    "category": "Drogisterij en baby",
    "price": 5.49,
    "promoPrice": null,
    "pricePerUnit": "109.8 l",
    "image": "https://www.jumbo.com/dam-images/fit-in/360x360/Products/25062025_1750851187563_1750851190405_59092544_1.png",
    "available": true,
    "promoUntil": null
  },
  {
    "id": "456935STK",
    "title": "Jumbo Halve Vlaaien - 3 Stuks",
    "category": "Brood en gebak",
    "price": 14.97,
    "promoPrice": null,
    "pricePerUnit": "None None",
    "image": "https://www.jumbo.com/dam-images/fit-in/360x360/Products/456935_20040048_1_T1_456935STK1691074114019.png",
    "available": true,
    "promoUntil": null
  },
  {
    "id": "602590STK",
    "title": "Jumbo Reinigingsdoekjes Micellairwater 30 Stuks",
    "category": "Drogisterij en baby",
    "price": 1.55,
    "promoPrice": null,
    "pricePerUnit": "0.05 pieces",
    "image": "https://www.jumbo.com/dam-images/fit-in/360x360/Products/19062024_1718807626505_1718807637234_8718452778638_596.png",
    "available": true,
    "promoUntil": null
  },
  {
    "id": "708650ZK",
    "title": "HEMA Bellenblaas Confetti 1 Stuk",
    "category": "Non-food en servicebalie",
    "price": 0.69,
    "promoPrice": null,
    "pricePerUnit": "0.69 pieces",
    "image": "",
    "available": true,
    "promoUntil": null
  },
  {
    "id": "632376STK",
    "title": "Jumbo Flakes Parmigiano Reggiano 80 g",
    "category": "Vleeswaren, kaas en tapas",
    "price": 2.69,
    "promoPrice": null,
    "pricePerUnit": "33.63 kg",
    "image": "https://www.jumbo.com/dam-images/fit-in/360x360/Products/10122024_1733830366374_1733830390536_8718452839063_1.png",
    "available": true,
    "promoUntil": null
  },
  {
    "id": "633389ZK",
    "title": "Courgetteschotel met Kalfsvlees en Quinoa",
    "category": "Drogisterij en baby",
    "price": 1.48,
    "promoPrice": null,
    "pricePerUnit": "7.4 kg",
    "image": "https://www.jumbo.com/dam-images/fit-in/360x360/Products/20072024_1721433616744_1721433619948_5900852068249_1.png",
    "available": true,
    "promoUntil": null
  },
  {
    "id": "592062STK",
    "title": "Jumbo Biologisch Knijpfruit Appel Yoghurt Passiefruit 12+ Maanden 90 g",
    "category": "Drogisterij en baby",
    "price": 0.95,
    "promoPrice": null,
    "pricePerUnit": "10.56 kg",
    "image": "https://www.jumbo.com/dam-images/fit-in/360x360/Products/13112024_1731515618601_1731515624664_8718452744558_1.png",
    "available": true,
    "promoUntil": null
  },
  {
    "id": "579839STK",
    "title": "Jumbo Gaatjeszeem 1 Stuk",
    "category": "Huishouden en dieren",
    "price": 1.89,
    "promoPrice": null,
    "pricePerUnit": "1.89 pieces",
    "image": "https://www.jumbo.com/dam-images/fit-in/360x360/Products/14052025_1747215230962_1747215241182_8718452699735_1.png",
    "available": true,
    "promoUntil": null
  },
  {
    "id": "453595ZK",
    "title": "Jumbo Pinda Rotsjes Karamel-Zeezout 125 g",
    "category": "Koek, snoep, chocolade en chips",
    "price": 2.59,
    "promoPrice": null,
    "pricePerUnit": "20.72 kg",
    "image": "https://www.jumbo.com/dam-images/fit-in/360x360/Products/19012024_1705630799753_1705630807710_453595_ZK_08718452576388_C1N1.png",
    "available": true,
    "promoUntil": null
  },
  {
    "id": "445379STK",
    "title": "High Wine Proeverij Italië 4 x 750ML",
    "category": "Bier en wijn",
    "price": 32.97,
    "promoPrice": null,
    "pricePerUnit": "None None",
    "image": "https://www.jumbo.com/dam-images/fit-in/360x360/Products/445379STK17d4e72c-3c4d-4da5-aba4-f751c9187504-1706173564179.png",
    "available": true,
    "promoUntil": null
  },
  {
    "id": "562388FLS",
    "title": "Brugse Zot - Dubbel Bier - Fles - 330ML",
    "category": "Bier en wijn",
    "price": 2.25,
    "promoPrice": null,
    "pricePerUnit": "6.82 l",
    "image": "https://www.jumbo.com/dam-images/fit-in/360x360/Products/09082023_1691586716937_1691586724658_5425017240075_1.png",
    "available": true,
    "promoUntil": null
  },
  {
    "id": "458099DS",
    "title": "Consenza Gluten Free Bitterballen 8 x 30 g",
    "category": "Diepvries",
    "price": 5.93,
    "promoPrice": null,
    "pricePerUnit": "24.71 kg",
    "image": "https://www.jumbo.com/dam-images/fit-in/360x360/Products/27062024_1719495196107_1719495201275_8717496861764_1.png",
    "available": true,
    "promoUntil": null
  },
  {
    "id": "680078TUB",
    "title": "DermaXPro by Head & Shoulders Kalmeert Lichte Conditioner 220ml Met Aloë vera-extract",
    "category": "Drogisterij en baby",
    "price": 7.99,
    "promoPrice": null,
    "pricePerUnit": "36.32 l",
    "image": "https://www.jumbo.com/dam-images/fit-in/360x360/Products/15082025_1755216082996_1755216086764_8700216532556_1.png",
    "available": true,
    "promoUntil": null
  },
  {
    "id": "579800BLK",
    "title": "Frontaal - Juice Punch IPA - Blik - 330ML",
    "category": "Bier en wijn",
    "price": 2.99,
    "promoPrice": null,
    "pricePerUnit": "9.06 l",
    "image": "https://www.jumbo.com/dam-images/fit-in/360x360/Products/20092025_1758335717869_1758335720171_579800_BLK_08720828456217_C1N1.png",
    "available": true,
    "promoUntil": null
  },
  {
    "id": "588353BLS",
    "title": "Gillette Venus 3 Colors Scheermesjes x6",
    "category": "Drogisterij en baby",
    "price": 7.89,
    "promoPrice": null,
    "pricePerUnit": "1.32 pieces",
    "image": "https://www.jumbo.com/dam-images/fit-in/360x360/Products/02062025_1748826890451_1748826892078_588353_BLS_07702018450886_C1N1.png",
    "available": true,
    "promoUntil": null
  },
  {
    "id": "611392ZK",
    "title": "Ella's Kitchen Bio Organic Spaghetti Bolognese met Kaas 10+ Maanden 190 g",
    "category": "Drogisterij en baby",
    "price": 2.96,
    "promoPrice": null,
    "pricePerUnit": "15.58 kg",
    "image": "https://www.jumbo.com/dam-images/fit-in/360x360/Products/29022024_1709220909090_1709220914660_5060503505445_1.png",
    "available": true,
    "promoUntil": null
  },
  {
    "id": "680329STK",
    "title": "HEMA Appelboor RVS Dot Oranje",
    "category": "Non-food en servicebalie",
    "price": 3.99,
    "promoPrice": null,
    "pricePerUnit": "3.99 pieces",
    "image": "https://www.jumbo.com/dam-images/fit-in/360x360/Products/17022025_1739808683275_1739808684822_680329_STK_08720354519721_C1N1.png",
    "available": true,
    "promoUntil": null
  },
  {
    "id": "678612STK",
    "title": "HEMA Knoflookpers RVS Dot 1 Stuk",
    "category": "Non-food en servicebalie",
    "price": 8.99,
    "promoPrice": null,
    "pricePerUnit": "8.99 pieces",
    "image": "https://www.jumbo.com/dam-images/fit-in/360x360/Products/07022025_1738939710450_1738939712529_678612_STK_08720354519684_C1N1.png",
    "available": true,
    "promoUntil": null
  },
  {
    "id": "595347ZK",
    "title": "Herr's Honey BBQ Flavored Potato Chips 28,4 g",
    "category": "Wereldkeukens, kruiden, pasta en rijst",
    "price": 1.09,
    "promoPrice": null,
    "pricePerUnit": "38.93 kg",
    "image": "https://www.jumbo.com/dam-images/fit-in/360x360/Products/25012024_1706178902451_1706178915055_8712857980900_1.png",
    "available": true,
    "promoUntil": null
  },
  {
    "id": "291653FLS",
    "title": "Famiglia Bruno - Arneis - 750ML",
    "category": "Bier en wijn",
    "price": 14.99,
    "promoPrice": null,
    "pricePerUnit": "19.99 l",
    "image": "https://www.jumbo.com/dam-images/fit-in/360x360/Products/11042024_1712842509106_1712842512427_8032774604209_1.png",
    "available": true,
    "promoUntil": null
  },
  {
    "id": "647390GLS",
    "title": "Jumbo Biologisch Groenten, Aardappel & Kip 15+ Maanden 250 g",
    "category": "Drogisterij en baby",
    "price": 1.48,
    "promoPrice": null,
    "pricePerUnit": "5.92 kg",
    "image": "https://www.jumbo.com/dam-images/fit-in/360x360/Products/26092024_1727361164459_1727361171197_8718452807871_1.png",
    "available": true,
    "promoUntil": null
  },
  {
    "id": "669697KGR",
    "title": "Jumbo Biologisch Leverworst ca. 120 g",
    "category": "Vleeswaren, kaas en tapas",
    "price": 2.4,
    "promoPrice": null,
    "pricePerUnit": "20.0 kg",
    "image": "https://www.jumbo.com/dam-images/fit-in/360x360/Products/14022025_1739539723440_1739539728709_2369931000000_1.png",
    "available": true,
    "promoUntil": null
  },
  {
    "id": "510353PAK",
    "title": "Jumbo Cacao Wafels Vanillesmaak 9 Stuks",
    "category": "Koek, snoep, chocolade en chips",
    "price": 1.99,
    "promoPrice": null,
    "pricePerUnit": "6.72 kg",
    "image": "https://www.jumbo.com/dam-images/fit-in/360x360/Products/09082023_1691592202241_1691592207648_8718452670192_1.png",
    "available": true,
    "promoUntil": null
  },
  {
    "id": "547734BUS",
    "title": "AXE Fine Fragrance Collection Premium Deodorant Bodyspray Emerald Geranium 150 ml",
    "category": "Drogisterij en baby",
    "price": 8.49,
    "promoPrice": null,
    "pricePerUnit": "56.6 l",
    "image": "https://www.jumbo.com/dam-images/fit-in/360x360/Products/11032025_1741659736566_1741659774378_547734_BUS_08720181297687_C1N1.png",
    "available": true,
    "promoUntil": null
  },
  {
    "id": "482798ZK",
    "title": "Beneful Graanvrij Hondenvoer met Kip en Groenten",
    "category": "Huishouden en dieren",
    "price": 6.49,
    "promoPrice": null,
    "pricePerUnit": "5.41 kg",
    "image": "https://www.jumbo.com/dam-images/fit-in/360x360/Products/23092025_1758598674070_1758598722101_482798_ZK_07613287171382_C1N1_s03.png",
    "available": true,
    "promoUntil": null
  },
  {
    "id": "637654FLS",
    "title": "Jumbo Eco Afwasmiddel Rozemarijn & Munt 500ML",
    "category": "Huishouden en dieren",
    "price": 1.19,
    "promoPrice": null,
    "pricePerUnit": "2.38 l",
    "image": "https://www.jumbo.com/dam-images/fit-in/360x360/Products/28112024_1732782796907_1732782801396_8718452829095_1.png",
    "available": true,
    "promoUntil": null
  },
  {
    "id": "178299STK",
    "title": "Davitamon Vitamine D smelttabletten voor kinderen, 150 stuks",
    "category": "Drogisterij en baby",
    "price": 19.99,
    "promoPrice": null,
    "pricePerUnit": "0.13 pieces",
    "image": "https://www.jumbo.com/dam-images/fit-in/360x360/Products/24092025_1758672134398_1758672141397_8710537041132_1.png",
    "available": true,
    "promoUntil": null
  },
  {
    "id": "562719ZK",
    "title": "Jumbo Mix voor Gehakt 70 g",
    "category": "Wereldkeukens, kruiden, pasta en rijst",
    "price": 1.55,
    "promoPrice": null,
    "pricePerUnit": "22.14 kg",
    "image": "https://www.jumbo.com/dam-images/fit-in/360x360/Products/14022024_1707872534046_1707872580912_8718452721498_1.png",
    "available": true,
    "promoUntil": null
  },
  {
    "id": "701580BLK",
    "title": "433 Energy Drink 250ML",
    "category": "Frisdrank en sappen",
    "price": 1.19,
    "promoPrice": null,
    "pricePerUnit": "4.76 l",
    "image": "https://www.jumbo.com/dam-images/fit-in/360x360/Products/08721148000326C1N1s012f4aad0a-af63-4a95-9774-da5c74f2eef2-1752054588585.png",
    "available": true,
    "promoUntil": null
  },
  {
    "id": "576964DSL",
    "title": "6 x Organix Knijpfruit Appel, Aardbei & Bosbes 6+m",
    "category": "Drogisterij en baby",
    "price": 8.64,
    "promoPrice": null,
    "pricePerUnit": "14.4 kg",
    "image": "https://www.jumbo.com/dam-images/fit-in/360x360/Products/576964DSL1f56bbd99-3ffb-4256-9669-344a5dcce46d-1724058681147.png",
    "available": true,
    "promoUntil": null
  },
  {
    "id": "699723DS",
    "title": "Acqua Panna Niet-Bruisend Mineraalwater 6x500ML",
    "category": "Frisdrank en sappen",
    "price": 6.49,
    "promoPrice": null,
    "pricePerUnit": "2.16 l",
    "image": "https://www.jumbo.com/dam-images/fit-in/360x360/Products/19052025_1747679567685_1747679579346_8000815835257_1.png",
    "available": true,
    "promoUntil": null
  },
  {
    "id": "667485STK",
    "title": "HEMA Tompouce spons 2 stuks",
    "category": "Non-food en servicebalie",
    "price": 1.49,
    "promoPrice": null,
    "pricePerUnit": "0.75 pieces",
    "image": "https://www.jumbo.com/dam-images/fit-in/360x360/Products/04122024_1733315283400_1733315286375_667485_STK_08720354751862_C1N1.png",
    "available": true,
    "promoUntil": null
  },
  {
    "id": "687533STK",
    "title": "HEMA Zakafsluiters Kleur 18 Stuks",
    "category": "Non-food en servicebalie",
    "price": 3.59,
    "promoPrice": null,
    "pricePerUnit": "0.2 pieces",
    "image": "https://www.jumbo.com/dam-images/fit-in/360x360/Products/11042025_1744336645919_1744336650266_687533_STK_08720354608777_C1N1.png",
    "available": true,
    "promoUntil": null
  },
  {
    "id": "190169STK",
    "title": "Jumbo Dessertsaus Kersen 260 g",
    "category": "Diepvries",
    "price": 2.29,
    "promoPrice": null,
    "pricePerUnit": "8.81 kg",
    "image": "https://www.jumbo.com/dam-images/fit-in/360x360/Products/18062024_1718724829715_1718724834691_8718452794386_1.png",
    "available": true,
    "promoUntil": null
  },
  {
    "id": "166957FLS",
    "title": "Jumbo Lenzenvloeistof Harde Lenzen 250 ml",
    "category": "Drogisterij en baby",
    "price": 3.59,
    "promoPrice": null,
    "pricePerUnit": "14.36 l",
    "image": "https://www.jumbo.com/dam-images/fit-in/360x360/Products/10082023_1691674958088_1691674978751_8718452139767_1.png",
    "available": true,
    "promoUntil": null
  },
  {
    "id": "433173FLS",
    "title": "100 Watt - Blond 40 Watt - Fles - 330ML",
    "category": "Bier en wijn",
    "price": 2.79,
    "promoPrice": null,
    "pricePerUnit": "8.45 l",
    "image": "https://www.jumbo.com/dam-images/fit-in/360x360/Products/20092025_1758336604386_1758336608176_433173_FLS_08717953244024_C1N1.png",
    "available": true,
    "promoUntil": null
  },
  {
    "id": "496454STK",
    "title": "Antigrippine Tabletten bij griep en verkoudheid, 20 stuks",
    "category": "Drogisterij en baby",
    "price": 6.19,
    "promoPrice": null,
    "pricePerUnit": "0.31 pieces",
    "image": "https://www.jumbo.com/dam-images/fit-in/360x360/Products/22082025_1755820930273_1755820936088_8710349123606_1.png",
    "available": true,
    "promoUntil": null
  },
  {
    "id": "706638DS",
    "title": "Apetito Maaltijdbox A Fijn Gemalen (IDDSI 5) - 7 Verschillende Maaltijden",
    "category": "Diepvries",
    "price": 49.6,
    "promoPrice": null,
    "pricePerUnit": "16.1 kg",
    "image": "https://www.jumbo.com/dam-images/fit-in/360x360/Products/47389winvitalisdinerdoosFijngemalen2400x24005886e7aa-8cbe-4774-877e-d8114034ee9d-1754577465671.png",
    "available": true,
    "promoUntil": null
  },
  {
    "id": "450465DS",
    "title": "JUMBO Broomhexine HCl hoestdrank (4 mg/5 ml), 150 ml",
    "category": "Drogisterij en baby",
    "price": 4.49,
    "promoPrice": null,
    "pricePerUnit": "29.93 l",
    "image": "https://www.jumbo.com/dam-images/fit-in/360x360/Products/24092025_1758672093048_1758672096249_8718452504398_1.png",
    "available": true,
    "promoUntil": null
  },
  {
    "id": "667846FLS",
    "title": "Boba Loba Popping Boba Drink Blueberry Raspberry 350 ml",
    "category": "Frisdrank en sappen",
    "price": 3.49,
    "promoPrice": null,
    "pricePerUnit": "9.97 l",
    "image": "https://www.jumbo.com/dam-images/fit-in/360x360/Products/06032025_1741253565683_1741253572876_8718481542576_1.png",
    "available": true,
    "promoUntil": null
  },
  {
    "id": "680327DS",
    "title": "HEMA Kousenvoetjes Zwart 4 Stuks",
    "category": "Non-food en servicebalie",
    "price": 8.99,
    "promoPrice": null,
    "pricePerUnit": "8.99 pieces",
    "image": "https://www.jumbo.com/dam-images/fit-in/360x360/Products/17022025_1739808644691_1739808646759_680327_DS_08716618167081_C1N1.png",
    "available": true,
    "promoUntil": null
  },
  {
    "id": "612701DS",
    "title": "Fitmeals  High Protein Pancakes Cacao 160g",
    "category": "Verse maaltijden en gemak",
    "price": 2.79,
    "promoPrice": null,
    "pricePerUnit": "17.44 kg",
    "image": "https://www.jumbo.com/dam-images/fit-in/360x360/Products/08042024_1712556887452_1712556891455_612701_DS_08720938614446_A3C1.png",
    "available": true,
    "promoUntil": null
  },
  {
    "id": "196079BLK",
    "title": "Gourmet Gold Hartig Torentje Kattenvoer nat met Tonijn",
    "category": "Huishouden en dieren",
    "price": 0.84,
    "promoPrice": null,
    "pricePerUnit": "9.88 kg",
    "image": "https://www.jumbo.com/dam-images/fit-in/360x360/Products/09072025_1752026861829_1752026892988_196079_BLK_07613036188753_C1N1_s03.png",
    "available": true,
    "promoUntil": null
  },
  {
    "id": "69431STK",
    "title": "Andrélon Mousse Verrassend Volume 200 ml",
    "category": "Drogisterij en baby",
    "price": 5.79,
    "promoPrice": null,
    "pricePerUnit": "28.95 l",
    "image": "https://www.jumbo.com/dam-images/fit-in/360x360/Products/17092025_1758073526564_1758073547151_69431_STK_08711600604339_C1N1.png",
    "available": true,
    "promoUntil": null
  },
  {
    "id": "432430STK",
    "title": "Dagravit Kids vitamine D aquosum, 25 ml",
    "category": "Drogisterij en baby",
    "price": 9.99,
    "promoPrice": null,
    "pricePerUnit": "9.99 pieces",
    "image": "https://www.jumbo.com/dam-images/fit-in/360x360/Products/24092025_1758672091753_1758672099319_8711744030339_1.png",
    "available": true,
    "promoUntil": null
  },
  {
    "id": "435882STK",
    "title": "Davitamon Vitamine D aquosum (25 ml)",
    "category": "Drogisterij en baby",
    "price": 9.99,
    "promoPrice": null,
    "pricePerUnit": "399.6 l",
    "image": "https://www.jumbo.com/dam-images/fit-in/360x360/Products/22082025_1755820930506_1755820938240_8710537703375_1.png",
    "available": true,
    "promoUntil": null
  },
  {
    "id": "604151BLK",
    "title": "Bird Brewery Zwaanzinng Blik 330 ml",
    "category": "Bier en wijn",
    "price": 2.69,
    "promoPrice": null,
    "pricePerUnit": "8.15 l",
    "image": "https://www.jumbo.com/dam-images/fit-in/360x360/Products/07022024_1707273887896_1707273888799_604151_BLK_08720618977106_A1N1.png",
    "available": true,
    "promoUntil": null
  },
  {
    "id": "493633POT",
    "title": "Euroma Pasta bolognese kruiden 68 g",
    "category": "Wereldkeukens, kruiden, pasta en rijst",
    "price": 3.95,
    "promoPrice": null,
    "pricePerUnit": "58.09 kg",
    "image": "https://www.jumbo.com/dam-images/fit-in/360x360/Products/13092024_1726197066758_1726197076983_493633_POT_08717600337024_C1N1.png",
    "available": true,
    "promoUntil": null
  },
  {
    "id": "426520FLS",
    "title": "Flower Brand Yellow Label Black Soy No.1 Pikante Saus 900 ml",
    "category": "Wereldkeukens, kruiden, pasta en rijst",
    "price": 7.11,
    "promoPrice": null,
    "pricePerUnit": "7.9 l",
    "image": "https://www.jumbo.com/dam-images/fit-in/360x360/Products/17092024_1726561999688_1726562003811_8710161004626_1.png",
    "available": true,
    "promoUntil": null
  },
  {
    "id": "675377STK",
    "title": "Inkleurtafelkleed",
    "category": "Non-food en servicebalie",
    "price": 2.99,
    "promoPrice": null,
    "pricePerUnit": "2.99 pieces",
    "image": "https://www.jumbo.com/dam-images/fit-in/360x360/Products/01072025_1751380370962_1751380375518_8721225774928_1.png",
    "available": true,
    "promoUntil": null
  },
  {
    "id": "453444ZK",
    "title": "Jumbo Vanille Fudge 125 g",
    "category": "Koek, snoep, chocolade en chips",
    "price": 2.59,
    "promoPrice": null,
    "pricePerUnit": "20.72 kg",
    "image": "https://www.jumbo.com/dam-images/fit-in/360x360/Products/19012024_1705635914623_1705635920076_453444_ZK_08718452624553_C1N1.png",
    "available": true,
    "promoUntil": null
  },
  {
    "id": "348750FLS",
    "title": "Jumbo Sojasaus Minder Zout 150 ml",
    "category": "Wereldkeukens, kruiden, pasta en rijst",
    "price": 1.99,
    "promoPrice": null,
    "pricePerUnit": "13.27 l",
    "image": "https://www.jumbo.com/dam-images/fit-in/360x360/Products/12062024_1718202884352_1718202888831_8718452723461_1.png",
    "available": true,
    "promoUntil": null
  },
  {
    "id": "485089FLS",
    "title": "Guilty Monkey - Blonde Aap - Fles - 330ML",
    "category": "Bier en wijn",
    "price": 2.99,
    "promoPrice": null,
    "pricePerUnit": "9.06 l",
    "image": "https://www.jumbo.com/dam-images/fit-in/360x360/Products/20092025_1758331670105_1758331674318_485089_FLS_08720955351928_C1N1.png",
    "available": true,
    "promoUntil": null
  },
  {
    "id": "191226STK",
    "title": "Garnier SkinActive Micellair Reinigingswater Alles-in-1 400 ml",
    "category": "Drogisterij en baby",
    "price": 8.99,
    "promoPrice": null,
    "pricePerUnit": "8.99 pieces",
    "image": "https://www.jumbo.com/dam-images/fit-in/360x360/Products/19042024_1713489878389_1713489881004_191226_STK_03600541744424_C1N1.png",
    "available": true,
    "promoUntil": null
  },
  {
    "id": "177838STK",
    "title": "Bronchostop Hoestdrank, 120 ml",
    "category": "Drogisterij en baby",
    "price": 10.99,
    "promoPrice": null,
    "pricePerUnit": "91.58 l",
    "image": "https://www.jumbo.com/dam-images/fit-in/360x360/Products/24092025_1758672106838_1758672110766_8710537701159_1.png",
    "available": true,
    "promoUntil": null
  },
  {
    "id": "369991FLS",
    "title": "Belhara Estate  Malbec  Biologisch  750ML",
    "category": "Bier en wijn",
    "price": 9.49,
    "promoPrice": null,
    "pricePerUnit": "12.65 l",
    "image": "https://www.jumbo.com/dam-images/fit-in/360x360/Products/09082023_1691587248514_1691587256824_7798304610034_1.png",
    "available": true,
    "promoUntil": null
  },
  {
    "id": "568354ZK",
    "title": "Cucina Missione Focaccine Rozemarijn 200 g",
    "category": "Koek, snoep, chocolade en chips",
    "price": 2.09,
    "promoPrice": null,
    "pricePerUnit": "10.45 kg",
    "image": "https://www.jumbo.com/dam-images/fit-in/360x360/Products/14022024_1707873742058_1707873752854_8714234200519_1.png",
    "available": true,
    "promoUntil": null
  },
  {
    "id": "684491DS",
    "title": "999 Games Keer op Keer",
    "category": "Non-food en servicebalie",
    "price": 12.99,
    "promoPrice": null,
    "pricePerUnit": "12.99 pieces",
    "image": "https://www.jumbo.com/dam-images/fit-in/360x360/Products/KeeropKeer1dd0473e9-c3a6-49d5-99cc-004884c88c98-1750064392046.png",
    "available": true,
    "promoUntil": null
  },
  {
    "id": "172916DS",
    "title": "Bepanthen Baby zalf bij rode babybilletjes, 30 gram",
    "category": "Drogisterij en baby",
    "price": 5.49,
    "promoPrice": null,
    "pricePerUnit": "183.0 kg",
    "image": "https://www.jumbo.com/dam-images/fit-in/360x360/Products/09082023_1691592922290_1691592953423_8713091021695_1.png",
    "available": true,
    "promoUntil": null
  },
  {
    "id": "640361FLS",
    "title": "HG Tapijtreiniger 500 ml",
    "category": "Huishouden en dieren",
    "price": 7.79,
    "promoPrice": null,
    "pricePerUnit": "15.58 l",
    "image": "https://www.jumbo.com/dam-images/fit-in/360x360/Products/14062025_1749864192030_1749864196131_640361_FLS_08711577000615_C1N1.png",
    "available": true,
    "promoUntil": null
  },
  {
    "id": "181852FLS",
    "title": "Hooghoudt Limonade Siroop Valencia 0,7 L",
    "category": "Frisdrank en sappen",
    "price": 3.59,
    "promoPrice": null,
    "pricePerUnit": "5.13 l",
    "image": "https://www.jumbo.com/dam-images/fit-in/360x360/Products/22122023_1703226793630_1703226797003_181852_FLS_08710924340077_C1N1.png",
    "available": true,
    "promoUntil": null
  },
  {
    "id": "711454ZK",
    "title": "Jan Volkoren Poffertjes ca. 30 Stuks 250 g",
    "category": "Verse maaltijden en gemak",
    "price": 2.96,
    "promoPrice": null,
    "pricePerUnit": "11.84 kg",
    "image": "https://www.jumbo.com/dam-images/fit-in/360x360/Products/28072025_1753684355677_1753684364216_8712941616067_1.png",
    "available": true,
    "promoUntil": null
  },
  {
    "id": "673754ZK",
    "title": "Jumbo Borrelzoutjes Crackers Zeezout 115 g",
    "category": "Koek, snoep, chocolade en chips",
    "price": 2.59,
    "promoPrice": null,
    "pricePerUnit": "22.52 kg",
    "image": "https://www.jumbo.com/dam-images/fit-in/360x360/Products/22032025_1742611054822_1742611071782_673754_ZK_08718452879557_C1N1.png",
    "available": true,
    "promoUntil": null
  },
  {
    "id": "560848BLK",
    "title": "Dutch Bargain - Tripel - Blik - 330ML",
    "category": "Bier en wijn",
    "price": 2.65,
    "promoPrice": null,
    "pricePerUnit": "8.03 l",
    "image": "https://www.jumbo.com/dam-images/fit-in/360x360/Products/20092025_1758332823602_1758332829136_560848_BLK_08720618502759_C1N1.png",
    "available": true,
    "promoUntil": null
  },
  {
    "id": "224277BAK",
    "title": "Jumbo Roomijs Triple Chocolate 500 g",
    "category": "Diepvries",
    "price": 3.99,
    "promoPrice": null,
    "pricePerUnit": "4.43 l",
    "image": "https://www.jumbo.com/dam-images/fit-in/360x360/Products/09092025_1757421313121_1757421319399_8718452357376_1.png",
    "available": true,
    "promoUntil": null
  },
  {
    "id": "601988FLS",
    "title": "Jumbo Whitening Mondwater 0% Alcohol 500ML",
    "category": "Drogisterij en baby",
    "price": 1.99,
    "promoPrice": null,
    "pricePerUnit": "3.98 l",
    "image": "https://www.jumbo.com/dam-images/fit-in/360x360/Products/22022024_1708623246202_1708623251494_8718452796120_1.png",
    "available": true,
    "promoUntil": null
  },
  {
    "id": "709505DS",
    "title": "Jumbo Yoghurt Blauwe Bes 200 g",
    "category": "Aardappelen, groente en fruit",
    "price": 2.99,
    "promoPrice": null,
    "pricePerUnit": "14.95 kg",
    "image": "https://www.jumbo.com/dam-images/fit-in/360x360/Products/18092025_1758191730597_1758191736647_8718452950089_1.png",
    "available": true,
    "promoUntil": null
  },
  {
    "id": "528981ZK",
    "title": "Always Cotton Protection Night Maandverband",
    "category": "Drogisterij en baby",
    "price": 3.09,
    "promoPrice": null,
    "pricePerUnit": "0.39 pieces",
    "image": "https://www.jumbo.com/dam-images/fit-in/360x360/Products/05092025_1757034893427_1757034895291_528981_ZK_08006540678435_C1N1.png",
    "available": true,
    "promoUntil": null
  },
  {
    "id": "698774DSL",
    "title": "Andrélon Conditioner Perfecte Krul - 6 x 250 ml",
    "category": "Drogisterij en baby",
    "price": 30.54,
    "promoPrice": 21.37,
    "pricePerUnit": "25.45 l",
    "image": "https://www.jumbo.com/dam-images/fit-in/360x360/Products/8720181326011d15c67be-ad64-4255-9299-c80e30a095e3-1744795952758.png",
    "available": true,
    "promoUntil": "di 7 okt"
  },
  {
    "id": "669753BLK",
    "title": "Hell Energy Drink Apple Flavour 250 ml",
    "category": "Frisdrank en sappen",
    "price": 1.39,
    "promoPrice": null,
    "pricePerUnit": "5.56 l",
    "image": "https://www.jumbo.com/dam-images/fit-in/360x360/Products/04062025_1749033207878_1749033212522_8720938269028_1.png",
    "available": true,
    "promoUntil": null
  },
  {
    "id": "459726ZK",
    "title": "Jumbo Chocolade Oublies 150 g",
    "category": "Koek, snoep, chocolade en chips",
    "price": 2.59,
    "promoPrice": null,
    "pricePerUnit": "17.27 kg",
    "image": "https://www.jumbo.com/dam-images/fit-in/360x360/Products/459726_8718452576340_1_T1_459726ZK1691161911345.png",
    "available": true,
    "promoUntil": null
  },
  {
    "id": "717292STK",
    "title": "Jumbo Romanesco",
    "category": "Aardappelen, groente en fruit",
    "price": 2.49,
    "promoPrice": null,
    "pricePerUnit": "2.49 pieces",
    "image": "https://www.jumbo.com/dam-images/fit-in/360x360/Products/02092025_1756838030401_1756838036880_25003659_1.png",
    "available": true,
    "promoUntil": null
  },
  {
    "id": "619843STK",
    "title": "Jumbo Vochtige Lotion Doekjes Gevoelige Huid 8 x 80 Stuks",
    "category": "Drogisterij en baby",
    "price": 11.6,
    "promoPrice": null,
    "pricePerUnit": "None None",
    "image": "https://www.jumbo.com/dam-images/fit-in/360x360/Products/Vochtigedoekjesc6727e91-8a43-48fd-85da-11e987d1743b-1711437878442.png",
    "available": true,
    "promoUntil": null
  },
  {
    "id": "72628STK",
    "title": "A. Vogel Echinaforce forte tabletten, 60 stuks ",
    "category": "Drogisterij en baby",
    "price": 17.99,
    "promoPrice": null,
    "pricePerUnit": "0.3 pieces",
    "image": "https://www.jumbo.com/dam-images/fit-in/360x360/Products/24092025_1758672060006_1758672064449_8711596579062_1.png",
    "available": true,
    "promoUntil": null
  },
  {
    "id": "473259STK",
    "title": "Bronchostop Direct hoestverlichting met Honing, 120 ml",
    "category": "Drogisterij en baby",
    "price": 14.99,
    "promoPrice": null,
    "pricePerUnit": "124.92 l",
    "image": "https://www.jumbo.com/dam-images/fit-in/360x360/Products/24092025_1758672061982_1758672066761_8710537042641_1.png",
    "available": true,
    "promoUntil": null
  },
  {
    "id": "695417POT",
    "title": "Curalyn Calcium, Magnesium, Zink Tabletten 90 Stuks",
    "category": "Drogisterij en baby",
    "price": 4.0,
    "promoPrice": null,
    "pricePerUnit": "0.04 pieces",
    "image": "https://www.jumbo.com/dam-images/fit-in/360x360/Products/24062025_1750727081932_1750727084556_695417_POT_08712113661352_C1N1_s01.png",
    "available": true,
    "promoUntil": null
  },
  {
    "id": "507407FLS",
    "title": "Garnier Loving Blends - Conditioner - Argan & Cameliaolie - 250 ml",
    "category": "Drogisterij en baby",
    "price": 5.99,
    "promoPrice": null,
    "pricePerUnit": "23.96 l",
    "image": "https://www.jumbo.com/dam-images/fit-in/360x360/Products/17072025_1752717770790_1752717778906_507407_FLS_03600542461894_C1N1.png",
    "available": true,
    "promoUntil": null
  },
  {
    "id": "182383STK",
    "title": "Jumbo Chili aan stuk Gedroogd 3 g",
    "category": "Wereldkeukens, kruiden, pasta en rijst",
    "price": 1.49,
    "promoPrice": null,
    "pricePerUnit": "496.67 kg",
    "image": "https://www.jumbo.com/dam-images/fit-in/360x360/Products/09082023_1691581023442_1691581034373_8718452203604_1.png",
    "available": true,
    "promoUntil": null
  },
  {
    "id": "626906BUS",
    "title": "Air Wick Freshmatic Automatische Spray Luchtverfrisser - Pure Fresh Lentedauw - Starterkit - 250ml",
    "category": "Huishouden en dieren",
    "price": 13.29,
    "promoPrice": null,
    "pricePerUnit": "53.16 l",
    "image": "https://www.jumbo.com/dam-images/fit-in/360x360/Products/26042024_1714130311713_1714130315246_626906_BUS_08720065006312_C1N1.png",
    "available": true,
    "promoUntil": null
  },
  {
    "id": "381545POT",
    "title": "Al'Fez Moroccan Style Tagine Sauce 450 g",
    "category": "Wereldkeukens, kruiden, pasta en rijst",
    "price": 2.96,
    "promoPrice": null,
    "pricePerUnit": "6.58 kg",
    "image": "https://www.jumbo.com/dam-images/fit-in/360x360/Products/14122024_1734146244150_1734146252558_381545_POT_05010338102340_H1N1.png",
    "available": true,
    "promoUntil": null
  },
  {
    "id": "589796BLK",
    "title": "Brunswick Canadian Style Sardines Haring 106 g",
    "category": "Wereldkeukens, kruiden, pasta en rijst",
    "price": 1.89,
    "promoPrice": null,
    "pricePerUnit": "17.83 kg",
    "image": "https://www.jumbo.com/dam-images/fit-in/360x360/Products/12122024_1734014703304_1734014716289_66613142025_1.png",
    "available": true,
    "promoUntil": null
  },
  {
    "id": "628417ZK",
    "title": "Chio Hula Hoops Bolognese Flavour Aardappelsnack 100 g",
    "category": "Koek, snoep, chocolade en chips",
    "price": 1.89,
    "promoPrice": null,
    "pricePerUnit": "18.9 kg",
    "image": "https://www.jumbo.com/dam-images/fit-in/360x360/Products/13092025_1757729641771_1757729645806_628417_ZK_08710532471460_C1N1.png",
    "available": true,
    "promoUntil": null
  },
  {
    "id": "441787FLS",
    "title": "Flower Brand Ketjap Marinade 500 ml",
    "category": "Wereldkeukens, kruiden, pasta en rijst",
    "price": 3.69,
    "promoPrice": null,
    "pricePerUnit": "7.38 l",
    "image": "https://www.jumbo.com/dam-images/fit-in/360x360/Products/20122023_1703055029299_1703055035295_441787_FLS_08710161004718_C1N1.png",
    "available": true,
    "promoUntil": null
  },
  {
    "id": "478177STK",
    "title": "Germain Triple Crème 180 g",
    "category": "Vleeswaren, kaas en tapas",
    "price": 5.15,
    "promoPrice": null,
    "pricePerUnit": "28.61 kg",
    "image": "https://www.jumbo.com/dam-images/fit-in/360x360/Products/09092025_1757421320655_1757421331776_3336660011825_1.png",
    "available": true,
    "promoUntil": null
  },
  {
    "id": "680219ZK",
    "title": "HEMA Folieballon Dino 50 CM",
    "category": "Non-food en servicebalie",
    "price": 3.89,
    "promoPrice": null,
    "pricePerUnit": "3.89 pieces",
    "image": "https://www.jumbo.com/dam-images/fit-in/360x360/Products/17022025_1739787984811_1739787989592_680219_ZK_08720354502075_C1N1.png",
    "available": true,
    "promoUntil": null
  },
  {
    "id": "678400STK",
    "title": "HEMA Home Collection Dunschiller",
    "category": "Non-food en servicebalie",
    "price": 3.79,
    "promoPrice": null,
    "pricePerUnit": "3.79 pieces",
    "image": "https://www.jumbo.com/dam-images/fit-in/360x360/Products/09082023_1691587040828_1691587048727_8713475715202_1.png",
    "available": true,
    "promoUntil": null
  },
  {
    "id": "670777STK",
    "title": "HEMA Notitieboek A5 spiraal karton BN",
    "category": "Non-food en servicebalie",
    "price": 3.59,
    "promoPrice": null,
    "pricePerUnit": "3.59 pieces",
    "image": "https://www.jumbo.com/dam-images/fit-in/360x360/Products/15102024_1728958483601_1728958488156_639531_STK_08720354057780_C1N1.png",
    "available": true,
    "promoUntil": null
  },
  {
    "id": "639292ZK",
    "title": "Huls lekker gekruid zwarte peper 100 g",
    "category": "Vleeswaren, kaas en tapas",
    "price": 2.99,
    "promoPrice": null,
    "pricePerUnit": "29.9 kg",
    "image": "https://www.jumbo.com/dam-images/fit-in/360x360/Products/16012025_1736995423471_1736995431497_639292_ZK_08725800007395_C1N1.png",
    "available": true,
    "promoUntil": null
  },
  {
    "id": "693416BUS",
    "title": "AXE Deodorant Bodyspray Apollo 150 ml",
    "category": "Drogisterij en baby",
    "price": 7.49,
    "promoPrice": null,
    "pricePerUnit": "49.93 l",
    "image": "https://www.jumbo.com/dam-images/fit-in/360x360/Products/14042025_1744631757586_1744631773741_693416_BUS_08712561218108_H1N1.png",
    "available": true,
    "promoUntil": null
  },
  {
    "id": "178432STK",
    "title": "Davitamon Vitamine D smelttabletten 50+, 130 stuks",
    "category": "Drogisterij en baby",
    "price": 18.99,
    "promoPrice": null,
    "pricePerUnit": "0.15 pieces",
    "image": "https://www.jumbo.com/dam-images/fit-in/360x360/Products/24092025_1758672134476_1758672140775_8710537041170_1.png",
    "available": true,
    "promoUntil": null
  },
  {
    "id": "348754ZK",
    "title": "Jumbo Groente Kroepoek 60 g",
    "category": "Wereldkeukens, kruiden, pasta en rijst",
    "price": 1.69,
    "promoPrice": null,
    "pricePerUnit": "28.17 kg",
    "image": "https://www.jumbo.com/dam-images/fit-in/360x360/Products/12122024_1734006796438_1734006814013_8718452450602_596.png",
    "available": true,
    "promoUntil": null
  },
  {
    "id": "711186STK",
    "title": "Jumbo Rijk aan Kip Kauwsticks 2 x 5 Stuks",
    "category": "Huishouden en dieren",
    "price": 1.2,
    "promoPrice": null,
    "pricePerUnit": "None None",
    "image": "https://www.jumbo.com/dam-images/fit-in/360x360/Products/20259355a1a715b4-9081-4d50-8597-5e3e2245bce4-1753710370172.png",
    "available": true,
    "promoUntil": null
  },
  {
    "id": "536508PAK",
    "title": "Hoegaarden - Wit - Blik - 6 x 330ML",
    "category": "Bier en wijn",
    "price": 8.69,
    "promoPrice": 6.51,
    "pricePerUnit": "3.29 l",
    "image": "https://www.jumbo.com/dam-images/fit-in/360x360/Products/536508_5410228305101_1_T1_202823PAK1691076986957.png",
    "available": true,
    "promoUntil": "di 30 sep"
  },
  {
    "id": "188534STK",
    "title": "Jumbo Snackzoutjes Kaas 125 g",
    "category": "Koek, snoep, chocolade en chips",
    "price": 1.19,
    "promoPrice": null,
    "pricePerUnit": "9.52 kg",
    "image": "https://www.jumbo.com/dam-images/fit-in/360x360/Products/09082023_1691584438269_1691584471354_8718452206841_1.png",
    "available": true,
    "promoUntil": null
  },
  {
    "id": "381263STK",
    "title": "Jumbo Stofzuigerzakken met Filter 4 Stuks",
    "category": "Huishouden en dieren",
    "price": 4.54,
    "promoPrice": null,
    "pricePerUnit": "1.14 pieces",
    "image": "https://www.jumbo.com/dam-images/fit-in/360x360/Products/09082023_1691587396835_1691587419802_8718452468416_1.png",
    "available": true,
    "promoUntil": null
  },
  {
    "id": "602031FLS",
    "title": "Jumbo Total Care Mondwater 500ML",
    "category": "Drogisterij en baby",
    "price": 1.79,
    "promoPrice": null,
    "pricePerUnit": "3.58 l",
    "image": "https://www.jumbo.com/dam-images/fit-in/360x360/Products/22022024_1708623246353_1708623251823_8718452796137_1.png",
    "available": true,
    "promoUntil": null
  },
  {
    "id": "189698STK",
    "title": "Jos Poell Krokante Canape Cups 24 Stuks 72 g",
    "category": "Koek, snoep, chocolade en chips",
    "price": 2.73,
    "promoPrice": null,
    "pricePerUnit": "37.92 kg",
    "image": "https://www.jumbo.com/dam-images/fit-in/360x360/Products/23092025_1758599056916_1758599075106_189698_STK_08710759009149_C1N1.png",
    "available": true,
    "promoUntil": null
  },
  {
    "id": "701435ZK",
    "title": "BitesWeLove Crunchy Peas Sea Salt & Black Pepper 100 g",
    "category": "Koek, snoep, chocolade en chips",
    "price": 2.39,
    "promoPrice": null,
    "pricePerUnit": "23.9 kg",
    "image": "https://www.jumbo.com/dam-images/fit-in/360x360/Products/28052025_1748457230564_1748457238080_8711299015867_1.png",
    "available": true,
    "promoUntil": null
  },
  {
    "id": "540480BLK",
    "title": "AriZona Iced Tea Green Granaatapel 330 ML",
    "category": "Frisdrank en sappen",
    "price": 0.85,
    "promoPrice": null,
    "pricePerUnit": "2.58 l",
    "image": "https://www.jumbo.com/dam-images/fit-in/360x360/Products/12122024_1734014601055_1734014606595_613008743604_1.png",
    "available": true,
    "promoUntil": null
  },
  {
    "id": "603711ZK",
    "title": "Jumbo 2 in 1 Tandenstokers 32 Stuks",
    "category": "Drogisterij en baby",
    "price": 1.99,
    "promoPrice": null,
    "pricePerUnit": "0.06 pieces",
    "image": "https://www.jumbo.com/dam-images/fit-in/360x360/Products/17012024_1705505710907_1705505719923_8718452776184_1.png",
    "available": true,
    "promoUntil": null
  },
  {
    "id": "623722RP",
    "title": "Jumbo Melkchocolade Aardbei-Yoghurt Smaak 190 g",
    "category": "Koek, snoep, chocolade en chips",
    "price": 2.49,
    "promoPrice": null,
    "pricePerUnit": "13.11 kg",
    "image": "https://www.jumbo.com/dam-images/fit-in/360x360/Products/23052025_1748010788767_1748010803995_8718452877140_596.png",
    "available": true,
    "promoUntil": null
  },
  {
    "id": "554640FLS",
    "title": "Bar-le-Duc Natuurlijk Mineraalwater zonder Koolzuur 1 L",
    "category": "Frisdrank en sappen",
    "price": 0.71,
    "promoPrice": null,
    "pricePerUnit": "0.71 l",
    "image": "https://www.jumbo.com/dam-images/fit-in/360x360/Products/26052025_1748230930801_1748230933761_554640_FLS_08722200964983_H1N1.png",
    "available": true,
    "promoUntil": null
  },
  {
    "id": "604848STK",
    "title": "Bier Proeverij  Groot - 10 Flesjes - los geleverd",
    "category": "Bier en wijn",
    "price": 18.14,
    "promoPrice": null,
    "pricePerUnit": "None None",
    "image": "https://www.jumbo.com/dam-images/fit-in/360x360/Products/604848STK1d99b20c-8f20-4c37-ae64-b4b23134dd87-1727873306782.png",
    "available": false,
    "promoUntil": null
  },
  {
    "id": "498945STK",
    "title": "Conimex Boemboe Javaanse Boontjes 95 g",
    "category": "Wereldkeukens, kruiden, pasta en rijst",
    "price": 1.87,
    "promoPrice": null,
    "pricePerUnit": "19.68 kg",
    "image": "https://www.jumbo.com/dam-images/fit-in/360x360/Products/14042025_1744597261938_1744597303016_498945_STK_08711200403318_H1N1.png",
    "available": true,
    "promoUntil": null
  },
  {
    "id": "685589DS",
    "title": "Felix Deli Moments Snacks met Kip 40g",
    "category": "Huishouden en dieren",
    "price": 1.97,
    "promoPrice": null,
    "pricePerUnit": "49.25 kg",
    "image": "https://www.jumbo.com/dam-images/fit-in/360x360/Products/13052025_1747098837652_1747098880463_685589_DS_08445291527355_C1N1_s01.png",
    "available": true,
    "promoUntil": null
  },
  {
    "id": "139097FLS",
    "title": "Grand Sud - Sauvignon Blanc - 250ML",
    "category": "Bier en wijn",
    "price": 2.49,
    "promoPrice": null,
    "pricePerUnit": "9.96 l",
    "image": "https://www.jumbo.com/dam-images/fit-in/360x360/Products/139097FLS1ac31e1d0-6f64-4e21-a976-d04c39583b2d-1718791341535.png",
    "available": true,
    "promoUntil": null
  },
  {
    "id": "667972BLK",
    "title": "Batu Kombucha Forest Fruits 250ML",
    "category": "Frisdrank en sappen",
    "price": 1.65,
    "promoPrice": null,
    "pricePerUnit": "6.6 l",
    "image": "https://www.jumbo.com/dam-images/fit-in/360x360/Products/20032025_1742437300232_1742437308511_667972_BLK_08725500171846_H1N1.png",
    "available": true,
    "promoUntil": null
  },
  {
    "id": "564070ZK",
    "title": "Dr. Beckmann Original Magic Leaves Wasmiddel Sheets Kleur 20 Wasbeurten 80 g",
    "category": "Huishouden en dieren",
    "price": 5.99,
    "promoPrice": null,
    "pricePerUnit": "0.3 wb",
    "image": "https://www.jumbo.com/dam-images/fit-in/360x360/Products/29052025_1748483813913_1748483816885_564070_ZK_04008455586113_C1N1.png",
    "available": true,
    "promoUntil": null
  },
  {
    "id": "604013BLK",
    "title": "Gold Dry Mindset 250 ml",
    "category": "Frisdrank en sappen",
    "price": 1.99,
    "promoPrice": null,
    "pricePerUnit": "7.96 l",
    "image": "https://www.jumbo.com/dam-images/fit-in/360x360/Products/30102024_1730295186034_1730295190524_8719327554371_1.png",
    "available": true,
    "promoUntil": null
  },
  {
    "id": "635343ZK",
    "title": "Goodies Snack Crispy Red Apple Chips 15g",
    "category": "Drogisterij en baby",
    "price": 1.08,
    "promoPrice": null,
    "pricePerUnit": "72.0 kg",
    "image": "https://www.jumbo.com/dam-images/fit-in/360x360/Products/01032025_1740799797814_1740799805541_635343_ZK_07310100778673_H1N1.png",
    "available": true,
    "promoUntil": null
  },
  {
    "id": "635342ZK",
    "title": "Goodies Knijpfruit Smoothie Perzik, Banaan & Appel 100 g",
    "category": "Drogisterij en baby",
    "price": 0.98,
    "promoPrice": null,
    "pricePerUnit": "9.8 kg",
    "image": "https://www.jumbo.com/dam-images/fit-in/360x360/Products/23052025_1748014409199_1748014444138_8713500013419_596.png",
    "available": true,
    "promoUntil": null
  },
  {
    "id": "498042PAK",
    "title": " Jumbo - Desem Baguettes - Meergranen - 2 Stuks",
    "category": "Brood en gebak",
    "price": 2.39,
    "promoPrice": null,
    "pricePerUnit": "9.56 kg",
    "image": "https://www.jumbo.com/dam-images/fit-in/360x360/Products/01052025_1746091946571_1746091953765_8718452649747_1.png",
    "available": true,
    "promoUntil": null
  },
  {
    "id": "396490ZK",
    "title": "Food2Smile Cola-La Bottles Gluten- en Suikervrij 90 g",
    "category": "Koek, snoep, chocolade en chips",
    "price": 1.99,
    "promoPrice": null,
    "pricePerUnit": "22.11 kg",
    "image": "https://www.jumbo.com/dam-images/fit-in/360x360/Products/17012024_1705464624288_1705464633660_396490_ZK_08719325464443_C1N1.png",
    "available": true,
    "promoUntil": null
  },
  {
    "id": "383973FLS",
    "title": "Guarda Rios - Antão Vaz - Arinto - 750ML",
    "category": "Bier en wijn",
    "price": 6.99,
    "promoPrice": null,
    "pricePerUnit": "9.32 l",
    "image": "https://www.jumbo.com/dam-images/fit-in/360x360/Products/09082023_1691587307768_1691587315373_5602182350338_1.png",
    "available": true,
    "promoUntil": null
  },
  {
    "id": "486270STK",
    "title": "Always Daily Cotton Protection Inlegkruisjes",
    "category": "Drogisterij en baby",
    "price": 5.49,
    "promoPrice": null,
    "pricePerUnit": "0.11 pieces",
    "image": "https://www.jumbo.com/dam-images/fit-in/360x360/Products/14082025_1755200014376_1755200018299_8006540434703_1.png",
    "available": true,
    "promoUntil": null
  },
  {
    "id": "698652FLS",
    "title": "Andrélon Conditioner Zilver Care 200 ml",
    "category": "Drogisterij en baby",
    "price": 8.99,
    "promoPrice": null,
    "pricePerUnit": "44.95 l",
    "image": "https://www.jumbo.com/dam-images/fit-in/360x360/Products/11072025_1752244367185_1752244371728_8720181619366_1.png",
    "available": true,
    "promoUntil": null
  },
  {
    "id": "88030STK",
    "title": "Canesten Gyno Crème bij vaginale schimmel, 6st 10 mg/g 35g",
    "category": "Drogisterij en baby",
    "price": 15.99,
    "promoPrice": null,
    "pricePerUnit": "456.86 kg",
    "image": "https://www.jumbo.com/dam-images/fit-in/360x360/Products/24092025_1758672133813_1758672138489_8713091008665_1.png",
    "available": true,
    "promoUntil": null
  },
  {
    "id": "707476KGR",
    "title": "Jumbo Ovengebakken Scharrel Kipfilet Curry ca. 110 g",
    "category": "Vleeswaren, kaas en tapas",
    "price": 3.52,
    "promoPrice": null,
    "pricePerUnit": "32.0 kg",
    "image": "https://www.jumbo.com/dam-images/fit-in/360x360/Products/08082025_1754638396444_1754638403556_2369168000000_1.png",
    "available": true,
    "promoUntil": null
  },
  {
    "id": "583700ZK",
    "title": "Jumbo Snackmix Hot Chili Smaak 125 g",
    "category": "Koek, snoep, chocolade en chips",
    "price": 1.0,
    "promoPrice": null,
    "pricePerUnit": "8.0 kg",
    "image": "https://www.jumbo.com/dam-images/fit-in/360x360/Products/14022024_1707873375480_1707873390430_8718452741229_596.png",
    "available": true,
    "promoUntil": null
  },
  {
    "id": "671229STK",
    "title": "HEMA Citronella Sfeerlicht 18 Stuks",
    "category": "Non-food en servicebalie",
    "price": 2.0,
    "promoPrice": null,
    "pricePerUnit": "0.11 pieces",
    "image": "https://www.jumbo.com/dam-images/fit-in/360x360/Products/10052025_1746842712666_1746842715677_671229_STK_08720354361542_C1N1.png",
    "available": true,
    "promoUntil": null
  },
  {
    "id": "684447DS",
    "title": "999 Games Beverbende",
    "category": "Non-food en servicebalie",
    "price": 12.99,
    "promoPrice": null,
    "pricePerUnit": "12.99 pieces",
    "image": "https://www.jumbo.com/dam-images/fit-in/360x360/Products/Beverbende12f8d62f9-7b0c-48a6-bb81-b042fc87268a-1750064390993.png",
    "available": true,
    "promoUntil": null
  },
  {
    "id": "620572ZK",
    "title": "Always Discreet Boutique Zwart Broekjes Voor Urineverlies x8",
    "category": "Drogisterij en baby",
    "price": 15.79,
    "promoPrice": null,
    "pricePerUnit": "1.97 pieces",
    "image": "https://www.jumbo.com/dam-images/fit-in/360x360/Products/14082025_1755200014498_1755200020759_8700216247689_1.png",
    "available": true,
    "promoUntil": null
  },
  {
    "id": "703823STK",
    "title": "Jumbo Biologisch Paté met Rund",
    "category": "Huishouden en dieren",
    "price": 3.88,
    "promoPrice": null,
    "pricePerUnit": "None None",
    "image": "https://www.jumbo.com/dam-images/fit-in/360x360/Products/2025912953e21931-ff5a-48c2-931a-140f62368b96-1749628243926.png",
    "available": true,
    "promoUntil": null
  },
  {
    "id": "577038STK",
    "title": "Jumbo Goudse Kaas 48+ Oud Portieverpakking 3 Plakken",
    "category": "Vleeswaren, kaas en tapas",
    "price": 1.75,
    "promoPrice": null,
    "pricePerUnit": "23.33 kg",
    "image": "https://www.jumbo.com/dam-images/fit-in/360x360/Products/14022024_1707873572596_1707873577976_8718452765218_1.png",
    "available": true,
    "promoUntil": null
  },
  {
    "id": "184386STK",
    "title": "Jumbo Marsepein Fruit 150 g",
    "category": "",
    "price": 3.82,
    "promoPrice": null,
    "pricePerUnit": "25.47 kg",
    "image": "https://www.jumbo.com/dam-images/fit-in/360x360/Products/29092023_1695995270087_1695995277667_8718452565917_1.png",
    "available": true,
    "promoUntil": null
  },
  {
    "id": "503499EM",
    "title": "Jumbo Snack met Kip & Rund Training Bites 500 g",
    "category": "Huishouden en dieren",
    "price": 4.09,
    "promoPrice": null,
    "pricePerUnit": "8.18 kg",
    "image": "https://www.jumbo.com/dam-images/fit-in/360x360/Products/10082023_1691677736062_1691677774876_8718452653836_1.png",
    "available": true,
    "promoUntil": null
  },
  {
    "id": "79602STK",
    "title": "Hoestspray nr. 1 droge en kriebelhoest 30 ml",
    "category": "Drogisterij en baby",
    "price": 11.99,
    "promoPrice": null,
    "pricePerUnit": "11.99 pieces",
    "image": "https://www.jumbo.com/dam-images/fit-in/360x360/Products/24092025_1758672106531_1758672110533_8711596583045_1.png",
    "available": true,
    "promoUntil": null
  },
  {
    "id": "485111FLS",
    "title": "Guilty Monkey - Aap IPA - Fles - 330ML",
    "category": "Bier en wijn",
    "price": 3.29,
    "promoPrice": null,
    "pricePerUnit": "9.97 l",
    "image": "https://www.jumbo.com/dam-images/fit-in/360x360/Products/20092025_1758333906522_1758333910668_485111_FLS_08720955351980_C1N1.png",
    "available": true,
    "promoUntil": null
  },
  {
    "id": "148338ZK",
    "title": "Conimex Mix Babi Pangangsaus 43 g",
    "category": "Wereldkeukens, kruiden, pasta en rijst",
    "price": 1.18,
    "promoPrice": null,
    "pricePerUnit": "27.44 kg",
    "image": "https://www.jumbo.com/dam-images/fit-in/360x360/Products/24092025_1758679818806_1758679834655_148338_ZK_08712100623110_C1N1.png",
    "available": true,
    "promoUntil": null
  },
  {
    "id": "710293SC",
    "title": "Jumbo Passievrucht 6 Stuks",
    "category": "Aardappelen, groente en fruit",
    "price": 3.99,
    "promoPrice": null,
    "pricePerUnit": "0.67 pieces",
    "image": "https://www.jumbo.com/dam-images/fit-in/360x360/Products/22092025_1758537187250_1758537199614_8718452966738_1.png",
    "available": true,
    "promoUntil": null
  },
  {
    "id": "669201BLK",
    "title": "Affligem Blond Bier Blik 500ml",
    "category": "Bier en wijn",
    "price": 2.09,
    "promoPrice": null,
    "pricePerUnit": "4.18 l",
    "image": "https://www.jumbo.com/dam-images/fit-in/360x360/Products/21082025_1755761587321_1755761592582_8712000059811_1.png",
    "available": true,
    "promoUntil": null
  },
  {
    "id": "534853ZK",
    "title": "BitesWeLove Crunchy Peas Smoked Paprika 100 g",
    "category": "Koek, snoep, chocolade en chips",
    "price": 2.39,
    "promoPrice": null,
    "pricePerUnit": "23.9 kg",
    "image": "https://www.jumbo.com/dam-images/fit-in/360x360/Products/06092024_1725589854786_1725589859022_534853_ZK_08711299015850_C1N1.png",
    "available": true,
    "promoUntil": null
  },
  {
    "id": "343135ZK",
    "title": "Fruitfunk Fruit Bites Banana & Peach 10 x 10 g",
    "category": "Koek, snoep, chocolade en chips",
    "price": 3.59,
    "promoPrice": null,
    "pricePerUnit": "35.9 kg",
    "image": "https://www.jumbo.com/dam-images/fit-in/360x360/Products/10062025_1749569568125_1749569580524_8719189354966_1.png",
    "available": true,
    "promoUntil": null
  },
  {
    "id": "668853BLK",
    "title": "BrewDog Hazy Jane Guava 330ML",
    "category": "Bier en wijn",
    "price": 2.59,
    "promoPrice": null,
    "pricePerUnit": "7.85 l",
    "image": "https://www.jumbo.com/dam-images/fit-in/360x360/Products/11122024_1733918807511_1733918811483_668853_BLK_05056025456570_C1N1.png",
    "available": true,
    "promoUntil": null
  },
  {
    "id": "443597ZK",
    "title": "Conimex XL Kroepoek Cassave 120 g",
    "category": "Wereldkeukens, kruiden, pasta en rijst",
    "price": 2.25,
    "promoPrice": null,
    "pricePerUnit": "18.75 kg",
    "image": "https://www.jumbo.com/dam-images/fit-in/360x360/Products/29062025_1751159008034_1751159032998_443597_ZK_08710522975947_C1N1.png",
    "available": true,
    "promoUntil": null
  },
  {
    "id": "575277FLS",
    "title": "Dors - Speciaal Bier Weizen - Fles - 300 ML",
    "category": "Bier en wijn",
    "price": 1.19,
    "promoPrice": null,
    "pricePerUnit": "3.97 l",
    "image": "https://www.jumbo.com/dam-images/fit-in/360x360/Products/14022024_1707873661954_1707873670964_8718452667239_596.png",
    "available": true,
    "promoUntil": null
  },
  {
    "id": "505981BLS",
    "title": "Jumbo Graan Vrije Kip Kauwsticks 3 Stuks",
    "category": "Huishouden en dieren",
    "price": 1.19,
    "promoPrice": null,
    "pricePerUnit": "79.33 kg",
    "image": "https://www.jumbo.com/dam-images/fit-in/360x360/Products/505981_8718452653973_1_T1_505981BLS1691137007099.png",
    "available": true,
    "promoUntil": null
  },
  {
    "id": "511801ZK",
    "title": "Blue Dragon Easy Sushi Sushi Nori 11 g",
    "category": "Wereldkeukens, kruiden, pasta en rijst",
    "price": 2.79,
    "promoPrice": null,
    "pricePerUnit": "0.56 pieces",
    "image": "https://www.jumbo.com/dam-images/fit-in/360x360/Products/04012025_1735957005308_1735957019618_511801_ZK_05010338303006_H1N1.png",
    "available": true,
    "promoUntil": null
  },
  {
    "id": "569332DS",
    "title": "Fruittella Strawberry Vegan 4-pack",
    "category": "Koek, snoep, chocolade en chips",
    "price": 2.37,
    "promoPrice": null,
    "pricePerUnit": "14.45 kg",
    "image": "https://www.jumbo.com/dam-images/fit-in/360x360/Products/07072025_1751902620406_1751902624685_8723400797364_1.png",
    "available": true,
    "promoUntil": null
  },
  {
    "id": "338006STK",
    "title": "Jumbo Bananen en Mandarijnen",
    "category": "Aardappelen, groente en fruit",
    "price": 4.54,
    "promoPrice": null,
    "pricePerUnit": "None None",
    "image": "https://www.jumbo.com/dam-images/fit-in/360x360/Products/338006STK7ef2135e-b631-4bd4-9a3e-2a73206413b8-1739190045732.png",
    "available": true,
    "promoUntil": null
  },
  {
    "id": "684328ZK",
    "title": "Jumbo Mini Sintjes 90 g",
    "category": "Koek, snoep, chocolade en chips",
    "price": 1.59,
    "promoPrice": null,
    "pricePerUnit": "17.67 kg",
    "image": "https://www.jumbo.com/dam-images/fit-in/360x360/Products/06082025_1754494355926_1754494361354_8718452899784_1.png",
    "available": true,
    "promoUntil": null
  },
  {
    "id": "478723POT",
    "title": "Jumbo Salsa Dip Mild 300 g",
    "category": "Koek, snoep, chocolade en chips",
    "price": 1.19,
    "promoPrice": null,
    "pricePerUnit": "3.97 kg",
    "image": "https://www.jumbo.com/dam-images/fit-in/360x360/Products/14022025_1739547167068_1739547177546_8718452605293_1.png",
    "available": true,
    "promoUntil": null
  },
  {
    "id": "451218DS",
    "title": "Bepanthen Eczeem crème (50 gram)",
    "category": "Drogisterij en baby",
    "price": 21.89,
    "promoPrice": null,
    "pricePerUnit": "437.8 kg",
    "image": "https://www.jumbo.com/dam-images/fit-in/360x360/Products/24092025_1758672093304_1758672097720_8713091030284_1.png",
    "available": true,
    "promoUntil": null
  },
  {
    "id": "677985FLS",
    "title": "Dove Advanced Care Anti-Transpirant Deodorant Roller Original 50 ML",
    "category": "Drogisterij en baby",
    "price": 4.99,
    "promoPrice": null,
    "pricePerUnit": "99.8 l",
    "image": "https://www.jumbo.com/dam-images/fit-in/360x360/Products/13032025_1741833469811_1741833484360_677985_FLS_00000059095842_C1N1.png",
    "available": true,
    "promoUntil": null
  },
  {
    "id": "505548BLS",
    "title": "Elmex Tandenborstel 0-3 jaar",
    "category": "Drogisterij en baby",
    "price": 3.19,
    "promoPrice": null,
    "pricePerUnit": "3.19 pieces",
    "image": "https://www.jumbo.com/dam-images/fit-in/360x360/Products/24012024_1706067096350_1706067098962_505548_BLS_08718951434639_C1N1.png",
    "available": true,
    "promoUntil": null
  },
  {
    "id": "678181DS",
    "title": "Ariel The Big One PODS, 15, Stralende Kleuren",
    "category": "Huishouden en dieren",
    "price": 19.99,
    "promoPrice": null,
    "pricePerUnit": "1.33 pieces",
    "image": "https://www.jumbo.com/dam-images/fit-in/360x360/Products/15092025_1757894412059_1757894417944_8700216697620_1.png",
    "available": true,
    "promoUntil": null
  },
  {
    "id": "646839DS",
    "title": "Barilla Al Bronzo Fusilloni N. 380 500g",
    "category": "Wereldkeukens, kruiden, pasta en rijst",
    "price": 2.49,
    "promoPrice": null,
    "pricePerUnit": "4.98 kg",
    "image": "https://www.jumbo.com/dam-images/fit-in/360x360/Products/22082024_1724306724769_1724306727831_646839_DS_08076809585217_C1N1.png",
    "available": true,
    "promoUntil": null
  },
  {
    "id": "633381FLS",
    "title": "Dreft Dark & Black 21 Wasbeurten 945 ML",
    "category": "Huishouden en dieren",
    "price": 10.99,
    "promoPrice": null,
    "pricePerUnit": "0.52 wb",
    "image": "https://www.jumbo.com/dam-images/fit-in/360x360/Products/07082024_1722995934701_1722995937364_633381_FLS_08719558806621_C1N1.png",
    "available": true,
    "promoUntil": null
  },
  {
    "id": "436732ZK",
    "title": "Flower Brand Palmsuiker 250 g",
    "category": "Wereldkeukens, kruiden, pasta en rijst",
    "price": 1.99,
    "promoPrice": null,
    "pricePerUnit": "7.96 kg",
    "image": "https://www.jumbo.com/dam-images/fit-in/360x360/Products/22112023_1700619317668_1700619324128_436732_ZK_08710161001120_C1N1.png",
    "available": true,
    "promoUntil": null
  },
  {
    "id": "538727BLK",
    "title": "Guaraná Antarctica frisdrank",
    "category": "Frisdrank en sappen",
    "price": 1.29,
    "promoPrice": null,
    "pricePerUnit": "3.91 l",
    "image": "https://www.jumbo.com/dam-images/fit-in/360x360/Products/16042025_1744766584862_1744766588490_538727_BLK_05601151967478_C1N1.png",
    "available": true,
    "promoUntil": null
  },
  {
    "id": "679988STK",
    "title": "HEMA Folieballon Goud Nummer 9",
    "category": "Non-food en servicebalie",
    "price": 0.99,
    "promoPrice": null,
    "pricePerUnit": "0.99 pieces",
    "image": "https://www.jumbo.com/dam-images/fit-in/360x360/Products/14022025_1739539913702_1739539917276_679988_STK_08718537534296_C1N1.png",
    "available": true,
    "promoUntil": null
  },
  {
    "id": "614744PAK",
    "title": "Hands Off Lemon Pie 100 g",
    "category": "Koek, snoep, chocolade en chips",
    "price": 3.75,
    "promoPrice": null,
    "pricePerUnit": "37.5 kg",
    "image": "https://www.jumbo.com/dam-images/fit-in/360x360/Products/08012025_1736346812049_1736346818836_8718754740906_1.png",
    "available": true,
    "promoUntil": null
  },
  {
    "id": "510785CUP",
    "title": "Jumbo Boemboe Massaman Curry Mild 95 g",
    "category": "Wereldkeukens, kruiden, pasta en rijst",
    "price": 0.98,
    "promoPrice": null,
    "pricePerUnit": "10.32 kg",
    "image": "https://www.jumbo.com/dam-images/fit-in/360x360/Products/04122024_1733329976814_1733329995743_8718452599646_596.png",
    "available": true,
    "promoUntil": null
  },
  {
    "id": "638097BLK",
    "title": "Jumbo Cola Lemon Flavour Zero Sugar - Blik 330ML",
    "category": "Frisdrank en sappen",
    "price": 0.55,
    "promoPrice": null,
    "pricePerUnit": "1.67 l",
    "image": "https://www.jumbo.com/dam-images/fit-in/360x360/Products/04092024_1725460584567_1725460596796_8718452854387_1.png",
    "available": true,
    "promoUntil": null
  },
  {
    "id": "419437PAK",
    "title": "FELIX® Elke Dag Feest Mix Selectie in Gelei Kattenvoer 12x85g",
    "category": "Huishouden en dieren",
    "price": 6.09,
    "promoPrice": null,
    "pricePerUnit": "5.97 kg",
    "image": "https://www.jumbo.com/dam-images/fit-in/360x360/Products/23092025_1758592793901_1758592846593_419437_PAK_07613039840870_C1N1_s02.png",
    "available": true,
    "promoUntil": null
  },
  {
    "id": "679511BLK",
    "title": "Gold Dry Premix Sky & Vodka 250 ml",
    "category": "Bier en wijn",
    "price": 2.59,
    "promoPrice": null,
    "pricePerUnit": "10.36 l",
    "image": "https://www.jumbo.com/dam-images/fit-in/360x360/Products/14022025_1739539735829_1739539740695_8720938023200_1.png",
    "available": true,
    "promoUntil": null
  },
  {
    "id": "596246FLS",
    "title": "Jumbo Men 2 in 1 Shampoo 500 ml",
    "category": "Drogisterij en baby",
    "price": 1.99,
    "promoPrice": null,
    "pricePerUnit": "3.98 l",
    "image": "https://www.jumbo.com/dam-images/fit-in/360x360/Products/25032024_1711381756051_1711381766686_8718452775910_1.png",
    "available": true,
    "promoUntil": null
  },
  {
    "id": "580752STK",
    "title": "Jumbo Microvezeldweil 1 Stuk",
    "category": "Huishouden en dieren",
    "price": 2.49,
    "promoPrice": null,
    "pricePerUnit": "2.49 pieces",
    "image": "https://www.jumbo.com/dam-images/fit-in/360x360/Products/14052025_1747215231892_1747215243857_8718452699742_1.png",
    "available": true,
    "promoUntil": null
  },
  {
    "id": "446871TUB",
    "title": "Jumbo Verse Roomkaas Knoflook & Kruiden 100 g",
    "category": "Vleeswaren, kaas en tapas",
    "price": 1.89,
    "promoPrice": null,
    "pricePerUnit": "18.9 kg",
    "image": "https://www.jumbo.com/dam-images/fit-in/360x360/Products/09082023_1691588857963_1691588862153_8718452585403_1.png",
    "available": true,
    "promoUntil": null
  },
  {
    "id": "677423STK",
    "title": "Cesar Natural Goodness - Nat Hondenvoer - Biologische Kip 4 x 100g",
    "category": "Huishouden en dieren",
    "price": 6.68,
    "promoPrice": null,
    "pricePerUnit": "None None",
    "image": "https://www.jumbo.com/dam-images/fit-in/360x360/Products/677423STK13ff3222-33eb-498b-90af-d7c4fdaa1784-1738843833735.png",
    "available": true,
    "promoUntil": null
  },
  {
    "id": "680070PKL",
    "title": "Head & Shoulders Classic 2-in-1 Anti-Roos Shampoo",
    "category": "Drogisterij en baby",
    "price": 46.14,
    "promoPrice": null,
    "pricePerUnit": "25.63 l",
    "image": "https://www.jumbo.com/dam-images/fit-in/360x360/Products/8700216156035a8de6590-532c-419e-a717-0e1ac586d8e6-1744792932084.png",
    "available": true,
    "promoUntil": null
  },
  {
    "id": "601266STK",
    "title": "Jos Poell IJshoorntjes Naturel 10 Stuks 125 g",
    "category": "Koek, snoep, chocolade en chips",
    "price": 2.17,
    "promoPrice": null,
    "pricePerUnit": "17.36 kg",
    "image": "https://www.jumbo.com/dam-images/fit-in/360x360/Products/19052025_1747683164636_1747683170531_8710759600001_1.png",
    "available": true,
    "promoUntil": null
  },
  {
    "id": "627843POT",
    "title": "Jumbo Babyvoeding Biologisch Groenten, Noedels & Varkensvlees 15+ Maanden 250 g",
    "category": "Drogisterij en baby",
    "price": 1.48,
    "promoPrice": null,
    "pricePerUnit": "5.92 kg",
    "image": "https://www.jumbo.com/dam-images/fit-in/360x360/Products/16072024_1721144061342_1721144067830_8718452803934_1.png",
    "available": true,
    "promoUntil": null
  },
  {
    "id": "527801PAK",
    "title": "Jumbo Cent Wafers Gevuld met Cacaocrème 150 g",
    "category": "Koek, snoep, chocolade en chips",
    "price": 1.19,
    "promoPrice": null,
    "pricePerUnit": "7.93 kg",
    "image": "https://www.jumbo.com/dam-images/fit-in/360x360/Products/09082023_1691591453750_1691591455767_8718452665211_1.png",
    "available": true,
    "promoUntil": null
  },
  {
    "id": "183630STK",
    "title": "Jumbo Saffraan 0,05 g",
    "category": "Wereldkeukens, kruiden, pasta en rijst",
    "price": 1.61,
    "promoPrice": null,
    "pricePerUnit": "1.61 pieces",
    "image": "https://www.jumbo.com/dam-images/fit-in/360x360/Products/09082023_1691581023859_1691581039452_8718452203581_1.png",
    "available": true,
    "promoUntil": null
  },
  {
    "id": "603917STK",
    "title": "Jumbo Verse Smoothie Yoghurt, Bosvruchten, Banaan & Appel 3 x 250ML",
    "category": "Aardappelen, groente en fruit",
    "price": 5.97,
    "promoPrice": null,
    "pricePerUnit": "None None",
    "image": "https://www.jumbo.com/dam-images/fit-in/360x360/Products/603917STKf42b116b-29eb-4882-8783-fa6eb52a15dd-1733299424374.png",
    "available": true,
    "promoUntil": null
  },
  {
    "id": "208345FLS",
    "title": "Bloemfontein - Chenin Blanc - 750 ML",
    "category": "Bier en wijn",
    "price": 6.49,
    "promoPrice": null,
    "pricePerUnit": "8.65 l",
    "image": "https://www.jumbo.com/dam-images/fit-in/360x360/Products/10082023_1691675069335_1691675095306_2000000002217_1.png",
    "available": true,
    "promoUntil": null
  },
  {
    "id": "576813DSL",
    "title": "6 x Organix Knijpfruit Mango, peer & granola 6mnd",
    "category": "Drogisterij en baby",
    "price": 8.64,
    "promoPrice": null,
    "pricePerUnit": "14.4 kg",
    "image": "https://www.jumbo.com/dam-images/fit-in/360x360/Products/576813DSL1ff68b181-d234-42b3-b0fe-a96faa07b8b6-1724058682445.png",
    "available": true,
    "promoUntil": null
  },
  {
    "id": "692975ZK",
    "title": "Artiach Filipinos Crispy Bites Wit 100 g",
    "category": "Koek, snoep, chocolade en chips",
    "price": 2.86,
    "promoPrice": null,
    "pricePerUnit": "28.6 kg",
    "image": "https://www.jumbo.com/dam-images/fit-in/360x360/Products/11042025_1744364051989_1744364067079_692975_ZK_08436048965056_C1N1.png",
    "available": true,
    "promoUntil": null
  },
  {
    "id": "687539STK",
    "title": "HEMA Dames Enkelsokken met Katoen Maat 39-42 5 Stuks",
    "category": "Non-food en servicebalie",
    "price": 6.99,
    "promoPrice": null,
    "pricePerUnit": "1.4 pieces",
    "image": "https://www.jumbo.com/dam-images/fit-in/360x360/Products/09082023_1691594090095_1691594095420_8720354369319_1.png",
    "available": true,
    "promoUntil": null
  },
  {
    "id": "577071ZK",
    "title": "Ella's Kitchen Fruit smoothie the red one 6+ biologisch 90 g",
    "category": "Drogisterij en baby",
    "price": 1.23,
    "promoPrice": null,
    "pricePerUnit": "13.67 kg",
    "image": "https://www.jumbo.com/dam-images/fit-in/360x360/Products/25022025_1740474235033_1740474238603_5060107335400_1.png",
    "available": true,
    "promoUntil": null
  },
  {
    "id": "635319ZK",
    "title": "Goodies Knijpfruit Smoothie Appel & Peer 100 g",
    "category": "Drogisterij en baby",
    "price": 0.98,
    "promoPrice": null,
    "pricePerUnit": "9.8 kg",
    "image": "https://www.jumbo.com/dam-images/fit-in/360x360/Products/23052025_1748014408927_1748014445452_8713500013396_596.png",
    "available": true,
    "promoUntil": null
  },
  {
    "id": "667421STK",
    "title": "HEMA Sfeerlichten Spice 18 Stuks",
    "category": "Non-food en servicebalie",
    "price": 3.99,
    "promoPrice": null,
    "pricePerUnit": "0.22 pieces",
    "image": "https://www.jumbo.com/dam-images/fit-in/360x360/Products/04122024_1733303621693_1733303627489_667421_STK_08720354502129_C1N1.png",
    "available": true,
    "promoUntil": null
  },
  {
    "id": "674214ZK",
    "title": "Aviko Friet Grip 'n Dip 600g",
    "category": "Diepvries",
    "price": 3.09,
    "promoPrice": null,
    "pricePerUnit": "5.15 kg",
    "image": "https://www.jumbo.com/dam-images/fit-in/360x360/Products/21012025_1737458487321_1737458518868_674214_ZK_08710449953714_C1N1.png",
    "available": true,
    "promoUntil": null
  },
  {
    "id": "595283ZK",
    "title": "Jumbo Cotton Soft Maxi Wattenschijfjes 50 Stuks",
    "category": "Drogisterij en baby",
    "price": 0.95,
    "promoPrice": null,
    "pricePerUnit": "0.02 pieces",
    "image": "https://www.jumbo.com/dam-images/fit-in/360x360/Products/12022024_1707726852428_1707726860381_8718452743315_1.png",
    "available": true,
    "promoUntil": null
  },
  {
    "id": "171341FLS",
    "title": "Jumbo Dessertsaus Karamelsmaak 260 g",
    "category": "Diepvries",
    "price": 2.79,
    "promoPrice": null,
    "pricePerUnit": "10.73 kg",
    "image": "https://www.jumbo.com/dam-images/fit-in/360x360/Products/18062024_1718724829501_1718724834750_8718452794362_1.png",
    "available": true,
    "promoUntil": null
  },
  {
    "id": "459374STK",
    "title": "A.Vogel Cinuforce neusspray extra forte 20 ml",
    "category": "Drogisterij en baby",
    "price": 8.49,
    "promoPrice": null,
    "pricePerUnit": "424.5 l",
    "image": "https://www.jumbo.com/dam-images/fit-in/360x360/Products/24092025_1758672133803_1758672137362_8711596589238_1.png",
    "available": true,
    "promoUntil": null
  },
  {
    "id": "475083DS",
    "title": "Bisolvon Bisolbruis bruistabletten bij vastzittende hoest 600 mg, 10 stuks",
    "category": "Drogisterij en baby",
    "price": 10.69,
    "promoPrice": null,
    "pricePerUnit": "1.07 pieces",
    "image": "https://www.jumbo.com/dam-images/fit-in/360x360/Products/24092025_1758672092136_1758672098401_8712172864237_1.png",
    "available": true,
    "promoUntil": null
  },
  {
    "id": "706053STK",
    "title": "Germain Chaource Kaas 250 g",
    "category": "Vleeswaren, kaas en tapas",
    "price": 5.69,
    "promoPrice": null,
    "pricePerUnit": "22.76 kg",
    "image": "https://www.jumbo.com/dam-images/fit-in/360x360/Products/16092025_1758033291350_1758033298737_3184670024201_1.png",
    "available": true,
    "promoUntil": null
  },
  {
    "id": "672044BLK",
    "title": "Euroma Avocado & Toast Topping by Jonnie Boer 38g",
    "category": "Wereldkeukens, kruiden, pasta en rijst",
    "price": 3.26,
    "promoPrice": null,
    "pricePerUnit": "74.09 kg",
    "image": "https://www.jumbo.com/dam-images/fit-in/360x360/Products/07012025_1736215801760_1736215810198_672044_BLK_08717600358166_C1N1.png",
    "available": true,
    "promoUntil": null
  },
  {
    "id": "570105TRA",
    "title": "Huls Groninger Metworst met Kruidnagel 110 g",
    "category": "Vleeswaren, kaas en tapas",
    "price": 2.96,
    "promoPrice": null,
    "pricePerUnit": "26.91 kg",
    "image": "https://www.jumbo.com/dam-images/fit-in/360x360/Products/14052025_1747186200155_1747186208393_570105_TRA_08725800000433_C1N1.png",
    "available": true,
    "promoUntil": null
  },
  {
    "id": "701055STK",
    "title": "Julia Hondenpoepzakjes 4 x 20 Zakjes",
    "category": "Huishouden en dieren",
    "price": 1.29,
    "promoPrice": null,
    "pricePerUnit": "0.02 pieces",
    "image": "https://www.jumbo.com/dam-images/fit-in/360x360/Products/08082025_1754618749424_1754618752831_701055_STK_04007749703861_C1N1.png",
    "available": true,
    "promoUntil": null
  },
  {
    "id": "63230STK",
    "title": "Aleve Select bij o.a. rugpijn, spierpijn en gewrichtspijn, 12 tabletten",
    "category": "Drogisterij en baby",
    "price": 4.79,
    "promoPrice": null,
    "pricePerUnit": "0.4 pieces",
    "image": "https://www.jumbo.com/dam-images/fit-in/360x360/Products/30072025_1753833652626_1753833669070_8713091027055_1.png",
    "available": true,
    "promoUntil": null
  },
  {
    "id": "638288BLS",
    "title": "Ambi Pur Zeebries Luchtverfrisser Auto",
    "category": "Huishouden en dieren",
    "price": 2.99,
    "promoPrice": null,
    "pricePerUnit": "2.99 pieces",
    "image": "https://www.jumbo.com/dam-images/fit-in/360x360/Products/15082025_1755216055830_1755216059486_8006540397688_1.png",
    "available": true,
    "promoUntil": null
  },
  {
    "id": "344249PAK",
    "title": "DryNites Absorberende Nachtbroekjes Boys - 4 tot 7 Jaar",
    "category": "Drogisterij en baby",
    "price": 7.49,
    "promoPrice": null,
    "pricePerUnit": "0.75 pieces",
    "image": "https://www.jumbo.com/dam-images/fit-in/360x360/Products/08052025_1746668175827_1746668179235_344249_PAK_05029053527574_C1N1.png",
    "available": true,
    "promoUntil": null
  },
  {
    "id": "646838ZK",
    "title": "Barilla Al Bronzo Tortiglioni N. 325 500g",
    "category": "Wereldkeukens, kruiden, pasta en rijst",
    "price": 2.49,
    "promoPrice": null,
    "pricePerUnit": "4.98 kg",
    "image": "https://www.jumbo.com/dam-images/fit-in/360x360/Products/22082024_1724306685245_1724306688168_646838_ZK_08076809585415_C1N1.png",
    "available": true,
    "promoUntil": null
  },
  {
    "id": "192008STK",
    "title": "Duyvis Pinda's Ongezouten 235 gr",
    "category": "Koek, snoep, chocolade en chips",
    "price": 2.39,
    "promoPrice": null,
    "pricePerUnit": "10.17 kg",
    "image": "https://www.jumbo.com/dam-images/fit-in/360x360/Products/03072025_1751542367864_1751542374247_8710398159298_1.png",
    "available": true,
    "promoUntil": null
  },
  {
    "id": "493557POT",
    "title": "Euroma Stamppot kruiden 60 g",
    "category": "Wereldkeukens, kruiden, pasta en rijst",
    "price": 3.95,
    "promoPrice": null,
    "pricePerUnit": "65.83 kg",
    "image": "https://www.jumbo.com/dam-images/fit-in/360x360/Products/13092024_1726196095988_1726196105615_493557_POT_08717600337123_C1N1.png",
    "available": true,
    "promoUntil": null
  },
  {
    "id": "616717STK",
    "title": "Colgate Tandenborstel Slim Soft  1 Stuk",
    "category": "Drogisterij en baby",
    "price": 1.99,
    "promoPrice": null,
    "pricePerUnit": "1.99 pieces",
    "image": "https://www.jumbo.com/dam-images/fit-in/360x360/Products/29022024_1709194879671_1709194885154_616717_STK_08718951638945_C1N1.png",
    "available": true,
    "promoUntil": null
  },
  {
    "id": "427706DS",
    "title": "Jumbo Biologisch Extra Pure Chocolade Karamel Zeezout 100 g",
    "category": "Koek, snoep, chocolade en chips",
    "price": 2.39,
    "promoPrice": null,
    "pricePerUnit": "23.9 kg",
    "image": "https://www.jumbo.com/dam-images/fit-in/360x360/Products/27052025_1748360090066_1748360106928_8718452877522_596.png",
    "available": true,
    "promoUntil": null
  },
  {
    "id": "512892FLS",
    "title": "Condado di Oriza 409 - Ribera del Duero - Tempranillo - 750ML",
    "category": "Bier en wijn",
    "price": 13.49,
    "promoPrice": null,
    "pricePerUnit": "17.99 l",
    "image": "https://www.jumbo.com/dam-images/fit-in/360x360/Products/10082023_1691677662218_1691677666140_8410702010900_1.png",
    "available": true,
    "promoUntil": null
  },
  {
    "id": "707479KGR",
    "title": "Jumbo Grillworst Bacon Cheddar ca. 130 g",
    "category": "Vleeswaren, kaas en tapas",
    "price": 2.79,
    "promoPrice": null,
    "pricePerUnit": "21.5 kg",
    "image": "https://www.jumbo.com/dam-images/fit-in/360x360/Products/08082025_1754638396588_1754638404990_2369175000000_1.png",
    "available": true,
    "promoUntil": null
  },
  {
    "id": "623529PAK",
    "title": "Jumbo Melkchocolade Brownie 190 g",
    "category": "Koek, snoep, chocolade en chips",
    "price": 2.47,
    "promoPrice": null,
    "pricePerUnit": "13.0 kg",
    "image": "https://www.jumbo.com/dam-images/fit-in/360x360/Products/26052025_1748244747880_1748244761417_8718452877164_596.png",
    "available": true,
    "promoUntil": null
  },
  {
    "id": "683100DS",
    "title": "Jumbo Mexicaanse Stijl Salade Bowl 290 g",
    "category": "Verse maaltijden en gemak",
    "price": 4.39,
    "promoPrice": null,
    "pricePerUnit": "15.14 kg",
    "image": "https://www.jumbo.com/dam-images/fit-in/360x360/Products/26052025_1748244747988_1748244755272_8718452904037_1.png",
    "available": true,
    "promoUntil": null
  },
  {
    "id": "457159CUP",
    "title": "Jumbo Paté Kip Senior 150 g",
    "category": "Huishouden en dieren",
    "price": 0.98,
    "promoPrice": null,
    "pricePerUnit": "6.53 kg",
    "image": "https://www.jumbo.com/dam-images/fit-in/360x360/Products/457159_8718452558841_1_T1_457159CUP1691161279123.png",
    "available": true,
    "promoUntil": null
  },
  {
    "id": "691108ZK",
    "title": "Jumbo Satéstokjes Varkensvlees 3 Stuks",
    "category": "Diepvries",
    "price": 1.99,
    "promoPrice": null,
    "pricePerUnit": "13.27 kg",
    "image": "https://www.jumbo.com/dam-images/fit-in/360x360/Products/25042025_1745580812643_1745580825075_8718452894703_596.png",
    "available": true,
    "promoUntil": null
  },
  {
    "id": "560623ZK",
    "title": "Always Cotton Protection Normal Maandverband x22",
    "category": "Drogisterij en baby",
    "price": 5.49,
    "promoPrice": null,
    "pricePerUnit": "0.25 pieces",
    "image": "https://www.jumbo.com/dam-images/fit-in/360x360/Products/15082025_1755216055192_1755216058550_8006540707951_1.png",
    "available": true,
    "promoUntil": null
  },
  {
    "id": "504771FLS",
    "title": "Brain LICKER Sour Candy Drink 60 ml",
    "category": "Koek, snoep, chocolade en chips",
    "price": 1.69,
    "promoPrice": null,
    "pricePerUnit": "28.17 l",
    "image": "https://www.jumbo.com/dam-images/fit-in/360x360/Products/14022025_1739539156772_1739539161992_8437001799084_1.png",
    "available": true,
    "promoUntil": null
  },
  {
    "id": "452609POT",
    "title": "Delizie Di Calabria 'Nduja 135 g",
    "category": "Vleeswaren, kaas en tapas",
    "price": 4.45,
    "promoPrice": null,
    "pricePerUnit": "32.96 kg",
    "image": "https://www.jumbo.com/dam-images/fit-in/360x360/Products/16062024_1718500994888_1718501013299_452609_POT_08007548011279_C1N1.png",
    "available": true,
    "promoUntil": null
  },
  {
    "id": "567064FLS",
    "title": "FixFirst Desinfectant 30ml",
    "category": "Drogisterij en baby",
    "price": 2.0,
    "promoPrice": null,
    "pricePerUnit": "66.67 l",
    "image": "https://www.jumbo.com/dam-images/fit-in/360x360/Products/09082023_1691594325387_1691594334878_8719324121996_1.png",
    "available": true,
    "promoUntil": null
  },
  {
    "id": "559543DS",
    "title": "Gourmet Mon Petit Intense Fijne stukjes met Rund, Kalf, & Lam 6x50g",
    "category": "Huishouden en dieren",
    "price": 3.18,
    "promoPrice": null,
    "pricePerUnit": "10.6 kg",
    "image": "https://www.jumbo.com/dam-images/fit-in/360x360/Products/23092025_1758590403017_1758590414625_559543_DS_07613034452450_C1N1_s05.png",
    "available": true,
    "promoUntil": null
  },
  {
    "id": "441720STK",
    "title": "Jumbo Fruitmix Kiwi-Aardbei, Mangostukjes en Ananas Stukjes",
    "category": "Aardappelen, groente en fruit",
    "price": 7.19,
    "promoPrice": null,
    "pricePerUnit": "None None",
    "image": "https://www.jumbo.com/dam-images/fit-in/360x360/Products/441720STK1b68f55e1-dd5a-405a-a50a-3138a837f8c3-1715085657327.png",
    "available": true,
    "promoUntil": null
  },
  {
    "id": "619977BLK",
    "title": "Euroma Essential N°03 Gember",
    "category": "Wereldkeukens, kruiden, pasta en rijst",
    "price": 3.14,
    "promoPrice": null,
    "pricePerUnit": "78.5 kg",
    "image": "https://www.jumbo.com/dam-images/fit-in/360x360/Products/22062024_1719020177972_1719020184007_619977_BLK_08717600345791_C1N1.png",
    "available": true,
    "promoUntil": null
  },
  {
    "id": "622977FLS",
    "title": "Cif CleanBoost Allesreiniger Spray Cream 700 ml",
    "category": "Huishouden en dieren",
    "price": 3.99,
    "promoPrice": null,
    "pricePerUnit": "5.7 l",
    "image": "https://www.jumbo.com/dam-images/fit-in/360x360/Products/15112024_1731643727939_1731643753565_622977_FLS_08720181512483_H1N1.png",
    "available": true,
    "promoUntil": null
  },
  {
    "id": "496470STK",
    "title": "Cinuforce tabletten 260 mg, 80 tabletten",
    "category": "Drogisterij en baby",
    "price": 11.49,
    "promoPrice": null,
    "pricePerUnit": "0.14 pieces",
    "image": "https://www.jumbo.com/dam-images/fit-in/360x360/Products/24092025_1758672136456_1758672142627_8711596158069_1.png",
    "available": true,
    "promoUntil": null
  },
  {
    "id": "212693STK",
    "title": "Fairtrade Original Chinese Sweet & Sour Woksaus 150 ml",
    "category": "Wereldkeukens, kruiden, pasta en rijst",
    "price": 2.47,
    "promoPrice": null,
    "pricePerUnit": "16.47 l",
    "image": "https://www.jumbo.com/dam-images/fit-in/360x360/Products/10082023_1691675620918_1691675628764_8711741355732_1.png",
    "available": true,
    "promoUntil": null
  },
  {
    "id": "507400FLS",
    "title": "Garnier Loving Blends - Shampoo - Argan & Cameliaolie - 300 ml",
    "category": "Drogisterij en baby",
    "price": 5.99,
    "promoPrice": null,
    "pricePerUnit": "19.97 l",
    "image": "https://www.jumbo.com/dam-images/fit-in/360x360/Products/11072025_1752201234458_1752201245252_507400_FLS_03600542461887_C1N1.png",
    "available": true,
    "promoUntil": null
  },
  {
    "id": "507410FLS",
    "title": "Garnier Loving Blends - Conditioner - Honing Goud - Beschadigd of Breekbaar Haar - 250 ml",
    "category": "Drogisterij en baby",
    "price": 5.99,
    "promoPrice": null,
    "pricePerUnit": "23.96 l",
    "image": "https://www.jumbo.com/dam-images/fit-in/360x360/Products/25022025_1740458470137_1740458473980_507410_FLS_03600542462174_C1N1.png",
    "available": true,
    "promoUntil": null
  },
  {
    "id": "158431DS",
    "title": "Céréal Gluten Free Lactose Free Melk-Hazelnoot 100 g",
    "category": "Koek, snoep, chocolade en chips",
    "price": 2.99,
    "promoPrice": null,
    "pricePerUnit": "29.9 kg",
    "image": "https://www.jumbo.com/dam-images/fit-in/360x360/Products/01032024_1709259965906_1709259974340_158431_DS_05410063027572_A1N1.png",
    "available": true,
    "promoUntil": null
  },
  {
    "id": "669823DS",
    "title": "Cornet Oaked Gold Blond 5,8% 4x330ML",
    "category": "Bier en wijn",
    "price": 6.99,
    "promoPrice": null,
    "pricePerUnit": "5.3 l",
    "image": "https://www.jumbo.com/dam-images/fit-in/360x360/Products/05410783010939C1N13c99a09f-09d3-43a2-8921-598107ba4a17-1741005667942.png",
    "available": true,
    "promoUntil": null
  },
  {
    "id": "432254FLS",
    "title": "Fanta Lemon zero sugar 500 ml",
    "category": "Frisdrank en sappen",
    "price": 1.79,
    "promoPrice": null,
    "pricePerUnit": "3.58 l",
    "image": "https://www.jumbo.com/dam-images/fit-in/360x360/Products/12012024_1705025507133_1705025511384_432254_FLS_05000112647839_H1N1.png",
    "available": true,
    "promoUntil": null
  },
  {
    "id": "691468STK",
    "title": "HEMA Pluizenroller Kleur 1 Stuk",
    "category": "Non-food en servicebalie",
    "price": 1.79,
    "promoPrice": null,
    "pricePerUnit": "1.79 pieces",
    "image": "https://www.jumbo.com/dam-images/fit-in/360x360/Products/04042025_1743772379371_1743772381541_691468_STK_08720354948439_C1N1.png",
    "available": true,
    "promoUntil": null
  },
  {
    "id": "680493DS",
    "title": "HEMA Panty Shine Transparent 20 Denier Zwart Maat L 44/46 4 Stuks",
    "category": "Non-food en servicebalie",
    "price": 8.99,
    "promoPrice": null,
    "pricePerUnit": "2.25 pieces",
    "image": "https://www.jumbo.com/dam-images/fit-in/360x360/Products/25042025_1745548245407_1745548247912_680493_DS_08716618167098_C1N1.png",
    "available": true,
    "promoUntil": null
  },
  {
    "id": "633346STK",
    "title": "Jumbo Biologisch Babyvoeding Groenten Rijst & Kalkoen 8+ Maanden 220 g",
    "category": "Drogisterij en baby",
    "price": 1.18,
    "promoPrice": null,
    "pricePerUnit": "5.36 kg",
    "image": "https://www.jumbo.com/dam-images/fit-in/360x360/Products/26082024_1724675597989_1724675604501_8718452803828_1.png",
    "available": true,
    "promoUntil": null
  },
  {
    "id": "194174STK",
    "title": "Davitamon Elke Dag tabletten, 90 stuks",
    "category": "Drogisterij en baby",
    "price": 25.99,
    "promoPrice": null,
    "pricePerUnit": "0.29 pieces",
    "image": "https://www.jumbo.com/dam-images/fit-in/360x360/Products/24092025_1758672135397_1758672146601_8710537042269_1.png",
    "available": true,
    "promoUntil": null
  },
  {
    "id": "432442STK",
    "title": "Dagravit Vitaal 50+ Multivitaminen tabletten, 60 stuks",
    "category": "Drogisterij en baby",
    "price": 19.49,
    "promoPrice": null,
    "pricePerUnit": "19.49 pieces",
    "image": "https://www.jumbo.com/dam-images/fit-in/360x360/Products/24092025_1758672061489_1758672069429_8711744030179_1.png",
    "available": true,
    "promoUntil": null
  },
  {
    "id": "593935ZK",
    "title": "Jumbo Huishoudhandschoenen Latexvrije M",
    "category": "Huishouden en dieren",
    "price": 1.99,
    "promoPrice": null,
    "pricePerUnit": "1.99 pieces",
    "image": "https://www.jumbo.com/dam-images/fit-in/360x360/Products/14052025_1747215232798_1747215241790_8718452699810_1.png",
    "available": true,
    "promoUntil": null
  },
  {
    "id": "688751ZK",
    "title": "Jumbo Snackmix Sweet & Spicy 200g",
    "category": "Koek, snoep, chocolade en chips",
    "price": 2.49,
    "promoPrice": null,
    "pricePerUnit": "12.45 kg",
    "image": "https://www.jumbo.com/dam-images/fit-in/360x360/Products/05082025_1754357780497_1754357802206_688751_ZK_08718452904426_C1N1.png",
    "available": true,
    "promoUntil": null
  },
  {
    "id": "673180EM",
    "title": "Clevers IJs Vanille Karamelzeezout 500ML",
    "category": "Diepvries",
    "price": 5.95,
    "promoPrice": null,
    "pricePerUnit": "11.9 l",
    "image": "https://www.jumbo.com/dam-images/fit-in/360x360/Products/08720589422063C1N11020efc9-8202-4148-9279-ce4cd02b78ef-1741010144012.png",
    "available": true,
    "promoUntil": null
  },
  {
    "id": "633883ZK",
    "title": "Broccolischotel met Quinoa en Rundvlees",
    "category": "Drogisterij en baby",
    "price": 1.73,
    "promoPrice": null,
    "pricePerUnit": "6.92 kg",
    "image": "https://www.jumbo.com/dam-images/fit-in/360x360/Products/20072024_1721433617117_1721433621177_5900852068379_1.png",
    "available": true,
    "promoUntil": null
  },
  {
    "id": "707262STK",
    "title": "Duracell Plus AAA 6 Stuks",
    "category": "Non-food en servicebalie",
    "price": 11.69,
    "promoPrice": null,
    "pricePerUnit": "1.95 pieces",
    "image": "https://www.jumbo.com/dam-images/fit-in/360x360/Products/21082025_1755779698588_1755779702953_5000394176706_1.png",
    "available": true,
    "promoUntil": null
  },
  {
    "id": "678585STK",
    "title": "HEMA Muliti Use Lepels - 10 Stuks",
    "category": "Non-food en servicebalie",
    "price": 2.89,
    "promoPrice": null,
    "pricePerUnit": "0.29 pieces",
    "image": "https://www.jumbo.com/dam-images/fit-in/360x360/Products/07022025_1738939507355_1738939509835_678585_STK_08720354347294_C1N1.png",
    "available": true,
    "promoUntil": null
  },
  {
    "id": "640735FLS",
    "title": "HG Vloeibare Ontstopper 500ML",
    "category": "Huishouden en dieren",
    "price": 4.99,
    "promoPrice": null,
    "pricePerUnit": "9.98 l",
    "image": "https://www.jumbo.com/dam-images/fit-in/360x360/Products/24122024_1735010016538_1735010020576_640735_FLS_08711577183530_C1N1.png",
    "available": true,
    "promoUntil": null
  },
  {
    "id": "509150DS",
    "title": "Jules Destrooper Natuurboterwafels Pure Chocolade 100 g",
    "category": "Koek, snoep, chocolade en chips",
    "price": 2.76,
    "promoPrice": null,
    "pricePerUnit": "27.6 kg",
    "image": "https://www.jumbo.com/dam-images/fit-in/360x360/Products/24042025_1745476347569_1745476352041_5410471917199_1.png",
    "available": true,
    "promoUntil": null
  },
  {
    "id": "501935ZK",
    "title": "Jumbo Biologisch Ongebrande Notenmix 150 g",
    "category": "Aardappelen, groente en fruit",
    "price": 2.99,
    "promoPrice": null,
    "pricePerUnit": "19.93 kg",
    "image": "https://www.jumbo.com/dam-images/fit-in/360x360/Products/09082023_1691590100388_1691590193413_8718452633609_1.png",
    "available": true,
    "promoUntil": null
  },
  {
    "id": "575944CUP",
    "title": "Jumbo Gezouten Amandelen Rooksmaak 140 g",
    "category": "Koek, snoep, chocolade en chips",
    "price": 3.19,
    "promoPrice": null,
    "pricePerUnit": "22.79 kg",
    "image": "https://www.jumbo.com/dam-images/fit-in/360x360/Products/04122023_1701702849660_1701702856451_8718452740079_1.png",
    "available": true,
    "promoUntil": null
  },
  {
    "id": "583809FLS",
    "title": "Het Paleisje - Prins Pale Ale - Fles - 330ml",
    "category": "Bier en wijn",
    "price": 2.99,
    "promoPrice": null,
    "pricePerUnit": "9.06 l",
    "image": "https://www.jumbo.com/dam-images/fit-in/360x360/Products/20092025_1758334318181_1758334319996_583809_FLS_07141241701837_C1N1.png",
    "available": true,
    "promoUntil": null
  },
  {
    "id": "634730ZK",
    "title": "Bambix Knijpzakje Appel, Banaan, Framboos & Blauwe Bes Bio 6M+ 100g",
    "category": "Drogisterij en baby",
    "price": 1.45,
    "promoPrice": null,
    "pricePerUnit": "14.5 kg",
    "image": "https://www.jumbo.com/dam-images/fit-in/360x360/Products/12062024_1718204072088_1718204075282_634730_ZK_05410441002085_C1N1.png",
    "available": true,
    "promoUntil": null
  },
  {
    "id": "344117PAK",
    "title": "DryNites Absorberende Nachtbroekjes Boy - 8 tot 13 Jaar",
    "category": "Drogisterij en baby",
    "price": 7.49,
    "promoPrice": null,
    "pricePerUnit": "0.83 pieces",
    "image": "https://www.jumbo.com/dam-images/fit-in/360x360/Products/08052025_1746668384617_1746668392605_344117_PAK_05029053527598_C1N1.png",
    "available": true,
    "promoUntil": null
  },
  {
    "id": "491368ZK",
    "title": "Grand'Italia Tortellini al Gusto Carne 440 g",
    "category": "Wereldkeukens, kruiden, pasta en rijst",
    "price": 4.69,
    "promoPrice": null,
    "pricePerUnit": "10.66 kg",
    "image": "https://www.jumbo.com/dam-images/fit-in/360x360/Products/07082025_1754532331084_1754532341774_491368_ZK_08000050023266_H1N1.png",
    "available": true,
    "promoUntil": null
  },
  {
    "id": "652748STK",
    "title": "Boeren Kaas Boeren Pondje Naturel ca. 500g",
    "category": "Vleeswaren, kaas en tapas",
    "price": 8.49,
    "promoPrice": null,
    "pricePerUnit": "16.98 kg",
    "image": "https://www.jumbo.com/dam-images/fit-in/360x360/Products/18062025_1750232048543_1750232054748_8717389368042_1.png",
    "available": true,
    "promoUntil": null
  },
  {
    "id": "372705STK",
    "title": "Bortolotti Truffelsalami 160 g",
    "category": "Vleeswaren, kaas en tapas",
    "price": 3.59,
    "promoPrice": null,
    "pricePerUnit": "22.44 kg",
    "image": "https://www.jumbo.com/dam-images/fit-in/360x360/Products/09082023_1691586930225_1691586948117_8032615690729_1.png",
    "available": true,
    "promoUntil": null
  },
  {
    "id": "675321FLS",
    "title": "Four Lines Rosé - Verdejo - Tempranillo - 750ML",
    "category": "Bier en wijn",
    "price": 6.0,
    "promoPrice": null,
    "pricePerUnit": "8.0 l",
    "image": "https://www.jumbo.com/dam-images/fit-in/360x360/Products/09042025_1744198387901_1744198391696_8414219100154_1.png",
    "available": true,
    "promoUntil": null
  },
  {
    "id": "269543FLS",
    "title": "Jumbo Huiswijn - Chenin Blanc - 250ML",
    "category": "Bier en wijn",
    "price": 2.29,
    "promoPrice": null,
    "pricePerUnit": "9.16 l",
    "image": "https://www.jumbo.com/dam-images/fit-in/360x360/Products/18092023_1695043371640_1695043373587_8718452380640_1.png",
    "available": true,
    "promoUntil": null
  },
  {
    "id": "706332STK",
    "title": "Jumbo - Luxe Vlaaipunten - 5 Stuks",
    "category": "Brood en gebak",
    "price": 9.99,
    "promoPrice": null,
    "pricePerUnit": "9.99 pieces",
    "image": "https://www.jumbo.com/dam-images/fit-in/360x360/Products/Luxepuntenvlaaihalf87184529484379c1e6dc6-946d-404c-8838-61abeb741bad-1755777978964.png",
    "available": true,
    "promoUntil": null
  },
  {
    "id": "645386ZK",
    "title": "Jumbo Karamel & Amandel Bites Melkchocolade 130 g",
    "category": "Koek, snoep, chocolade en chips",
    "price": 2.0,
    "promoPrice": null,
    "pricePerUnit": "15.38 kg",
    "image": "https://www.jumbo.com/dam-images/fit-in/360x360/Products/09102024_1728477246183_1728477251533_8718452809110_1.png",
    "available": true,
    "promoUntil": null
  },
  {
    "id": "711885TRA",
    "title": "Jumbo Familieschotel Kip Broccoli met Aardappelschijfjes, Bechamelsaus en Kaas 900 g",
    "category": "Verse maaltijden en gemak",
    "price": 7.99,
    "promoPrice": 5.99,
    "pricePerUnit": "6.66 kg",
    "image": "https://www.jumbo.com/dam-images/fit-in/360x360/Products/22092025_1758566030320_1758566037451_8718452951802_1.png",
    "available": true,
    "promoUntil": "di 7 okt"
  },
  {
    "id": "701683STK",
    "title": "Jumbo Hond Paté Rijk aan Kip",
    "category": "Huishouden en dieren",
    "price": 3.92,
    "promoPrice": null,
    "pricePerUnit": "None None",
    "image": "https://www.jumbo.com/dam-images/fit-in/360x360/Products/202590991bccccfd-395d-4f33-9063-f7953b6f9c95-1749040105282.png",
    "available": true,
    "promoUntil": null
  },
  {
    "id": "511439STK",
    "title": "Jumbo Lepelkaasje 230g",
    "category": "Vleeswaren, kaas en tapas",
    "price": 3.49,
    "promoPrice": null,
    "pricePerUnit": "15.17 kg",
    "image": "https://www.jumbo.com/dam-images/fit-in/360x360/Products/10082023_1691677259540_1691677269806_8718452662012_1.png",
    "available": true,
    "promoUntil": null
  },
  {
    "id": "632420PAK",
    "title": "Jumbo Spoorbanket 200 g",
    "category": "Koek, snoep, chocolade en chips",
    "price": 1.19,
    "promoPrice": null,
    "pricePerUnit": "5.95 kg",
    "image": "https://www.jumbo.com/dam-images/fit-in/360x360/Products/04092024_1725460583520_1725460591535_8718452811557_1.png",
    "available": true,
    "promoUntil": null
  },
  {
    "id": "153065DS",
    "title": "Jumbo Aanvullend Dierenvoeder Denta Medium Dental Kauwsticks 7 Stuks 180 g",
    "category": "Huishouden en dieren",
    "price": 1.29,
    "promoPrice": null,
    "pricePerUnit": "7.17 kg",
    "image": "https://www.jumbo.com/dam-images/fit-in/360x360/Products/14042025_1744623168348_1744623175730_8718452532179_1.png",
    "available": true,
    "promoUntil": null
  },
  {
    "id": "680834DS",
    "title": "Aleve Feminax bij menstruatiepijn, 12 tabletten",
    "category": "Drogisterij en baby",
    "price": 4.79,
    "promoPrice": null,
    "pricePerUnit": "0.4 pieces",
    "image": "https://www.jumbo.com/dam-images/fit-in/360x360/Products/11062025_1749600069483_1749600079047_8713091026959_1.png",
    "available": true,
    "promoUntil": null
  },
  {
    "id": "48970STK",
    "title": "Garnier SkinActive Pure Active 3 in 1 met Klei Argile 150 ml",
    "category": "Drogisterij en baby",
    "price": 9.99,
    "promoPrice": null,
    "pricePerUnit": "66.6 l",
    "image": "https://www.jumbo.com/dam-images/fit-in/360x360/Products/25052024_1716601002405_1716601005797_48970_STK_03600540710536_C1N1.png",
    "available": true,
    "promoUntil": null
  },
  {
    "id": "667434STK",
    "title": "HEMA Tafelkleed Gouden Stip 1 Stuk",
    "category": "Non-food en servicebalie",
    "price": 4.99,
    "promoPrice": null,
    "pricePerUnit": "4.99 pieces",
    "image": "https://www.jumbo.com/dam-images/fit-in/360x360/Products/04122024_1733304267478_1733304272313_667434_STK_08720354508916_C1N1.png",
    "available": true,
    "promoUntil": null
  },
  {
    "id": "600344ZK",
    "title": "Jos Poell Bruschetta Toast 100 g ",
    "category": "Koek, snoep, chocolade en chips",
    "price": 1.89,
    "promoPrice": null,
    "pricePerUnit": "18.9 kg",
    "image": "https://www.jumbo.com/dam-images/fit-in/360x360/Products/20022025_1740051166471_1740051177681_8710759014914_1.png",
    "available": true,
    "promoUntil": null
  },
  {
    "id": "592115STK",
    "title": "Jumbo Biologisch Knijpfruit Banaan, Zoete Aardappel, Appel & Mango 8+ Maanden 90 g",
    "category": "Drogisterij en baby",
    "price": 0.95,
    "promoPrice": null,
    "pricePerUnit": "10.56 kg",
    "image": "https://www.jumbo.com/dam-images/fit-in/360x360/Products/17042025_1744878790507_1744878797006_8718452744541_1.png",
    "available": true,
    "promoUntil": null
  },
  {
    "id": "557208BLK",
    "title": "Bacardi Mango Mojito 250ML",
    "category": "Bier en wijn",
    "price": 2.49,
    "promoPrice": null,
    "pricePerUnit": "9.96 l",
    "image": "https://www.jumbo.com/dam-images/fit-in/360x360/Products/05042025_1743818421282_1743818423833_557208_BLK_07610113022634_C1N1.png",
    "available": true,
    "promoUntil": null
  },
  {
    "id": "291658FLS",
    "title": "Chapeau - Grauburgunder - 750ML",
    "category": "Bier en wijn",
    "price": 9.99,
    "promoPrice": null,
    "pricePerUnit": "13.32 l",
    "image": "https://www.jumbo.com/dam-images/fit-in/360x360/Products/09082023_1691592200417_1691592203845_4260367941118_1.png",
    "available": true,
    "promoUntil": null
  },
  {
    "id": "669616DS",
    "title": "Ariel 4in1 PODS Zwart, Wasmiddel Capsules 26",
    "category": "Huishouden en dieren",
    "price": 26.49,
    "promoPrice": null,
    "pricePerUnit": "1.02 pieces",
    "image": "https://www.jumbo.com/dam-images/fit-in/360x360/Products/14082025_1755196421228_1755196426996_8700216725842_1.png",
    "available": true,
    "promoUntil": null
  },
  {
    "id": "648368STK",
    "title": "Bepanthen Eczeem Crème Baby 20g",
    "category": "Drogisterij en baby",
    "price": 10.99,
    "promoPrice": null,
    "pricePerUnit": "549.5 kg",
    "image": "https://www.jumbo.com/dam-images/fit-in/360x360/Products/30072025_1753833694769_1753833698228_4057598011549_1.png",
    "available": true,
    "promoUntil": null
  },
  {
    "id": "634732ZK",
    "title": "De Kleine Keuken Biologisch Broodbeleg Perzik & Wortel 6+ Maanden 100 g",
    "category": "Drogisterij en baby",
    "price": 2.39,
    "promoPrice": null,
    "pricePerUnit": "23.9 kg",
    "image": "https://www.jumbo.com/dam-images/fit-in/360x360/Products/26072024_1721989999022_1721990003702_8718734493822_1.png",
    "available": true,
    "promoUntil": null
  },
  {
    "id": "641417STK",
    "title": "HEMA Geurkaars Blossom",
    "category": "Non-food en servicebalie",
    "price": 4.19,
    "promoPrice": null,
    "pricePerUnit": "4.19 pieces",
    "image": "https://www.jumbo.com/dam-images/fit-in/360x360/Products/12122024_1734014505052_1734014509799_8718537883103_1.png",
    "available": true,
    "promoUntil": null
  },
  {
    "id": "583699DS",
    "title": "Always Daily Protect Long 0% Parfum Inlegkruisjes",
    "category": "Drogisterij en baby",
    "price": 2.99,
    "promoPrice": null,
    "pricePerUnit": "0.12 pieces",
    "image": "https://www.jumbo.com/dam-images/fit-in/360x360/Products/14082025_1755200014371_1755200018968_8006540806395_1.png",
    "available": true,
    "promoUntil": null
  },
  {
    "id": "672301ZK",
    "title": "Aviko Wavy Blends Garlic & Herbs 600 g",
    "category": "Diepvries",
    "price": 2.66,
    "promoPrice": null,
    "pricePerUnit": "4.43 kg",
    "image": "https://www.jumbo.com/dam-images/fit-in/360x360/Products/25022025_1740475987223_1740475994877_8710449500154_1.png",
    "available": true,
    "promoUntil": null
  },
  {
    "id": "486364ZK",
    "title": "Beneful Gezond Gewicht Hondenvoer met Kip en Tuingroenten",
    "category": "Huishouden en dieren",
    "price": 6.62,
    "promoPrice": null,
    "pricePerUnit": "4.73 kg",
    "image": "https://www.jumbo.com/dam-images/fit-in/360x360/Products/23092025_1758593075279_1758593106108_486364_ZK_07613287844484_H1N1_s03.png",
    "available": true,
    "promoUntil": null
  },
  {
    "id": "673780DS",
    "title": "Jumbo Groene Salade Coleslaw 350 g",
    "category": "Aardappelen, groente en fruit",
    "price": 3.69,
    "promoPrice": null,
    "pricePerUnit": "10.54 kg",
    "image": "https://www.jumbo.com/dam-images/fit-in/360x360/Products/07042025_1743984025396_1743984034238_8718452892563_1.png",
    "available": true,
    "promoUntil": null
  },
  {
    "id": "141359STK",
    "title": "Excedrin Tabletten voor pijnstilling bij migraine, 20 stuks",
    "category": "Drogisterij en baby",
    "price": 11.29,
    "promoPrice": null,
    "pricePerUnit": "0.56 pieces",
    "image": "https://www.jumbo.com/dam-images/fit-in/360x360/Products/24092025_1758672132425_1758672138129_8713177008268_1.png",
    "available": true,
    "promoUntil": null
  },
  {
    "id": "212147STK",
    "title": "Jumbo Verse Zuurkool 250 g",
    "category": "Aardappelen, groente en fruit",
    "price": 1.19,
    "promoPrice": null,
    "pricePerUnit": "4.76 kg",
    "image": "https://www.jumbo.com/dam-images/fit-in/360x360/Products/28112024_1732782796681_1732782804553_8718452798681_1.png",
    "available": true,
    "promoUntil": null
  },
  {
    "id": "646019STK",
    "title": "Complete Maaltijd van Smuldier",
    "category": "Diepvries",
    "price": 14.68,
    "promoPrice": null,
    "pricePerUnit": "None None",
    "image": "https://www.jumbo.com/dam-images/fit-in/360x360/Products/646019STK5ec863b1-02b0-4c99-a841-e76e663ec552-1726211300025.png",
    "available": true,
    "promoUntil": null
  },
  {
    "id": "618852FLS",
    "title": "Amaretto Sour in een Potje 120 ml",
    "category": "Bier en wijn",
    "price": 2.99,
    "promoPrice": null,
    "pricePerUnit": "24.92 l",
    "image": "https://www.jumbo.com/dam-images/fit-in/360x360/Products/24042025_1745457134828_1745457143368_618852_FLS_08720938655081_H1N1.png",
    "available": true,
    "promoUntil": null
  },
  {
    "id": "702264PAK",
    "title": "Amoy Korean BBQ Meal Kit",
    "category": "Wereldkeukens, kruiden, pasta en rijst",
    "price": 4.99,
    "promoPrice": null,
    "pricePerUnit": "21.05 kg",
    "image": "https://www.jumbo.com/dam-images/fit-in/360x360/Products/13082025_1755053635475_1755053648392_702264_PAK_08715700129297_H1N1.png",
    "available": true,
    "promoUntil": null
  },
  {
    "id": "683271TUB",
    "title": "Andrélon WOW Masker Perfecte Krul 180 ML",
    "category": "Drogisterij en baby",
    "price": 6.99,
    "promoPrice": null,
    "pricePerUnit": "38.83 l",
    "image": "https://www.jumbo.com/dam-images/fit-in/360x360/Products/28022025_1740730858177_1740730888089_683271_TUB_08720181495373_C1N1.png",
    "available": true,
    "promoUntil": null
  },
  {
    "id": "603648STK",
    "title": "Jumbo Verse Smoothie Ananas, Kokos & Banaan 3 x 250ML",
    "category": "Aardappelen, groente en fruit",
    "price": 5.97,
    "promoPrice": null,
    "pricePerUnit": "None None",
    "image": "https://www.jumbo.com/dam-images/fit-in/360x360/Products/603648STK772a1922-6240-47b2-9d57-aa0099d8014b-1733299041222.png",
    "available": true,
    "promoUntil": null
  },
  {
    "id": "638283BLS",
    "title": "Ambi Pur Vanille Boeket Luchtverfrisser Auto",
    "category": "Huishouden en dieren",
    "price": 2.99,
    "promoPrice": null,
    "pricePerUnit": "1.5 pieces",
    "image": "https://www.jumbo.com/dam-images/fit-in/360x360/Products/15082025_1755216082910_1755216087923_8006540397718_1.png",
    "available": true,
    "promoUntil": null
  },
  {
    "id": "190740CUP",
    "title": "Cesar Cuisine in Saus met Malse Kalkoen, Rund en Kruiden 150 g",
    "category": "Huishouden en dieren",
    "price": 1.77,
    "promoPrice": null,
    "pricePerUnit": "11.8 kg",
    "image": "https://www.jumbo.com/dam-images/fit-in/360x360/Products/06082024_1722944116275_1722944125768_4008429092848_596.png",
    "available": true,
    "promoUntil": null
  },
  {
    "id": "514634FLS",
    "title": "Graansilo - Tripel - Fles - 330ML",
    "category": "Bier en wijn",
    "price": 2.79,
    "promoPrice": null,
    "pricePerUnit": "8.45 l",
    "image": "https://www.jumbo.com/dam-images/fit-in/360x360/Products/10082023_1691676439387_1691676448912_8719189159356_1.png",
    "available": true,
    "promoUntil": null
  },
  {
    "id": "632333ZK",
    "title": "Bolletje Mokka Kruidnoten 220 g",
    "category": "Koek, snoep, chocolade en chips",
    "price": 1.99,
    "promoPrice": null,
    "pricePerUnit": "9.05 kg",
    "image": "https://www.jumbo.com/dam-images/fit-in/360x360/Products/18082025_1755541982338_1755541989369_8710482534819_1.png",
    "available": true,
    "promoUntil": null
  },
  {
    "id": "471637DS",
    "title": "Hot Coldrex Poederzakjes voor drank met pijnstilling, 10 zakjes",
    "category": "Drogisterij en baby",
    "price": 8.79,
    "promoPrice": null,
    "pricePerUnit": "0.88 pieces",
    "image": "https://www.jumbo.com/dam-images/fit-in/360x360/Products/22082025_1755820896705_1755820904502_5701007033361_1.png",
    "available": true,
    "promoUntil": null
  },
  {
    "id": "456997ZK",
    "title": "Conimex Kroepoek Java 75 g",
    "category": "Wereldkeukens, kruiden, pasta en rijst",
    "price": 1.5,
    "promoPrice": null,
    "pricePerUnit": "20.0 kg",
    "image": "https://www.jumbo.com/dam-images/fit-in/360x360/Products/29032025_1743216211834_1743216234331_456997_ZK_08710522975626_C1N1.png",
    "available": true,
    "promoUntil": null
  },
  {
    "id": "678338STK",
    "title": "HEMA Vlaggenlijn Multicolour Plastic 10M",
    "category": "Non-food en servicebalie",
    "price": 1.39,
    "promoPrice": null,
    "pricePerUnit": "1.39 pieces",
    "image": "https://www.jumbo.com/dam-images/fit-in/360x360/Products/06022025_1738858552941_1738858555968_678338_STK_08720354508268_C1N1.png",
    "available": true,
    "promoUntil": null
  },
  {
    "id": "382004FLS",
    "title": "Jumbo Baby Wasgel 300ml",
    "category": "Drogisterij en baby",
    "price": 2.29,
    "promoPrice": null,
    "pricePerUnit": "7.63 l",
    "image": "https://www.jumbo.com/dam-images/fit-in/360x360/Products/18092023_1695047515308_1695047521694_8718452493722_1.png",
    "available": true,
    "promoUntil": null
  },
  {
    "id": "341857CUP",
    "title": "Always Daily Cotton Protection Inlegkruisjes",
    "category": "Drogisterij en baby",
    "price": 4.75,
    "promoPrice": null,
    "pricePerUnit": "0.15 pieces",
    "image": "https://www.jumbo.com/dam-images/fit-in/360x360/Products/14082025_1755200014159_1755200017610_8001841422695_1.png",
    "available": true,
    "promoUntil": null
  },
  {
    "id": "539091BLK",
    "title": "BrewDog - Hazy Jane New England IPA - Blik - 330ML",
    "category": "Bier en wijn",
    "price": 2.25,
    "promoPrice": null,
    "pricePerUnit": "6.82 l",
    "image": "https://www.jumbo.com/dam-images/fit-in/360x360/Products/13052025_1747102097751_1747102101731_539091_BLK_05056025434523_C1N1.png",
    "available": true,
    "promoUntil": null
  },
  {
    "id": "681162STK",
    "title": "HEMA Panty Ladder Resistent 20 Denier Zwart Maat 36/38",
    "category": "Non-food en servicebalie",
    "price": 8.99,
    "promoPrice": null,
    "pricePerUnit": "8.99 pieces",
    "image": "https://www.jumbo.com/dam-images/fit-in/360x360/Products/20022025_1740059685478_1740059689046_681162_STK_08718537935451_C1N1.png",
    "available": true,
    "promoUntil": null
  },
  {
    "id": "441959DS",
    "title": "FixFirst Assortiment Elastische Pleister 100 Stuks",
    "category": "Drogisterij en baby",
    "price": 10.99,
    "promoPrice": null,
    "pricePerUnit": "0.11 pieces",
    "image": "https://www.jumbo.com/dam-images/fit-in/360x360/Products/10082023_1691675595653_1691675611191_8719324121453_1.png",
    "available": true,
    "promoUntil": null
  },
  {
    "id": "621560KGR",
    "title": "Jumbo Munster Kaas 50+ ca. 130 g",
    "category": "Vleeswaren, kaas en tapas",
    "price": 2.6,
    "promoPrice": null,
    "pricePerUnit": "19.99 kg",
    "image": "https://www.jumbo.com/dam-images/fit-in/360x360/Products/09092025_1757421314608_1757421322877_2348566000000_1.png",
    "available": true,
    "promoUntil": null
  },
  {
    "id": "688753ZK",
    "title": "Jumbo Pretty Paprika Mix 200 g",
    "category": "Koek, snoep, chocolade en chips",
    "price": 2.49,
    "promoPrice": null,
    "pricePerUnit": "12.45 kg",
    "image": "https://www.jumbo.com/dam-images/fit-in/360x360/Products/05082025_1754357789005_1754357808829_688753_ZK_08718452904419_C1N1.png",
    "available": true,
    "promoUntil": null
  },
  {
    "id": "190558PAK",
    "title": "Jumbo Kauwsticks Zalm 5 Stuks",
    "category": "Huishouden en dieren",
    "price": 0.6,
    "promoPrice": null,
    "pricePerUnit": "24.0 kg",
    "image": "https://www.jumbo.com/dam-images/fit-in/360x360/Products/07022024_1707327184856_1707327212653_8718452549443_596.png",
    "available": true,
    "promoUntil": null
  },
  {
    "id": "437222FLS",
    "title": "Arizona White Tea Blueberry 500ml",
    "category": "Frisdrank en sappen",
    "price": 1.49,
    "promoPrice": null,
    "pricePerUnit": "2.98 l",
    "image": "https://www.jumbo.com/dam-images/fit-in/360x360/Products/09082023_1691585027247_1691585042596_613008730772_1.png",
    "available": true,
    "promoUntil": null
  },
  {
    "id": "679983ZK",
    "title": "HEMA Insteekhoezen 25 Stuks",
    "category": "Non-food en servicebalie",
    "price": 1.79,
    "promoPrice": null,
    "pricePerUnit": "0.07 pieces",
    "image": "https://www.jumbo.com/dam-images/fit-in/360x360/Products/14022025_1739539877221_1739539880998_679983_ZK_08716618525287_C1N1.png",
    "available": true,
    "promoUntil": null
  },
  {
    "id": "672250STK",
    "title": "HEMA Bakjes Gouden Stip 4 Stuks",
    "category": "Non-food en servicebalie",
    "price": 1.69,
    "promoPrice": null,
    "pricePerUnit": "0.42 pieces",
    "image": "https://www.jumbo.com/dam-images/fit-in/360x360/Products/27032025_1743048274854_1743048279558_672250_STK_08720354505465_C1N1.png",
    "available": true,
    "promoUntil": null
  },
  {
    "id": "556620ZK",
    "title": "Jumbo BBQ Bruine Aanmaakblokjes 56 Stuks",
    "category": "Non-food en servicebalie",
    "price": 1.99,
    "promoPrice": null,
    "pricePerUnit": "0.04 pieces",
    "image": "https://www.jumbo.com/dam-images/fit-in/360x360/Products/07022024_1707327185393_1707327201600_8718452712991_596.png",
    "available": true,
    "promoUntil": null
  },
  {
    "id": "351672STK",
    "title": "Jumbo Snackgroente",
    "category": "Aardappelen, groente en fruit",
    "price": 8.17,
    "promoPrice": null,
    "pricePerUnit": "None None",
    "image": "https://www.jumbo.com/dam-images/fit-in/360x360/Products/351672STK1d5e2deb2-86eb-4570-9012-ca58b57cbbbe-1704899354974.png",
    "available": true,
    "promoUntil": null
  },
  {
    "id": "534828BLK",
    "title": "Bacardi­ Mojito 250 ml",
    "category": "Bier en wijn",
    "price": 2.49,
    "promoPrice": null,
    "pricePerUnit": "9.96 l",
    "image": "https://www.jumbo.com/dam-images/fit-in/360x360/Products/21062025_1750468005871_1750468008224_534828_BLK_07610113020487_C1N1.png",
    "available": true,
    "promoUntil": null
  },
  {
    "id": "710541FLS",
    "title": "Gulden Draak Imperial Stout 330ML",
    "category": "Bier en wijn",
    "price": 3.19,
    "promoPrice": null,
    "pricePerUnit": "9.67 l",
    "image": "https://www.jumbo.com/dam-images/fit-in/360x360/Products/20092025_1758334289260_1758334290125_710541_FLS_05411663009128_A1N1.png",
    "available": true,
    "promoUntil": null
  },
  {
    "id": "664315ZK",
    "title": "Bazooka Splashz Berry Blast Chewy Candy with Gel 120 g",
    "category": "Koek, snoep, chocolade en chips",
    "price": 1.89,
    "promoPrice": null,
    "pricePerUnit": "15.75 kg",
    "image": "https://www.jumbo.com/dam-images/fit-in/360x360/Products/01072025_1751380370314_1751380379003_5011053026621_1.png",
    "available": true,
    "promoUntil": null
  },
  {
    "id": "586318ZK",
    "title": "De Kleine Keuken Biologisch Knijpmix Banaan, Pompoen & Haver 6+ Maanden 100 g",
    "category": "Drogisterij en baby",
    "price": 1.48,
    "promoPrice": null,
    "pricePerUnit": "14.8 kg",
    "image": "https://www.jumbo.com/dam-images/fit-in/360x360/Products/17102024_1729134259095_1729134262296_586318_ZK_08718734493914_C1N1.png",
    "available": true,
    "promoUntil": null
  },
  {
    "id": "576374FLS",
    "title": "Dettol Sensitive Wasgel Navulling 500 ml",
    "category": "Drogisterij en baby",
    "price": 4.79,
    "promoPrice": null,
    "pricePerUnit": "9.58 l",
    "image": "https://www.jumbo.com/dam-images/fit-in/360x360/Products/30032025_1743299765341_1743299773594_576374_FLS_05410036311233_C1N1.png",
    "available": true,
    "promoUntil": null
  },
  {
    "id": "622575DS",
    "title": "Difrax Fopspeen Natural 6+ Maanden Unisex",
    "category": "Drogisterij en baby",
    "price": 5.99,
    "promoPrice": null,
    "pricePerUnit": "5.99 pieces",
    "image": "https://www.jumbo.com/dam-images/fit-in/360x360/Products/26052025_1748232780213_1748232781580_622575_DS_08711736564170_A1N1.png",
    "available": true,
    "promoUntil": null
  },
  {
    "id": "510111ZK",
    "title": "Ella's Kitchen Peas + Sweetcorn Puff Pops 4 x 9 g",
    "category": "Drogisterij en baby",
    "price": 2.93,
    "promoPrice": null,
    "pricePerUnit": "0.73 pieces",
    "image": "https://www.jumbo.com/dam-images/fit-in/360x360/Products/30112024_1732934678947_1732934683610_510111_ZK_05060503505551_C1N1.png",
    "available": true,
    "promoUntil": null
  },
  {
    "id": "678374BLS",
    "title": "HEMA Ballonnen Wit-Goud 20 Stuks",
    "category": "Non-food en servicebalie",
    "price": 1.99,
    "promoPrice": null,
    "pricePerUnit": "0.1 pieces",
    "image": "https://www.jumbo.com/dam-images/fit-in/360x360/Products/25042025_1745547215161_1745547218149_678374_BLS_08720354492338_C1N1.png",
    "available": true,
    "promoUntil": null
  },
  {
    "id": "670763STK",
    "title": "HEMA Lange Kaarsen Groen 12 Stuks",
    "category": "Non-food en servicebalie",
    "price": 7.19,
    "promoPrice": null,
    "pricePerUnit": "0.6 pieces",
    "image": "https://www.jumbo.com/dam-images/fit-in/360x360/Products/25042025_1745547056364_1745547058778_670763_STK_08721245007693_C1N1.png",
    "available": false,
    "promoUntil": null
  },
  {
    "id": "633354STK",
    "title": "Jumbo Biologisch Babyvoeding Stamppotje met Wortel & Pastinaak 12+ Maanden 250 g",
    "category": "Drogisterij en baby",
    "price": 1.49,
    "promoPrice": null,
    "pricePerUnit": "5.96 kg",
    "image": "https://www.jumbo.com/dam-images/fit-in/360x360/Products/26082024_1724675598511_1724675604749_8718452803842_1.png",
    "available": true,
    "promoUntil": null
  },
  {
    "id": "655308KGR",
    "title": "Jumbo Cheddar Red Kaas 50+ ca. 125 g",
    "category": "Vleeswaren, kaas en tapas",
    "price": 2.25,
    "promoPrice": null,
    "pricePerUnit": "17.99 kg",
    "image": "https://www.jumbo.com/dam-images/fit-in/360x360/Products/25102024_1729866970344_1729866977465_2348762000000_1.png",
    "available": true,
    "promoUntil": null
  },
  {
    "id": "471644ZK",
    "title": "FELIX® Party Mix Seaside met Zalm, Koolvis- & Forelsmaak - Kattensnacks - 60g",
    "category": "Huishouden en dieren",
    "price": 1.97,
    "promoPrice": null,
    "pricePerUnit": "32.83 kg",
    "image": "https://www.jumbo.com/dam-images/fit-in/360x360/Products/23092025_1758599956373_1758599989407_471644_ZK_07613287604231_H1N1_s03.png",
    "available": true,
    "promoUntil": null
  },
  {
    "id": "451031STK",
    "title": "Davitamon Vitamine D3 Forte voor volwassenen smelttabletten, 75 stuks",
    "category": "Drogisterij en baby",
    "price": 14.99,
    "promoPrice": null,
    "pricePerUnit": "0.2 pieces",
    "image": "https://www.jumbo.com/dam-images/fit-in/360x360/Products/24092025_1758672093180_1758672100549_8710537041187_1.png",
    "available": true,
    "promoUntil": null
  },
  {
    "id": "616670FLS",
    "title": "Garnier Loving Blends Milde Haver Conditioner 250ML",
    "category": "Drogisterij en baby",
    "price": 5.99,
    "promoPrice": null,
    "pricePerUnit": "23.96 l",
    "image": "https://www.jumbo.com/dam-images/fit-in/360x360/Products/29022024_1709192259042_1709192262134_616670_FLS_03600542461320_C1N1.png",
    "available": true,
    "promoUntil": null
  },
  {
    "id": "453879FLS",
    "title": "Gustavshof - Spatburgunder - Biologisch - 750ML",
    "category": "Bier en wijn",
    "price": 11.49,
    "promoPrice": null,
    "pricePerUnit": "15.32 l",
    "image": "https://www.jumbo.com/dam-images/fit-in/360x360/Products/09082023_1691596458036_1691596459603_4260065960671_1.png",
    "available": true,
    "promoUntil": null
  },
  {
    "id": "683124DS",
    "title": "Jumbo Salade Pot Mozzarella Pesto 325 g",
    "category": "Verse maaltijden en gemak",
    "price": 3.99,
    "promoPrice": null,
    "pricePerUnit": "12.28 kg",
    "image": "https://www.jumbo.com/dam-images/fit-in/360x360/Products/12052025_1747074768191_1747074774640_8718452891740_1.png",
    "available": true,
    "promoUntil": null
  },
  {
    "id": "374191BAK",
    "title": "Jumbo Surimi-Krab Salade 150 g",
    "category": "Vleeswaren, kaas en tapas",
    "price": 2.35,
    "promoPrice": null,
    "pricePerUnit": "15.67 kg",
    "image": "https://www.jumbo.com/dam-images/fit-in/360x360/Products/24062025_1750768388180_1750768394656_8718452487981_1.png",
    "available": true,
    "promoUntil": null
  },
  {
    "id": "616764BLK",
    "title": "Euroma Speculaaskruiden by Jonnie Boer",
    "category": "Wereldkeukens, kruiden, pasta en rijst",
    "price": 3.29,
    "promoPrice": null,
    "pricePerUnit": "94.0 kg",
    "image": "https://www.jumbo.com/dam-images/fit-in/360x360/Products/03062024_1717414577437_1717414587130_8717600351686_1.png",
    "available": true,
    "promoUntil": null
  },
  {
    "id": "494511FLS",
    "title": "Air Wick Geur Neutraliserende Spray - Luchtverfrisser - Eucalyptus & Freesia",
    "category": "Huishouden en dieren",
    "price": 4.29,
    "promoPrice": null,
    "pricePerUnit": "18.1 l",
    "image": "https://www.jumbo.com/dam-images/fit-in/360x360/Products/25022025_1740457452870_1740457456177_494511_FLS_03665468301785_C1N1.png",
    "available": true,
    "promoUntil": null
  },
  {
    "id": "648301STK",
    "title": "Curalyn inhalatiecapsule 20st",
    "category": "Drogisterij en baby",
    "price": 8.99,
    "promoPrice": null,
    "pricePerUnit": "0.45 pieces",
    "image": "https://www.jumbo.com/dam-images/fit-in/360x360/Products/24092025_1758672109426_1758672114564_8712113648056_1.png",
    "available": true,
    "promoUntil": null
  },
  {
    "id": "568344ZK",
    "title": "Espinaler Olive Oil Potato Chips 150 g",
    "category": "Vleeswaren, kaas en tapas",
    "price": 2.99,
    "promoPrice": null,
    "pricePerUnit": "19.93 kg",
    "image": "https://www.jumbo.com/dam-images/fit-in/360x360/Products/14022024_1707873715523_1707873721509_8427230004103_1.png",
    "available": true,
    "promoUntil": null
  },
  {
    "id": "648010STK",
    "title": "Jumbo Biologisch Knijpfruit Appel & Aardbei 6+ Maanden 2 x 90 g",
    "category": "Drogisterij en baby",
    "price": 1.86,
    "promoPrice": null,
    "pricePerUnit": "None None",
    "image": "https://www.jumbo.com/dam-images/fit-in/360x360/Products/2023015941e3e0dd-775f-4bd4-83c2-2e781d7101b7-1725526833541.png",
    "available": true,
    "promoUntil": null
  },
  {
    "id": "685973DS",
    "title": "Jumbo Knettersticks Witte Chocolade 3 x 40 g",
    "category": "Koek, snoep, chocolade en chips",
    "price": 2.89,
    "promoPrice": null,
    "pricePerUnit": "24.08 kg",
    "image": "https://www.jumbo.com/dam-images/fit-in/360x360/Products/16092025_1758018770553_1758018783087_8718452915828_596.png",
    "available": true,
    "promoUntil": null
  },
  {
    "id": "195077RP",
    "title": "Jumbo Pure Chocolade met Hazelnoot Tablet 200 g",
    "category": "Koek, snoep, chocolade en chips",
    "price": 2.59,
    "promoPrice": null,
    "pricePerUnit": "12.95 kg",
    "image": "https://www.jumbo.com/dam-images/fit-in/360x360/Products/22052025_1747917207297_1747917221299_8718452871599_596.png",
    "available": true,
    "promoUntil": null
  },
  {
    "id": "692308BLK",
    "title": "Bacardi Tropical Breeze 250ML",
    "category": "Bier en wijn",
    "price": 2.49,
    "promoPrice": null,
    "pricePerUnit": "9.96 l",
    "image": "https://www.jumbo.com/dam-images/fit-in/360x360/Products/09042025_1744196333402_1744196340749_692308_BLK_07610113030103_C1N1.png",
    "available": true,
    "promoUntil": null
  },
  {
    "id": "468722DS",
    "title": "Birra Moretti L'Autentica Bier Fles 6 x 300ml",
    "category": "Bier en wijn",
    "price": 7.39,
    "promoPrice": null,
    "pricePerUnit": "4.11 l",
    "image": "https://www.jumbo.com/dam-images/fit-in/360x360/Products/07012025_1736267696235_1736267702579_8712000056834_1.png",
    "available": true,
    "promoUntil": null
  },
  {
    "id": "455562CUP",
    "title": "Castello Taste the Nordics Chives & Spring Onion 125 g",
    "category": "Vleeswaren, kaas en tapas",
    "price": 2.19,
    "promoPrice": null,
    "pricePerUnit": "17.52 kg",
    "image": "https://www.jumbo.com/dam-images/fit-in/360x360/Products/22062025_1750556491719_1750556493544_455562_CUP_05760466771337_C1N1.png",
    "available": true,
    "promoUntil": null
  },
  {
    "id": "190745CUP",
    "title": "Cesar Classic in Paté met Sappig Rund 150 g",
    "category": "Huishouden en dieren",
    "price": 1.73,
    "promoPrice": null,
    "pricePerUnit": "11.53 kg",
    "image": "https://www.jumbo.com/dam-images/fit-in/360x360/Products/06082024_1722944116353_1722944127643_4008429092749_596.png",
    "available": true,
    "promoUntil": null
  },
  {
    "id": "695423DS",
    "title": "Curalyn O.R.S. Poeder Citroen 12 Stuks",
    "category": "Drogisterij en baby",
    "price": 7.19,
    "promoPrice": null,
    "pricePerUnit": "0.6 pieces",
    "image": "https://www.jumbo.com/dam-images/fit-in/360x360/Products/25062025_1750815149800_1750815153612_695423_DS_08712113661413_C1N1_s01.png",
    "available": true,
    "promoUntil": null
  },
  {
    "id": "700258ZK",
    "title": "Boerderij Chips Ribbel Zeezout 150 g",
    "category": "Koek, snoep, chocolade en chips",
    "price": 2.25,
    "promoPrice": null,
    "pricePerUnit": "15.0 kg",
    "image": "https://www.jumbo.com/dam-images/fit-in/360x360/Products/25072025_1753436037536_1753436043411_8718247991990_1.png",
    "available": true,
    "promoUntil": null
  },
  {
    "id": "667698FLS",
    "title": "Capri-Sun Siroop Jungle Drink Zero 600 ml",
    "category": "Frisdrank en sappen",
    "price": 3.89,
    "promoPrice": null,
    "pricePerUnit": "6.48 l",
    "image": "https://www.jumbo.com/dam-images/fit-in/360x360/Products/21122024_1734754978483_1734754981037_667698_FLS_04000177035177_C1N1.png",
    "available": true,
    "promoUntil": null
  },
  {
    "id": "677766EM",
    "title": "Cornish Sea Salt Everything Bagel 50g",
    "category": "Wereldkeukens, kruiden, pasta en rijst",
    "price": 3.59,
    "promoPrice": null,
    "pricePerUnit": "71.8 kg",
    "image": "https://www.jumbo.com/dam-images/fit-in/360x360/Products/05022025_1738743496263_1738743501001_677766_EM_05060155201139_C1N1.png",
    "available": true,
    "promoUntil": null
  },
  {
    "id": "163397PAK",
    "title": "Dhillon Geconcentreerde Cocoscréme-Santen 200 g",
    "category": "Wereldkeukens, kruiden, pasta en rijst",
    "price": 2.29,
    "promoPrice": null,
    "pricePerUnit": "11.45 kg",
    "image": "https://www.jumbo.com/dam-images/fit-in/360x360/Products/10082023_1691674929198_1691674975065_8710161000543_1.png",
    "available": true,
    "promoUntil": null
  },
  {
    "id": "496366STK",
    "title": "Fluimucil Pastille bij hoesten 200 mg, 20 stuks",
    "category": "Drogisterij en baby",
    "price": 8.99,
    "promoPrice": null,
    "pricePerUnit": "0.45 pieces",
    "image": "https://www.jumbo.com/dam-images/fit-in/360x360/Products/22082025_1755820930202_1755820937618_8717056280035_1.png",
    "available": true,
    "promoUntil": null
  },
  {
    "id": "174163STK",
    "title": "Galbani Ricotta 100 g",
    "category": "Vleeswaren, kaas en tapas",
    "price": 1.49,
    "promoPrice": null,
    "pricePerUnit": "14.9 kg",
    "image": "https://www.jumbo.com/dam-images/fit-in/360x360/Products/12122024_1734014500472_1734014509606_80508052_1.png",
    "available": true,
    "promoUntil": null
  },
  {
    "id": "25697POT",
    "title": "Go-Tan Gehakte gember 100g",
    "category": "Wereldkeukens, kruiden, pasta en rijst",
    "price": 2.06,
    "promoPrice": null,
    "pricePerUnit": "20.6 kg",
    "image": "https://www.jumbo.com/dam-images/fit-in/360x360/Products/20122023_1703041494022_1703041499903_25697_POT_08710605092516_C1N1.png",
    "available": true,
    "promoUntil": null
  },
  {
    "id": "680038STK",
    "title": "HEMA Kunstof Schaaltjes 4 stuks",
    "category": "Non-food en servicebalie",
    "price": 3.59,
    "promoPrice": null,
    "pricePerUnit": "0.9 pieces",
    "image": "https://www.jumbo.com/dam-images/fit-in/360x360/Products/14022025_1739543569107_1739543574640_680038_STK_08720354551813_C1N1.png",
    "available": true,
    "promoUntil": null
  },
  {
    "id": "640961FLS",
    "title": "HG Tuin Groene Aanslag Reiniger 1L",
    "category": "Huishouden en dieren",
    "price": 9.29,
    "promoPrice": null,
    "pricePerUnit": "9.29 l",
    "image": "https://www.jumbo.com/dam-images/fit-in/360x360/Products/14062025_1749865699979_1749865704366_640961_FLS_08711577000998_C1N1.png",
    "available": true,
    "promoUntil": null
  },
  {
    "id": "691847DS",
    "title": "Jumbo Anti Kalk Tabletten Wasmachine 50 Stuks",
    "category": "Huishouden en dieren",
    "price": 4.79,
    "promoPrice": null,
    "pricePerUnit": "0.1 wb",
    "image": "https://www.jumbo.com/dam-images/fit-in/360x360/Products/02052025_1746196386866_1746196404421_8718452887125_596.png",
    "available": true,
    "promoUntil": null
  },
  {
    "id": "629771BAK",
    "title": "Jumbo Blini's 135 g",
    "category": "Verse maaltijden en gemak",
    "price": 2.35,
    "promoPrice": null,
    "pricePerUnit": "17.41 kg",
    "image": "https://www.jumbo.com/dam-images/fit-in/360x360/Products/15112024_1731663278187_1731663284533_8718452851874_1.png",
    "available": true,
    "promoUntil": null
  },
  {
    "id": "72641STK",
    "title": "Dampo Hoestpastilles, 24 stuks",
    "category": "Drogisterij en baby",
    "price": 5.69,
    "promoPrice": null,
    "pricePerUnit": "0.24 pieces",
    "image": "https://www.jumbo.com/dam-images/fit-in/360x360/Products/24092025_1758672090417_1758672096993_8713091021466_1.png",
    "available": true,
    "promoUntil": null
  },
  {
    "id": "450975STK",
    "title": "Canesten GynoZachte Capsule bij vaginale schimmel, 500mg",
    "category": "Drogisterij en baby",
    "price": 17.99,
    "promoPrice": null,
    "pricePerUnit": "97.77 kg",
    "image": "https://www.jumbo.com/dam-images/fit-in/360x360/Products/24092025_1758672137477_1758672145100_8713091040030_1.png",
    "available": true,
    "promoUntil": null
  },
  {
    "id": "692306BLK",
    "title": "Cazadores Margarita 250ML",
    "category": "Bier en wijn",
    "price": 2.49,
    "promoPrice": null,
    "pricePerUnit": "9.96 l",
    "image": "https://www.jumbo.com/dam-images/fit-in/360x360/Products/09042025_1744196316780_1744196319313_692306_BLK_07640175660918_C1N1.png",
    "available": true,
    "promoUntil": null
  },
  {
    "id": "291655FLS",
    "title": "Chapeau - Riesling - 750ML",
    "category": "Bier en wijn",
    "price": 9.99,
    "promoPrice": null,
    "pricePerUnit": "13.32 l",
    "image": "https://www.jumbo.com/dam-images/fit-in/360x360/Products/09082023_1691587247257_1691587250873_4260367941132_1.png",
    "available": true,
    "promoUntil": null
  },
  {
    "id": "710983ZK",
    "title": "Jumbo Kruidnoten Cappuccinosmaak 200 g",
    "category": "Koek, snoep, chocolade en chips",
    "price": 2.79,
    "promoPrice": null,
    "pricePerUnit": "13.95 kg",
    "image": "https://www.jumbo.com/dam-images/fit-in/360x360/Products/25072025_1753432375238_1753432385797_8718452921928_596.png",
    "available": true,
    "promoUntil": null
  },
  {
    "id": "705603DS",
    "title": "Colgate Max White Expert Original Tandpasta 75 ML",
    "category": "Drogisterij en baby",
    "price": 6.99,
    "promoPrice": null,
    "pricePerUnit": "93.2 l",
    "image": "https://www.jumbo.com/dam-images/fit-in/360x360/Products/18062025_1750251573889_1750251576192_705603_DS_08718951713840_C1N1.png",
    "available": true,
    "promoUntil": null
  },
  {
    "id": "687042FLS",
    "title": "François Martenot - Chardonnay -750ML",
    "category": "Bier en wijn",
    "price": 7.59,
    "promoPrice": null,
    "pricePerUnit": "10.12 l",
    "image": "https://www.jumbo.com/dam-images/fit-in/360x360/Products/22042025_1745328768527_1745328772198_3120581439680_1.png",
    "available": true,
    "promoUntil": null
  },
  {
    "id": "300471ZK",
    "title": "Jumbo Kleine Spruiten 400 g",
    "category": "Aardappelen, groente en fruit",
    "price": 1.25,
    "promoPrice": null,
    "pricePerUnit": "3.13 kg",
    "image": "https://www.jumbo.com/dam-images/fit-in/360x360/Products/18092023_1695031625824_1695031643088_8711715818980_1.png",
    "available": true,
    "promoUntil": null
  },
  {
    "id": "559463BLS",
    "title": "Air Wick Essential Mist Kalmerende Sterjasmijn & Pioen Navulling 20 ml",
    "category": "Huishouden en dieren",
    "price": 5.99,
    "promoPrice": null,
    "pricePerUnit": "299.5 l",
    "image": "https://www.jumbo.com/dam-images/fit-in/360x360/Products/07062025_1749259488608_1749259491263_559463_BLS_03059943024564_A1N1.png",
    "available": true,
    "promoUntil": null
  },
  {
    "id": "608102TRA",
    "title": "Bamischijf Oriëntaalse Stijl 4 Stuks 540 g",
    "category": "Diepvries",
    "price": 4.99,
    "promoPrice": null,
    "pricePerUnit": "9.24 kg",
    "image": "https://www.jumbo.com/dam-images/fit-in/360x360/Products/26032024_1711463711902_1711463718699_8716893025236_1.png",
    "available": true,
    "promoUntil": null
  },
  {
    "id": "616671DS",
    "title": "Elmex Anti-Cariës Original Tandpasta 75ML",
    "category": "Drogisterij en baby",
    "price": 4.49,
    "promoPrice": null,
    "pricePerUnit": "59.87 l",
    "image": "https://www.jumbo.com/dam-images/fit-in/360x360/Products/21032025_1742522892306_1742522894723_616671_DS_08718951652675_C1N1.png",
    "available": true,
    "promoUntil": null
  },
  {
    "id": "699733PAK",
    "title": "Frontaal Drop Bock Oldtimer Giftpack 330ML",
    "category": "Bier en wijn",
    "price": 8.99,
    "promoPrice": null,
    "pricePerUnit": "27.24 l",
    "image": "https://www.jumbo.com/dam-images/fit-in/360x360/Products/24092025_1758675903996_1758675907783_699733_PAK_08721001431779_C1N1.png",
    "available": true,
    "promoUntil": null
  },
  {
    "id": "511459KGR",
    "title": "Jumbo Biologische Parmigiano Reggiano Kaas 30+ Stuk ca. 170 g",
    "category": "Vleeswaren, kaas en tapas",
    "price": 6.73,
    "promoPrice": null,
    "pricePerUnit": "39.59 kg",
    "image": "https://www.jumbo.com/dam-images/fit-in/360x360/Products/511459_2353101000000_1_T1_186497KGR1691074637486.png",
    "available": true,
    "promoUntil": null
  },
  {
    "id": "458899ZK",
    "title": "Jumbo Chocolade Pralines 130 g",
    "category": "Koek, snoep, chocolade en chips",
    "price": 2.59,
    "promoPrice": null,
    "pricePerUnit": "19.92 kg",
    "image": "https://www.jumbo.com/dam-images/fit-in/360x360/Products/09082023_1691589291526_1691589297573_8718452576319_1.png",
    "available": true,
    "promoUntil": null
  },
  {
    "id": "579844PAK",
    "title": "Jumbo Sanitair Spons 1 Stuk",
    "category": "Huishouden en dieren",
    "price": 0.89,
    "promoPrice": null,
    "pricePerUnit": "0.89 pieces",
    "image": "https://www.jumbo.com/dam-images/fit-in/360x360/Products/14052025_1747215231324_1747215236113_8718452699995_1.png",
    "available": true,
    "promoUntil": null
  },
  {
    "id": "214419FLS",
    "title": "Buontalenti - Vermentino Ansonica - Biologisch - 750 ML",
    "category": "Bier en wijn",
    "price": 9.99,
    "promoPrice": null,
    "pricePerUnit": "13.32 l",
    "image": "https://www.jumbo.com/dam-images/fit-in/360x360/Products/28092023_1695921548820_1695921550779_8032937130781_1.png",
    "available": true,
    "promoUntil": null
  },
  {
    "id": "460715POT",
    "title": "Al'Fez Smoky Harissa Tagine Sauce 450 g",
    "category": "Wereldkeukens, kruiden, pasta en rijst",
    "price": 3.19,
    "promoPrice": null,
    "pricePerUnit": "7.09 kg",
    "image": "https://www.jumbo.com/dam-images/fit-in/360x360/Products/13122024_1734056144329_1734056151304_460715_POT_05010338000127_H1N1.png",
    "available": true,
    "promoUntil": null
  },
  {
    "id": "435481FLS",
    "title": "Jumbo - Merlot - Biologisch - 750 ML",
    "category": "Bier en wijn",
    "price": 4.99,
    "promoPrice": null,
    "pricePerUnit": "6.65 l",
    "image": "https://www.jumbo.com/dam-images/fit-in/360x360/Products/12022024_1707726851738_1707726856990_8718452748457_1.png",
    "available": true,
    "promoUntil": null
  },
  {
    "id": "142672POT",
    "title": "Euroma Peterselie Vriesdroog 9 g",
    "category": "Wereldkeukens, kruiden, pasta en rijst",
    "price": 3.19,
    "promoPrice": null,
    "pricePerUnit": "354.44 kg",
    "image": "https://www.jumbo.com/dam-images/fit-in/360x360/Products/08082024_1723079377224_1723079393422_142672_POT_08717600197215_C1N1.png",
    "available": true,
    "promoUntil": null
  },
  {
    "id": "637281FLS",
    "title": "Focus Drink Dragon Blaze 330ML",
    "category": "Frisdrank en sappen",
    "price": 1.49,
    "promoPrice": null,
    "pricePerUnit": "4.52 l",
    "image": "https://www.jumbo.com/dam-images/fit-in/360x360/Products/05082024_1722868455258_1722868459109_8719327681961_1.png",
    "available": true,
    "promoUntil": null
  },
  {
    "id": "678789STK",
    "title": "HEMA Spatel Nylon Dot 1 Stuk",
    "category": "Non-food en servicebalie",
    "price": 4.29,
    "promoPrice": null,
    "pricePerUnit": "4.29 pieces",
    "image": "https://www.jumbo.com/dam-images/fit-in/360x360/Products/10022025_1739184649458_1739184651164_678789_STK_08720354519752_C1N1.png",
    "available": true,
    "promoUntil": null
  },
  {
    "id": "667408STK",
    "title": "HEMA Servetten 24X24 Party Animal 20 Stuks",
    "category": "Non-food en servicebalie",
    "price": 1.0,
    "promoPrice": null,
    "pricePerUnit": "0.05 pieces",
    "image": "https://www.jumbo.com/dam-images/fit-in/360x360/Products/04122024_1733303541467_1733303548574_667408_STK_08720354508718_C1N1.png",
    "available": true,
    "promoUntil": null
  },
  {
    "id": "672240DS",
    "title": "Handgebrand Cookie Fudge Rotsen Melk 140 g",
    "category": "Vleeswaren, kaas en tapas",
    "price": 3.99,
    "promoPrice": null,
    "pricePerUnit": "28.5 kg",
    "image": "https://www.jumbo.com/dam-images/fit-in/360x360/Products/25022025_1740474237353_1740474243373_8720941908259_1.png",
    "available": true,
    "promoUntil": null
  },
  {
    "id": "638118CUP",
    "title": "Johma Tonijnsalade 175 g",
    "category": "Vleeswaren, kaas en tapas",
    "price": 3.15,
    "promoPrice": null,
    "pricePerUnit": "18.0 kg",
    "image": "https://www.jumbo.com/dam-images/fit-in/360x360/Products/20122024_1734698014923_1734698021942_8710506084504_1.png",
    "available": true,
    "promoUntil": null
  },
  {
    "id": "657244DS",
    "title": "Johma Witte Kool Rauwkostsalade 200g",
    "category": "Aardappelen, groente en fruit",
    "price": 1.79,
    "promoPrice": null,
    "pricePerUnit": "8.95 kg",
    "image": "https://www.jumbo.com/dam-images/fit-in/360x360/Products/26022025_1740545348092_1740545369806_657244_DS_08710506090710_C1N1.png",
    "available": true,
    "promoUntil": null
  },
  {
    "id": "586057ZK",
    "title": "Jumbo Biologisch Ongepeld Sesamzaad 250 g",
    "category": "Wereldkeukens, kruiden, pasta en rijst",
    "price": 2.99,
    "promoPrice": null,
    "pricePerUnit": "11.96 kg",
    "image": "https://www.jumbo.com/dam-images/fit-in/360x360/Products/06022025_1738870373990_1738870386169_8718452748839_1.png",
    "available": true,
    "promoUntil": null
  },
  {
    "id": "680857DS",
    "title": "Curalyn keelpastilles + vitamine C, 36 stuks",
    "category": "Drogisterij en baby",
    "price": 6.99,
    "promoPrice": null,
    "pricePerUnit": "0.19 pieces",
    "image": "https://www.jumbo.com/dam-images/fit-in/360x360/Products/20092025_1758326464176_1758326468521_8595610406158_1.png",
    "available": true,
    "promoUntil": null
  },
  {
    "id": "511453KGR",
    "title": "Jumbo Grana Padano DOP Italiaanse Harde Kaas Stuk ca. 180 g",
    "category": "Vleeswaren, kaas en tapas",
    "price": 5.67,
    "promoPrice": null,
    "pricePerUnit": "31.5 kg",
    "image": "https://www.jumbo.com/dam-images/fit-in/360x360/Products/07022025_1738945989985_1738945994533_2378367000000_1.png",
    "available": true,
    "promoUntil": null
  },
  {
    "id": "559687CUP",
    "title": "Jumbo Mexicaanse Stijl Laagjesdip 190 g",
    "category": "Vleeswaren, kaas en tapas",
    "price": 2.99,
    "promoPrice": null,
    "pricePerUnit": "15.74 kg",
    "image": "https://www.jumbo.com/dam-images/fit-in/360x360/Products/14022024_1707873740535_1707873748275_8718452732104_1.png",
    "available": true,
    "promoUntil": null
  },
  {
    "id": "617484DS",
    "title": "Jumbo Paracetamol 500mg zetpillen",
    "category": "Drogisterij en baby",
    "price": 3.59,
    "promoPrice": null,
    "pricePerUnit": "0.36 pieces",
    "image": "https://www.jumbo.com/dam-images/fit-in/360x360/Products/24092025_1758672137251_1758672143665_8718452748143_1.png",
    "available": true,
    "promoUntil": null
  },
  {
    "id": "648766KGR",
    "title": "Jumbo Pere Joseph Abdijkaas 50+ ca. 150 g",
    "category": "Vleeswaren, kaas en tapas",
    "price": 3.79,
    "promoPrice": null,
    "pricePerUnit": "25.29 kg",
    "image": "https://www.jumbo.com/dam-images/fit-in/360x360/Products/15072024_1721061315799_1721061321596_2349044000000_1.png",
    "available": true,
    "promoUntil": null
  },
  {
    "id": "420522PAK",
    "title": "CoolBest 100% Juice Pink Grapefruit 1 L",
    "category": "Frisdrank en sappen",
    "price": 3.09,
    "promoPrice": null,
    "pricePerUnit": "3.09 l",
    "image": "https://www.jumbo.com/dam-images/fit-in/360x360/Products/20062025_1750401145534_1750401150667_8720157464495_1.png",
    "available": true,
    "promoUntil": null
  },
  {
    "id": "604014BLK",
    "title": "Gold Dry Original Premium Soda 250 ml",
    "category": "Frisdrank en sappen",
    "price": 1.99,
    "promoPrice": null,
    "pricePerUnit": "7.96 l",
    "image": "https://www.jumbo.com/dam-images/fit-in/360x360/Products/16062025_1750032004119_1750032018496_8720938023002_1.png",
    "available": true,
    "promoUntil": null
  },
  {
    "id": "688752DS",
    "title": "Jumbo Chocoladereep Crunchy Stroopwafel Karamel 100g",
    "category": "Koek, snoep, chocolade en chips",
    "price": 4.99,
    "promoPrice": null,
    "pricePerUnit": "49.9 kg",
    "image": "https://www.jumbo.com/dam-images/fit-in/360x360/Products/02062025_1748878413826_1748878423594_8719191034054_1.png",
    "available": true,
    "promoUntil": null
  },
  {
    "id": "14142PAK",
    "title": "Dulcolax Tabletten 5 mg, 60 stuks",
    "category": "Drogisterij en baby",
    "price": 8.59,
    "promoPrice": null,
    "pricePerUnit": "0.14 pieces",
    "image": "https://www.jumbo.com/dam-images/fit-in/360x360/Products/24092025_1758672059895_1758672065046_8712172865609_1.png",
    "available": true,
    "promoUntil": null
  },
  {
    "id": "506843ZK",
    "title": "Garnier SkinActive Hydra Bomb Sheet Mask met Granaatappel",
    "category": "Drogisterij en baby",
    "price": 3.49,
    "promoPrice": null,
    "pricePerUnit": "124.64 kg",
    "image": "https://www.jumbo.com/dam-images/fit-in/360x360/Products/06072024_1720228526144_1720228535220_506843_ZK_03600541943506_C1N1.png",
    "available": true,
    "promoUntil": null
  },
  {
    "id": "156505DS",
    "title": "Garnier SkinActive Micellair Reinigingswater Gevoelige Huid - 400 ml",
    "category": "Drogisterij en baby",
    "price": 7.99,
    "promoPrice": null,
    "pricePerUnit": "7.99 pieces",
    "image": "https://www.jumbo.com/dam-images/fit-in/360x360/Products/06042024_1712371124168_1712371126752_156505_DS_03600541361348_C1N1.png",
    "available": true,
    "promoUntil": null
  },
  {
    "id": "97158DS",
    "title": "Hansaplast Elastic Waterafstotend 20 Strips",
    "category": "Drogisterij en baby",
    "price": 3.39,
    "promoPrice": null,
    "pricePerUnit": "0.17 pieces",
    "image": "https://www.jumbo.com/dam-images/fit-in/360x360/Products/19122024_1734577632604_1734577634676_97158_DS_04005800175367_C1N1.png",
    "available": true,
    "promoUntil": null
  },
  {
    "id": "524467ZK",
    "title": "BitesWeLove Crunchy Corn Sweet Chilli 100 g",
    "category": "Koek, snoep, chocolade en chips",
    "price": 1.99,
    "promoPrice": null,
    "pricePerUnit": "19.9 kg",
    "image": "https://www.jumbo.com/dam-images/fit-in/360x360/Products/24102024_1729732080205_1729732084784_524467_ZK_08711299003673_C1N1.png",
    "available": true,
    "promoUntil": null
  },
  {
    "id": "682105FLS",
    "title": "Focus Drink Knolpower 330ML",
    "category": "Frisdrank en sappen",
    "price": 1.49,
    "promoPrice": null,
    "pricePerUnit": "4.52 l",
    "image": "https://www.jumbo.com/dam-images/fit-in/360x360/Products/15032025_1742007199978_1742007203476_682105_FLS_08719327681985_C1N1.png",
    "available": true,
    "promoUntil": null
  },
  {
    "id": "162009ZK",
    "title": "Go-Tan Rice sticks Pad Thai noodles 250g",
    "category": "Wereldkeukens, kruiden, pasta en rijst",
    "price": 2.69,
    "promoPrice": null,
    "pricePerUnit": "10.76 kg",
    "image": "https://www.jumbo.com/dam-images/fit-in/360x360/Products/09082023_1691591931333_1691591939949_8710605092073_1.png",
    "available": true,
    "promoUntil": null
  },
  {
    "id": "679834STK",
    "title": "HEMA Garde 20CM Dot Blauw",
    "category": "Non-food en servicebalie",
    "price": 3.79,
    "promoPrice": null,
    "pricePerUnit": "3.79 pieces",
    "image": "https://www.jumbo.com/dam-images/fit-in/360x360/Products/09042025_1744169740059_1744169742578_679834_STK_08720354519523_C1N1.png",
    "available": true,
    "promoUntil": null
  },
  {
    "id": "680041DS",
    "title": "HEMA Nietjes Metaalkleurig 24/6 1000 Stuks",
    "category": "Non-food en servicebalie",
    "price": 1.19,
    "promoPrice": null,
    "pricePerUnit": "0.0 pieces",
    "image": "https://www.jumbo.com/dam-images/fit-in/360x360/Products/14022025_1739543579271_1739543583285_680041_DS_08716618908189_C1N1.png",
    "available": true,
    "promoUntil": null
  },
  {
    "id": "596969ZK",
    "title": "Herr's Carolina Reaper Flavored Cheese Curls 28 g",
    "category": "Wereldkeukens, kruiden, pasta en rijst",
    "price": 0.99,
    "promoPrice": null,
    "pricePerUnit": "35.36 kg",
    "image": "https://www.jumbo.com/dam-images/fit-in/360x360/Products/17012024_1705491250157_1705491259861_8712857976842_1.png",
    "available": true,
    "promoUntil": null
  },
  {
    "id": "430024ZK",
    "title": "Jumbo BBQ Houtwol Aanmaak Krullen 310 g",
    "category": "Non-food en servicebalie",
    "price": 3.99,
    "promoPrice": null,
    "pricePerUnit": "12.79 kg",
    "image": "https://www.jumbo.com/dam-images/fit-in/360x360/Products/16042024_1713274452222_1713274461553_8718452784028_1.png",
    "available": true,
    "promoUntil": null
  },
  {
    "id": "644859CUP",
    "title": "Jumbo Empanada Mais 80 g",
    "category": "Vleeswaren, kaas en tapas",
    "price": 2.49,
    "promoPrice": null,
    "pricePerUnit": "31.13 kg",
    "image": "https://www.jumbo.com/dam-images/fit-in/360x360/Products/12122024_1734014885765_1734014894339_8718452834754_1.png",
    "available": true,
    "promoUntil": null
  },
  {
    "id": "605585DS",
    "title": "Jumbo Vriesverse Cranberry's 250 g",
    "category": "Diepvries",
    "price": 1.95,
    "promoPrice": null,
    "pricePerUnit": "7.8 kg",
    "image": "https://www.jumbo.com/dam-images/fit-in/360x360/Products/16052024_1715866522135_1715866540435_8718452800209_596.png",
    "available": true,
    "promoUntil": null
  },
  {
    "id": "686994FLS",
    "title": "JP. Chenet - Fizzy Raspberry & Hibiscus - 750ML",
    "category": "Bier en wijn",
    "price": 6.65,
    "promoPrice": null,
    "pricePerUnit": "8.87 l",
    "image": "https://www.jumbo.com/dam-images/fit-in/360x360/Products/03062025_1748968348292_1748968355922_3500610171048_1.png",
    "available": true,
    "promoUntil": null
  },
  {
    "id": "585339ZK",
    "title": "Ben's Original Langkorrelrijst 220 g",
    "category": "Wereldkeukens, kruiden, pasta en rijst",
    "price": 2.09,
    "promoPrice": null,
    "pricePerUnit": "9.5 kg",
    "image": "https://www.jumbo.com/dam-images/fit-in/360x360/Products/04012025_1735959180991_1735959189188_585339_ZK_03487400007063_H1N1.png",
    "available": true,
    "promoUntil": null
  },
  {
    "id": "672040BLK",
    "title": "Euroma Chocolate Baking Spice by Jonnie Boer 49g",
    "category": "Wereldkeukens, kruiden, pasta en rijst",
    "price": 3.29,
    "promoPrice": null,
    "pricePerUnit": "67.14 kg",
    "image": "https://www.jumbo.com/dam-images/fit-in/360x360/Products/07032025_1741313590007_1741313599469_672040_BLK_08717600358081_C1N1.png",
    "available": true,
    "promoUntil": null
  },
  {
    "id": "382005FLS",
    "title": "Jumbo Baby Shampoo 300 ml",
    "category": "Drogisterij en baby",
    "price": 1.99,
    "promoPrice": null,
    "pricePerUnit": "6.63 l",
    "image": "https://www.jumbo.com/dam-images/fit-in/360x360/Products/18092023_1695049918742_1695049923179_8718452493715_1.png",
    "available": true,
    "promoUntil": null
  },
  {
    "id": "633618ZK",
    "title": "Jumbo Biologische Maïs Puffs Banaan 20 g",
    "category": "Drogisterij en baby",
    "price": 0.99,
    "promoPrice": null,
    "pricePerUnit": "49.5 kg",
    "image": "https://www.jumbo.com/dam-images/fit-in/360x360/Products/09072024_1720517719915_1720517743615_8718452835157_596.png",
    "available": true,
    "promoUntil": null
  },
  {
    "id": "514636FLS",
    "title": "Graansilo - Blond - Fles - 330ML",
    "category": "Bier en wijn",
    "price": 2.69,
    "promoPrice": null,
    "pricePerUnit": "8.15 l",
    "image": "https://www.jumbo.com/dam-images/fit-in/360x360/Products/20092025_1758330895234_1758330896912_514636_FLS_08719189159165_A1N1.png",
    "available": true,
    "promoUntil": null
  },
  {
    "id": "496485STK",
    "title": "Dr. Swaab Zinkzalf 100 mg/ g, 30 g",
    "category": "Drogisterij en baby",
    "price": 6.69,
    "promoPrice": null,
    "pricePerUnit": "223.0 kg",
    "image": "https://www.jumbo.com/dam-images/fit-in/360x360/Products/22082025_1755820932225_1755820935844_5000167038422_1.png",
    "available": true,
    "promoUntil": null
  },
  {
    "id": "308860STK",
    "title": "Disney Cars Multivitaminen gummies, 60 stuks",
    "category": "Drogisterij en baby",
    "price": 14.99,
    "promoPrice": null,
    "pricePerUnit": "0.25 pieces",
    "image": "https://www.jumbo.com/dam-images/fit-in/360x360/Products/24092025_1758672061154_1758672068446_8718503010588_1.png",
    "available": true,
    "promoUntil": null
  },
  {
    "id": "549137PAK",
    "title": "BiFi The Original Salami Sticks 8 x 10 g",
    "category": "Vleeswaren, kaas en tapas",
    "price": 2.66,
    "promoPrice": null,
    "pricePerUnit": "33.25 kg",
    "image": "https://www.jumbo.com/dam-images/fit-in/360x360/Products/09082023_1691593193948_1691593200390_4251097417523_1.png",
    "available": true,
    "promoUntil": null
  },
  {
    "id": "628059ZK",
    "title": "BioToday Cranberry Chocoladekoeken 200 g",
    "category": "Koek, snoep, chocolade en chips",
    "price": 3.99,
    "promoPrice": null,
    "pricePerUnit": "19.95 kg",
    "image": "https://www.jumbo.com/dam-images/fit-in/360x360/Products/09092025_1757410418225_1757410423699_8718858932368_1.png",
    "available": true,
    "promoUntil": null
  },
  {
    "id": "562131ZK",
    "title": "De Kleine Keuken Biologische Fruitjes met Abrikozen 20 g",
    "category": "Drogisterij en baby",
    "price": 1.67,
    "promoPrice": null,
    "pricePerUnit": "83.5 kg",
    "image": "https://www.jumbo.com/dam-images/fit-in/360x360/Products/26072024_1721989998235_1721990002352_8718734493372_1.png",
    "available": true,
    "promoUntil": null
  },
  {
    "id": "695627POT",
    "title": "Grand'Italia Pesto Piccante met Chilipeper 90 g",
    "category": "Wereldkeukens, kruiden, pasta en rijst",
    "price": 2.69,
    "promoPrice": null,
    "pricePerUnit": "29.89 kg",
    "image": "https://www.jumbo.com/dam-images/fit-in/360x360/Products/28042025_1745823312122_1745823319760_695627_POT_00000080024187_C1N1.png",
    "available": true,
    "promoUntil": null
  },
  {
    "id": "602797DS",
    "title": "Chouffe Lite 4% - Fles - 4x300ML",
    "category": "Bier en wijn",
    "price": 7.89,
    "promoPrice": null,
    "pricePerUnit": "5.98 l",
    "image": "https://www.jumbo.com/dam-images/fit-in/360x360/Products/05410769803241C1N11e7cd8df-be27-4de9-a10a-8463a3f4bca0-1709623638675.png",
    "available": true,
    "promoUntil": null
  },
  {
    "id": "675921CUP",
    "title": "Ben & Jerry's Non-Dairy IJs Bohemian Raspberry 465 ml",
    "category": "Diepvries",
    "price": 6.99,
    "promoPrice": null,
    "pricePerUnit": "15.03 l",
    "image": "https://www.jumbo.com/dam-images/fit-in/360x360/Products/15072025_1752577910209_1752577918572_675921_CUP_08711327667020_H1N1.png",
    "available": true,
    "promoUntil": null
  },
  {
    "id": "670058STK",
    "title": "HEMA Contactlijm 50 ml",
    "category": "Non-food en servicebalie",
    "price": 4.49,
    "promoPrice": null,
    "pricePerUnit": "4.49 pieces",
    "image": "https://www.jumbo.com/dam-images/fit-in/360x360/Products/18122024_1734550397409_1734550400647_8716618495382_1.png",
    "available": true,
    "promoUntil": null
  },
  {
    "id": "612984STK",
    "title": "Jumbo Focaccia Basilicum Tomaat 300 g",
    "category": "Brood en gebak",
    "price": 2.35,
    "promoPrice": null,
    "pricePerUnit": "7.83 kg",
    "image": "https://www.jumbo.com/dam-images/fit-in/360x360/Products/29042025_1745937194060_1745937204339_8718452785162_1.png",
    "available": true,
    "promoUntil": null
  },
  {
    "id": "698382TRA",
    "title": "Jumbo Frikandelballetjes 360 g",
    "category": "Vleeswaren, kaas en tapas",
    "price": 2.99,
    "promoPrice": null,
    "pricePerUnit": "8.31 kg",
    "image": "https://www.jumbo.com/dam-images/fit-in/360x360/Products/13082025_1755095615873_1755095622256_8718452965427_1.png",
    "available": true,
    "promoUntil": null
  },
  {
    "id": "575943CUP",
    "title": "Jumbo Gezouten Pecannoten 115 g",
    "category": "Koek, snoep, chocolade en chips",
    "price": 3.49,
    "promoPrice": null,
    "pricePerUnit": "30.35 kg",
    "image": "https://www.jumbo.com/dam-images/fit-in/360x360/Products/11082025_1754919207524_1754919211370_8718452738984_1.png",
    "available": true,
    "promoUntil": null
  },
  {
    "id": "616694DS",
    "title": "Elmex Tanspasta Sensitive Duo  2x75 ML",
    "category": "Drogisterij en baby",
    "price": 9.99,
    "promoPrice": null,
    "pricePerUnit": "66.6 l",
    "image": "https://www.jumbo.com/dam-images/fit-in/360x360/Products/29052024_1716948853474_1716948855645_616694_DS_08718951658219_C1N1.png",
    "available": true,
    "promoUntil": null
  },
  {
    "id": "562605CUP",
    "title": "Jumbo Salade Mango Curry 150 g",
    "category": "Vleeswaren, kaas en tapas",
    "price": 2.19,
    "promoPrice": null,
    "pricePerUnit": "14.6 kg",
    "image": "https://www.jumbo.com/dam-images/fit-in/360x360/Products/14022024_1707873714864_1707873721206_8718452757770_1.png",
    "available": true,
    "promoUntil": null
  },
  {
    "id": "537148BLK",
    "title": "Hoppe - Vieux Cola 7% - 250ML",
    "category": "Bier en wijn",
    "price": 2.19,
    "promoPrice": null,
    "pricePerUnit": "8.76 l",
    "image": "https://www.jumbo.com/dam-images/fit-in/360x360/Products/12122023_1702360668640_1702360684397_537148_BLK_08716000970305_C1N1.png",
    "available": true,
    "promoUntil": null
  },
  {
    "id": "411800STK",
    "title": "Jumbo Soba Noodles 300 g",
    "category": "Wereldkeukens, kruiden, pasta en rijst",
    "price": 1.89,
    "promoPrice": null,
    "pricePerUnit": "6.3 kg",
    "image": "https://www.jumbo.com/dam-images/fit-in/360x360/Products/09082023_1691588269537_1691588280213_8718452542413_1.png",
    "available": true,
    "promoUntil": null
  },
  {
    "id": "204525DS",
    "title": "JP Chenet - Ice Sparkling - Rosé - 750ML",
    "category": "Bier en wijn",
    "price": 7.49,
    "promoPrice": null,
    "pricePerUnit": "9.99 l",
    "image": "https://www.jumbo.com/dam-images/fit-in/360x360/Products/09082023_1691584971964_1691584978713_3500610093708_1.png",
    "available": true,
    "promoUntil": null
  },
  {
    "id": "706331STK",
    "title": "Cremeux Rouge Kaas 150 g",
    "category": "Vleeswaren, kaas en tapas",
    "price": 2.5,
    "promoPrice": null,
    "pricePerUnit": "16.67 kg",
    "image": "https://www.jumbo.com/dam-images/fit-in/360x360/Products/16092025_1758026015538_1758026021249_8718989930837_1.png",
    "available": true,
    "promoUntil": null
  },
  {
    "id": "382893FLS",
    "title": "Appelsientje Multifruit Vers Geperst 1 L",
    "category": "Frisdrank en sappen",
    "price": 3.49,
    "promoPrice": null,
    "pricePerUnit": "3.49 l",
    "image": "https://www.jumbo.com/dam-images/fit-in/360x360/Products/17092025_1758074928018_1758074941601_382893_FLS_08720157463214_C1N1.png",
    "available": true,
    "promoUntil": null
  },
  {
    "id": "678430STK",
    "title": "HEMA Schaar",
    "category": "Non-food en servicebalie",
    "price": 1.79,
    "promoPrice": null,
    "pricePerUnit": "1.79 pieces",
    "image": "https://www.jumbo.com/dam-images/fit-in/360x360/Products/07022025_1738916172735_1738916177793_678430_STK_08716618908202_C1N1.png",
    "available": true,
    "promoUntil": null
  },
  {
    "id": "619972BLK",
    "title": "Euroma Essential N°07 Zwarte peper",
    "category": "Wereldkeukens, kruiden, pasta en rijst",
    "price": 2.99,
    "promoPrice": null,
    "pricePerUnit": "63.62 kg",
    "image": "https://www.jumbo.com/dam-images/fit-in/360x360/Products/22062024_1719020139047_1719020145469_619972_BLK_08717600345975_C1N1.png",
    "available": true,
    "promoUntil": null
  },
  {
    "id": "710346DS",
    "title": "Bionature Vegan Omeletmix 250 g",
    "category": "Wereldkeukens, kruiden, pasta en rijst",
    "price": 3.59,
    "promoPrice": null,
    "pricePerUnit": "14.36 kg",
    "image": "https://www.jumbo.com/dam-images/fit-in/360x360/Products/17072025_1752777165143_1752777170814_8719153036140_1.png",
    "available": true,
    "promoUntil": null
  }
]