[
  {
    "id": "599320DS",
    "title": "Jumbo Family Pack Pleisters 50 Stuks",
    "category": "Drogisterij en baby",
    "price": 2.69,
    "promoPrice": null,
    "pricePerUnit": "0.05 pieces",
    "image": "https://www.jumbo.com/dam-images/fit-in/360x360/Products/12012024_1705073704108_1705073713758_8718452771479_1.png",
    "available": true,
    "promoUntil": null
  },
  {
    "id": "205514ZK",
    "title": "Haribo Dragibus Original Uitdeelzakjes 350 g",
    "category": "Koek, snoep, chocolade en chips",
    "price": 4.31,
    "promoPrice": null,
    "pricePerUnit": "12.31 kg",
    "image": "https://www.jumbo.com/dam-images/fit-in/360x360/Products/19092025_1758243815977_1758243834161_205514_ZK_03103220044124_H1N1.png",
    "available": true,
    "promoUntil": null
  },
  {
    "id": "584842BLK",
    "title": "Hell Energy Drink Classic 250 ml",
    "category": "Frisdrank en sappen",
    "price": 1.39,
    "promoPrice": null,
    "pricePerUnit": "5.56 l",
    "image": "https://www.jumbo.com/dam-images/fit-in/360x360/Products/12112024_1731373214215_1731373218722_8720938269011_1.png",
    "available": true,
    "promoUntil": null
  },
  {
    "id": "600343ZK",
    "title": "Jos Poell Stokbrood Toast 100 g",
    "category": "Koek, snoep, chocolade en chips",
    "price": 1.95,
    "promoPrice": null,
    "pricePerUnit": "19.5 kg",
    "image": "https://www.jumbo.com/dam-images/fit-in/360x360/Products/19052025_1747675987433_1747675995382_8710759307085_1.png",
    "available": true,
    "promoUntil": null
  },
  {
    "id": "427703DS",
    "title": "Jumbo Biologisch Pure Chocolade Hazelnoot 100 g",
    "category": "Koek, snoep, chocolade en chips",
    "price": 2.37,
    "promoPrice": null,
    "pricePerUnit": "23.7 kg",
    "image": "https://www.jumbo.com/dam-images/fit-in/360x360/Products/27052025_1748360089931_1748360108957_8718452877539_596.png",
    "available": true,
    "promoUntil": null
  },
  {
    "id": "495540PAK",
    "title": "Ajax Plant Based multi-oppervlakken doekjes 100 stuks",
    "category": "Huishouden en dieren",
    "price": 3.79,
    "promoPrice": null,
    "pricePerUnit": "0.04 pieces",
    "image": "https://www.jumbo.com/dam-images/fit-in/360x360/Products/26072024_1721958020146_1721958023391_495540_PAK_08718951524941_C1N1.png",
    "available": true,
    "promoUntil": null
  },
  {
    "id": "698775FLS",
    "title": "Andrélon Oil & Care Anti-Pluis Leave-in Crème 200 ml",
    "category": "Drogisterij en baby",
    "price": 7.19,
    "promoPrice": null,
    "pricePerUnit": "35.95 l",
    "image": "https://www.jumbo.com/dam-images/fit-in/360x360/Products/15092025_1757943177621_1757943181938_8720181645402_1.png",
    "available": true,
    "promoUntil": null
  },
  {
    "id": "459372STK",
    "title": "Dagravit Totaal 30 Multivitaminen dragees, 100 stuks",
    "category": "Drogisterij en baby",
    "price": 12.49,
    "promoPrice": null,
    "pricePerUnit": "0.12 pieces",
    "image": "https://www.jumbo.com/dam-images/fit-in/360x360/Products/24092025_1758672063309_1758672068943_8711744024659_1.png",
    "available": true,
    "promoUntil": null
  },
  {
    "id": "685987DS",
    "title": "Jumbo Midden- Oosterse Stijl Maaltijdsalade 400 g",
    "category": "Verse maaltijden en gemak",
    "price": 5.0,
    "promoPrice": null,
    "pricePerUnit": "12.5 kg",
    "image": "https://www.jumbo.com/dam-images/fit-in/360x360/Products/21042025_1745193610347_1745193619049_8718452902323_1.png",
    "available": true,
    "promoUntil": null
  },
  {
    "id": "647187STK",
    "title": "Jumbo Slagers Leverworst 225 g",
    "category": "Vleeswaren, kaas en tapas",
    "price": 2.0,
    "promoPrice": null,
    "pricePerUnit": "8.89 kg",
    "image": "https://www.jumbo.com/dam-images/fit-in/360x360/Products/03122024_1733229155412_1733229159953_8718452869244_1.png",
    "available": true,
    "promoUntil": null
  },
  {
    "id": "388165FLS",
    "title": "Brasserie Le Fort - Belgian Brown Ale - Fles - 330ML",
    "category": "Bier en wijn",
    "price": 2.39,
    "promoPrice": null,
    "pricePerUnit": "7.24 l",
    "image": "https://www.jumbo.com/dam-images/fit-in/360x360/Products/05062025_1749089325817_1749089328504_388165_FLS_05411858000190_C1N1.png",
    "available": true,
    "promoUntil": null
  },
  {
    "id": "533126BLK",
    "title": "Coca-Cola Zero Sugar Lemon 250 ml",
    "category": "Frisdrank en sappen",
    "price": 0.85,
    "promoPrice": null,
    "pricePerUnit": "3.4 l",
    "image": "https://www.jumbo.com/dam-images/fit-in/360x360/Products/12032024_1710210792440_1710210799546_533126_BLK_05000112658699_H1N1.png",
    "available": true,
    "promoUntil": null
  },
  {
    "id": "493638POT",
    "title": "Euroma Pizza kruiden 42 g",
    "category": "Wereldkeukens, kruiden, pasta en rijst",
    "price": 3.95,
    "promoPrice": null,
    "pricePerUnit": "94.05 kg",
    "image": "https://www.jumbo.com/dam-images/fit-in/360x360/Products/12122023_1702355594787_1702355605973_493638_POT_08717600337048_C1N1.png",
    "available": true,
    "promoUntil": null
  },
  {
    "id": "381989FLS",
    "title": "Jumbo Baby Badschuim 300 ml",
    "category": "Drogisterij en baby",
    "price": 1.79,
    "promoPrice": null,
    "pricePerUnit": "5.97 l",
    "image": "https://www.jumbo.com/dam-images/fit-in/360x360/Products/18092023_1695047214792_1695047220368_8718452493692_1.png",
    "available": true,
    "promoUntil": null
  },
  {
    "id": "391721CUP",
    "title": "Jumbo Indiase Stijl Boemboe Gharma 95 g",
    "category": "Wereldkeukens, kruiden, pasta en rijst",
    "price": 1.45,
    "promoPrice": null,
    "pricePerUnit": "15.26 kg",
    "image": "https://www.jumbo.com/dam-images/fit-in/360x360/Products/29012025_1738168390045_1738168411066_8718452515073_596.png",
    "available": true,
    "promoUntil": null
  },
  {
    "id": "142669POT",
    "title": "Euroma Bieslook Vriesdroog 6,5 g",
    "category": "Wereldkeukens, kruiden, pasta en rijst",
    "price": 2.99,
    "promoPrice": null,
    "pricePerUnit": "460.0 kg",
    "image": "https://www.jumbo.com/dam-images/fit-in/360x360/Products/12122023_1702364829292_1702364846080_142669_POT_08717600197123_C1N1.png",
    "available": true,
    "promoUntil": null
  },
  {
    "id": "701735DS",
    "title": "Durex Condooms Classic Natural 12 Stuks",
    "category": "Drogisterij en baby",
    "price": 10.99,
    "promoPrice": null,
    "pricePerUnit": "0.92 pieces",
    "image": "https://www.jumbo.com/dam-images/fit-in/360x360/Products/30052025_1748593870682_1748593874842_701735_DS_05010232968424_C1N1.png",
    "available": true,
    "promoUntil": null
  },
  {
    "id": "711450STK",
    "title": "Fun Kauwgom 4 x 75 g",
    "category": "Koek, snoep, chocolade en chips",
    "price": 1.56,
    "promoPrice": null,
    "pricePerUnit": "None None",
    "image": "https://www.jumbo.com/dam-images/fit-in/360x360/Products/2025918134207b98-a032-47b5-b352-92fc14d72721-1753711230355.png",
    "available": true,
    "promoUntil": null
  },
  {
    "id": "687204STK",
    "title": "HEMA Dames Sokken Zwart  39-42 5 Stuks",
    "category": "Non-food en servicebalie",
    "price": 6.99,
    "promoPrice": null,
    "pricePerUnit": "1.4 pieces",
    "image": "https://www.jumbo.com/dam-images/fit-in/360x360/Products/483317_8720354369296_1_T1_483317STK1691161781117.png",
    "available": true,
    "promoUntil": null
  },
  {
    "id": "916439DSL",
    "title": "Gourmet Gold Mousse Kattenvoer nat met Kalkoen 24 x 85g",
    "category": "Huishouden en dieren",
    "price": 20.4,
    "promoPrice": null,
    "pricePerUnit": "10.0 kg",
    "image": "https://www.jumbo.com/dam-images/fit-in/360x360/Products/GourmetKalkoencc98d2dc-096a-471d-be23-dd71e6c7b36c-1703666365605.png",
    "available": true,
    "promoUntil": null
  },
  {
    "id": "383981FLS",
    "title": "Guarda Rios - Touriga Nacional - Syrah - 750ML",
    "category": "Bier en wijn",
    "price": 6.99,
    "promoPrice": null,
    "pricePerUnit": "9.32 l",
    "image": "https://www.jumbo.com/dam-images/fit-in/360x360/Products/09082023_1691587307883_1691587320503_5602182350130_1.png",
    "available": true,
    "promoUntil": null
  },
  {
    "id": "648734STK",
    "title": "Jumbo Abdijkaas Damme 45+ ca. 100g",
    "category": "Vleeswaren, kaas en tapas",
    "price": 2.19,
    "promoPrice": null,
    "pricePerUnit": "21.9 kg",
    "image": "https://www.jumbo.com/dam-images/fit-in/360x360/Products/07062024_1717759995061_1717759999811_8718452711451_1.png",
    "available": true,
    "promoUntil": null
  },
  {
    "id": "633355STK",
    "title": "Jumbo Biologisch Stamppotje met Wortel & Courgette 6+ Maanden 190 g",
    "category": "Drogisterij en baby",
    "price": 1.18,
    "promoPrice": null,
    "pricePerUnit": "6.21 kg",
    "image": "https://www.jumbo.com/dam-images/fit-in/360x360/Products/19092024_1726738397659_1726738405257_8718452803774_1.png",
    "available": true,
    "promoUntil": null
  },
  {
    "id": "462583DS",
    "title": "Jumbo Brownie Glutenvrij 140 g",
    "category": "Koek, snoep, chocolade en chips",
    "price": 1.9,
    "promoPrice": null,
    "pricePerUnit": "13.57 kg",
    "image": "https://www.jumbo.com/dam-images/fit-in/360x360/Products/08022024_1707359768419_1707359783858_8718452592821_1.png",
    "available": true,
    "promoUntil": null
  },
  {
    "id": "637136TUB",
    "title": "Aquafresh All in One Protection Antibacterial Action Tandpasta 75 ML",
    "category": "Drogisterij en baby",
    "price": 3.79,
    "promoPrice": null,
    "pricePerUnit": "50.53 l",
    "image": "https://www.jumbo.com/dam-images/fit-in/360x360/Products/25062024_1719324899548_1719324901826_637136_TUB_05054563215895_C1N1.png",
    "available": true,
    "promoUntil": null
  },
  {
    "id": "698635DSL",
    "title": "Andrelon Perfecte Krul Shampoo 6 x 300 ML",
    "category": "Drogisterij en baby",
    "price": 38.94,
    "promoPrice": 27.25,
    "pricePerUnit": "25.96 l",
    "image": "https://www.jumbo.com/dam-images/fit-in/360x360/Products/637131DSLe25a3880-f023-4077-a373-71f6ad904b62-1724058681072.png",
    "available": true,
    "promoUntil": "di 7 okt"
  },
  {
    "id": "363849FLS",
    "title": "Go-Tan Fish Sauce Nuoc Mam 145 ml",
    "category": "Wereldkeukens, kruiden, pasta en rijst",
    "price": 2.47,
    "promoPrice": null,
    "pricePerUnit": "17.03 l",
    "image": "https://www.jumbo.com/dam-images/fit-in/360x360/Products/09082023_1691586681374_1691586688687_8710605018684_1.png",
    "available": true,
    "promoUntil": null
  },
  {
    "id": "478040ZK",
    "title": "Jumbo Knapperige Toast 100 g",
    "category": "Koek, snoep, chocolade en chips",
    "price": 1.59,
    "promoPrice": null,
    "pricePerUnit": "15.9 kg",
    "image": "https://www.jumbo.com/dam-images/fit-in/360x360/Products/05022025_1738727960823_1738727974856_478040_ZK_08718452599462_C1N1.png",
    "available": true,
    "promoUntil": null
  },
  {
    "id": "165428FLS",
    "title": "Glühwein - 1L",
    "category": "Bier en wijn",
    "price": 2.73,
    "promoPrice": null,
    "pricePerUnit": "2.73 l",
    "image": "https://www.jumbo.com/dam-images/fit-in/360x360/Products/10082023_1691674930678_1691674952983_8710102333334_1.png",
    "available": true,
    "promoUntil": null
  },
  {
    "id": "559476POT",
    "title": "Jumbo Mix voor Patat - Frites 80 g",
    "category": "Wereldkeukens, kruiden, pasta en rijst",
    "price": 2.27,
    "promoPrice": null,
    "pricePerUnit": "28.38 kg",
    "image": "https://www.jumbo.com/dam-images/fit-in/360x360/Products/14022024_1707873021584_1707873028863_8718452740000_1.png",
    "available": true,
    "promoUntil": null
  },
  {
    "id": "646952PAK",
    "title": "Jumbo Paddenstoelen Mix Aziatische Stijl 150 g",
    "category": "Aardappelen, groente en fruit",
    "price": 2.99,
    "promoPrice": null,
    "pricePerUnit": "19.93 kg",
    "image": "https://www.jumbo.com/dam-images/fit-in/360x360/Products/JumboPaddenstoelenmixAziatischestijltemp7c3ed00d-3012-4987-be49-f3701561e61d-1730792036421.png",
    "available": true,
    "promoUntil": null
  },
  {
    "id": "451512DS",
    "title": "Jos Poell Toast Vierkant 60 g",
    "category": "Koek, snoep, chocolade en chips",
    "price": 0.59,
    "promoPrice": null,
    "pricePerUnit": "9.83 kg",
    "image": "https://www.jumbo.com/dam-images/fit-in/360x360/Products/21022025_1740108764922_1740108777449_8710759022407_1.png",
    "available": true,
    "promoUntil": null
  },
  {
    "id": "623689DS",
    "title": "BioToday Chocolade met Rijstcrisps 100 g",
    "category": "Koek, snoep, chocolade en chips",
    "price": 3.49,
    "promoPrice": null,
    "pricePerUnit": "34.9 kg",
    "image": "https://www.jumbo.com/dam-images/fit-in/360x360/Products/20022025_1740040385708_1740040390036_8719153042493_1.png",
    "available": true,
    "promoUntil": null
  },
  {
    "id": "544043DS",
    "title": "Gourmet Perle Zee Duo Kattenvoer nat",
    "category": "Huishouden en dieren",
    "price": 8.26,
    "promoPrice": null,
    "pricePerUnit": "8.1 kg",
    "image": "https://www.jumbo.com/dam-images/fit-in/360x360/Products/26032025_1742955539402_1742955566793_544043_DS_08445290637635_C1N1_s01.png",
    "available": true,
    "promoUntil": null
  },
  {
    "id": "633931DS",
    "title": "Jumbo Chocoladeletter Hazelnoot Puur S 65 g",
    "category": "Koek, snoep, chocolade en chips",
    "price": 1.29,
    "promoPrice": null,
    "pricePerUnit": "19.85 kg",
    "image": "https://www.jumbo.com/dam-images/fit-in/360x360/Products/02042025_1743604410658_1743604428134_8718452806270_596.png",
    "available": true,
    "promoUntil": null
  },
  {
    "id": "33087FLS",
    "title": "Araldica - D'Asti - Moscato - 750 ML",
    "category": "Bier en wijn",
    "price": 9.29,
    "promoPrice": null,
    "pricePerUnit": "12.39 l",
    "image": "https://www.jumbo.com/dam-images/fit-in/360x360/Products/09082023_1691586970332_1691586973708_8010471002856_1.png",
    "available": true,
    "promoUntil": null
  },
  {
    "id": "89970DS",
    "title": "Dagravit Dora Kids-Xtra multivitaminen gummies, 60 stuks",
    "category": "Drogisterij en baby",
    "price": 14.99,
    "promoPrice": null,
    "pricePerUnit": "0.25 pieces",
    "image": "https://www.jumbo.com/dam-images/fit-in/360x360/Products/24092025_1758672060273_1758672067075_8711744034788_1.png",
    "available": true,
    "promoUntil": null
  },
  {
    "id": "300786STK",
    "title": "Dr. Beckmann Ossengalzeep 100 g",
    "category": "Huishouden en dieren",
    "price": 2.85,
    "promoPrice": null,
    "pricePerUnit": "28.5 kg",
    "image": "https://www.jumbo.com/dam-images/fit-in/360x360/Products/09082023_1691590845157_1691590855893_4008455523118_1.png",
    "available": true,
    "promoUntil": null
  },
  {
    "id": "645597BLK",
    "title": "Bertolli Basis voor Pastasaus met Knoflook en Italiaanse Tomaten 400 g",
    "category": "Wereldkeukens, kruiden, pasta en rijst",
    "price": 1.39,
    "promoPrice": null,
    "pricePerUnit": "3.48 kg",
    "image": "https://www.jumbo.com/dam-images/fit-in/360x360/Products/06112024_1730889185368_1730889191970_8720791223915_1.png",
    "available": true,
    "promoUntil": null
  },
  {
    "id": "703753BLK",
    "title": "Jopen Ongelovige Thomas 330ML",
    "category": "Bier en wijn",
    "price": 2.69,
    "promoPrice": null,
    "pricePerUnit": "8.15 l",
    "image": "https://www.jumbo.com/dam-images/fit-in/360x360/Products/10062025_1749551543826_1749551545054_703753_BLK_08714799302413_A1N1.png",
    "available": true,
    "promoUntil": null
  },
  {
    "id": "553728ZK",
    "title": "Candyman Frisse Watermeloen 180 g",
    "category": "Koek, snoep, chocolade en chips",
    "price": 1.87,
    "promoPrice": null,
    "pricePerUnit": "10.39 kg",
    "image": "https://www.jumbo.com/dam-images/fit-in/360x360/Products/12122023_1702354799695_1702354803423_553728_ZK_08719700009528_C1N1.png",
    "available": true,
    "promoUntil": null
  },
  {
    "id": "674211STK",
    "title": "Courgette met Jumbo's Basilicum Smaak Olie",
    "category": "Aardappelen, groente en fruit",
    "price": 2.84,
    "promoPrice": null,
    "pricePerUnit": "None None",
    "image": "https://www.jumbo.com/dam-images/fit-in/360x360/Products/SmaakmakersDigitalewinkelkaarten01Basilicumolie0f64f840-a3e5-4393-8c5d-f4b7e73e6929-1738326289649.png",
    "available": true,
    "promoUntil": null
  },
  {
    "id": "414115ZK",
    "title": "De Kleine Keuken Biologische Fruitmix Rozijn, Aardbei & Appel 18+ Maanden 6 Stuks 84 g",
    "category": "Drogisterij en baby",
    "price": 2.66,
    "promoPrice": null,
    "pricePerUnit": "31.67 kg",
    "image": "https://www.jumbo.com/dam-images/fit-in/360x360/Products/27122024_1735291743495_1735291747433_8718734492542_1.png",
    "available": true,
    "promoUntil": null
  },
  {
    "id": "695422BUS",
    "title": "Curalyn Multivitaminen & Mineralen Bruistabletten 20 Stuks",
    "category": "Drogisterij en baby",
    "price": 2.49,
    "promoPrice": null,
    "pricePerUnit": "0.12 pieces",
    "image": "https://www.jumbo.com/dam-images/fit-in/360x360/Products/24062025_1750726834802_1750726836765_695422_BUS_08712113661376_C1N1_s01.png",
    "available": true,
    "promoUntil": null
  },
  {
    "id": "633705ZK",
    "title": "De Kleine Keuken Biologische Smikkel Puffs met Banaan & Wortel 7+ Maanden 30 g",
    "category": "Drogisterij en baby",
    "price": 1.87,
    "promoPrice": null,
    "pricePerUnit": "62.33 kg",
    "image": "https://www.jumbo.com/dam-images/fit-in/360x360/Products/24122024_1735040035603_1735040040436_8718734494379_1.png",
    "available": true,
    "promoUntil": null
  },
  {
    "id": "567945FLS",
    "title": "Dettol Zachte Mousse Vanille & Orchidee 250 ml",
    "category": "Drogisterij en baby",
    "price": 3.79,
    "promoPrice": null,
    "pricePerUnit": "15.16 l",
    "image": "https://www.jumbo.com/dam-images/fit-in/360x360/Products/26042024_1714098816044_1714098818328_567945_FLS_03059948006817_C1N1.png",
    "available": true,
    "promoUntil": null
  },
  {
    "id": "202975PAK",
    "title": "Gillette Venus Simply 3 Scheermesjes x4",
    "category": "Drogisterij en baby",
    "price": 4.99,
    "promoPrice": null,
    "pricePerUnit": "1.25 pieces",
    "image": "https://www.jumbo.com/dam-images/fit-in/360x360/Products/23092025_1758585733972_1758585738660_7702018465552_1.png",
    "available": true,
    "promoUntil": null
  },
  {
    "id": "76052STK",
    "title": "Jumbo Knolselderij",
    "category": "Aardappelen, groente en fruit",
    "price": 1.49,
    "promoPrice": null,
    "pricePerUnit": "1.49 pieces",
    "image": "https://www.jumbo.com/dam-images/fit-in/360x360/Products/12122024_1734014721972_1734014729016_25003123_1.png",
    "available": true,
    "promoUntil": null
  },
  {
    "id": "672241DS",
    "title": "Handgebrand Hazelnoten Choco Gemengd 150 g",
    "category": "Vleeswaren, kaas en tapas",
    "price": 4.5,
    "promoPrice": null,
    "pricePerUnit": "30.0 kg",
    "image": "https://www.jumbo.com/dam-images/fit-in/360x360/Products/28022025_1740753170181_1740753181570_8720941908266_1.png",
    "available": true,
    "promoUntil": null
  },
  {
    "id": "475163DS",
    "title": "Jumbo Pangasius Wokblokjes 250 g",
    "category": "Diepvries",
    "price": 2.49,
    "promoPrice": null,
    "pricePerUnit": "9.96 kg",
    "image": "https://www.jumbo.com/dam-images/fit-in/360x360/Products/10082023_1691676434664_1691676451809_8718452581528_1.png",
    "available": true,
    "promoUntil": null
  },
  {
    "id": "678336DS",
    "title": "Gourmet Revelations Stukjes in Gelei met Zalm, 4 x 57g",
    "category": "Huishouden en dieren",
    "price": 3.75,
    "promoPrice": null,
    "pricePerUnit": "16.45 kg",
    "image": "https://www.jumbo.com/dam-images/fit-in/360x360/Products/23092025_1758599625646_1758599672580_678336_DS_08445291447981_C1N1_s01.png",
    "available": true,
    "promoUntil": null
  },
  {
    "id": "557224BUS",
    "title": "Dove Advanced Care Anti-Transpirant Deodorant Spray Original 100 ml",
    "category": "Drogisterij en baby",
    "price": 6.49,
    "promoPrice": null,
    "pricePerUnit": "64.9 l",
    "image": "https://www.jumbo.com/dam-images/fit-in/360x360/Products/14032025_1741921789343_1741921797593_557224_BUS_08720181299902_C1N1.png",
    "available": true,
    "promoUntil": null
  },
  {
    "id": "596242FLS",
    "title": "Jumbo Glans Conditioner 500 ml",
    "category": "Drogisterij en baby",
    "price": 1.99,
    "promoPrice": null,
    "pricePerUnit": "3.98 l",
    "image": "https://www.jumbo.com/dam-images/fit-in/360x360/Products/25032024_1711381872861_1711381876676_8718452775934_1.png",
    "available": true,
    "promoUntil": null
  },
  {
    "id": "718106BUS",
    "title": "Jumbo Peterselie Gedroogd 39 g",
    "category": "Wereldkeukens, kruiden, pasta en rijst",
    "price": 5.24,
    "promoPrice": null,
    "pricePerUnit": "134.36 kg",
    "image": "https://www.jumbo.com/dam-images/fit-in/360x360/Products/09082023_1691581022575_1691581044135_8718452203765_1.png",
    "available": true,
    "promoUntil": null
  },
  {
    "id": "215200STK",
    "title": "Jumbo Smeuïge Risotto met Tomaat 250 g",
    "category": "Wereldkeukens, kruiden, pasta en rijst",
    "price": 2.89,
    "promoPrice": null,
    "pricePerUnit": "11.56 kg",
    "image": "https://www.jumbo.com/dam-images/fit-in/360x360/Products/17092025_1758115989802_1758115995825_8718452333691_1.png",
    "available": true,
    "promoUntil": null
  },
  {
    "id": "383779ZK",
    "title": "Jumbo Volledig Diervoeder Katten Senior Kip & Rijst 800 g",
    "category": "Huishouden en dieren",
    "price": 4.64,
    "promoPrice": null,
    "pricePerUnit": "5.8 kg",
    "image": "https://www.jumbo.com/dam-images/fit-in/360x360/Products/09082023_1691587558812_1691587574688_8718452476763_1.png",
    "available": true,
    "promoUntil": null
  },
  {
    "id": "685499BLS",
    "title": "Duracell Knoopcel CR2032 2 Stuks",
    "category": "Non-food en servicebalie",
    "price": 7.69,
    "promoPrice": null,
    "pricePerUnit": "3.85 pieces",
    "image": "https://www.jumbo.com/dam-images/fit-in/360x360/Products/09042025_1744156913660_1744156919650_5000394203921_1.png",
    "available": true,
    "promoUntil": null
  },
  {
    "id": "576798ZK",
    "title": "Ella's Kitchen Organic Mangoes 4m+ 70 g",
    "category": "Drogisterij en baby",
    "price": 1.57,
    "promoPrice": null,
    "pricePerUnit": "22.43 kg",
    "image": "https://www.jumbo.com/dam-images/fit-in/360x360/Products/22062025_1750556273542_1750556280025_576798_ZK_05060107339750_C1N1.png",
    "available": true,
    "promoUntil": null
  },
  {
    "id": "678433ZK",
    "title": "HEMA Etiketten 120 Stuks",
    "category": "Non-food en servicebalie",
    "price": 1.39,
    "promoPrice": null,
    "pricePerUnit": "0.01 pieces",
    "image": "https://www.jumbo.com/dam-images/fit-in/360x360/Products/07022025_1738916294992_1738916298598_678433_ZK_08716618909056_C1N1.png",
    "available": true,
    "promoUntil": null
  },
  {
    "id": "97005FLS",
    "title": "Inproba Ketjap Asin 250 ml",
    "category": "Wereldkeukens, kruiden, pasta en rijst",
    "price": 1.29,
    "promoPrice": null,
    "pricePerUnit": "5.16 l",
    "image": "https://www.jumbo.com/dam-images/fit-in/360x360/Products/08092023_1694141855678_1694141859018_97005_FLS_08710518732295_C1N1.png",
    "available": true,
    "promoUntil": null
  },
  {
    "id": "694846DS",
    "title": "Isla Moos Keelpastilles 30 Stuks",
    "category": "Drogisterij en baby",
    "price": 5.99,
    "promoPrice": null,
    "pricePerUnit": "0.2 pieces",
    "image": "https://www.jumbo.com/dam-images/fit-in/360x360/Products/23042025_1745399781810_1745399787756_694846_DS_04104480465314_C1N1_s01.png",
    "available": true,
    "promoUntil": null
  },
  {
    "id": "711656STK",
    "title": "Jumbo Fijne Mousse met Rund 4 x 85 g",
    "category": "Huishouden en dieren",
    "price": 2.36,
    "promoPrice": null,
    "pricePerUnit": "None None",
    "image": "https://www.jumbo.com/dam-images/fit-in/360x360/Products/2025847461ca5ed8-3075-4810-86c1-cd31fd67da91-1753784923254.png",
    "available": true,
    "promoUntil": null
  },
  {
    "id": "575939CUP",
    "title": "Jumbo Ongezouten Pistachenoten 140 g",
    "category": "Koek, snoep, chocolade en chips",
    "price": 3.49,
    "promoPrice": null,
    "pricePerUnit": "24.93 kg",
    "image": "https://www.jumbo.com/dam-images/fit-in/360x360/Products/29042025_1745937193433_1745937198057_8718452738960_1.png",
    "available": true,
    "promoUntil": null
  },
  {
    "id": "627842POT",
    "title": "Jumbo Biologisch Babyvoeding Wortel, Tomaat & Macaroni 15+ Maanden 250 g",
    "category": "Drogisterij en baby",
    "price": 1.48,
    "promoPrice": null,
    "pricePerUnit": "5.92 kg",
    "image": "https://www.jumbo.com/dam-images/fit-in/360x360/Products/22072024_1721659043558_1721659051549_8718452803903_1.png",
    "available": true,
    "promoUntil": null
  },
  {
    "id": "633350STK",
    "title": "Jumbo Biologisch Babyvoeding Groenten Aardappel & Rundvlees 15+ Maanden 250 g",
    "category": "Drogisterij en baby",
    "price": 1.48,
    "promoPrice": null,
    "pricePerUnit": "5.92 kg",
    "image": "https://www.jumbo.com/dam-images/fit-in/360x360/Products/26082024_1724675598309_1724675605307_8718452803927_1.png",
    "available": true,
    "promoUntil": null
  },
  {
    "id": "640411FLS",
    "title": "HG Glasreiniger 500ml",
    "category": "Huishouden en dieren",
    "price": 3.99,
    "promoPrice": null,
    "pricePerUnit": "7.98 l",
    "image": "https://www.jumbo.com/dam-images/fit-in/360x360/Products/16072024_1721108773175_1721108777442_640411_FLS_08711577189655_C1N1.png",
    "available": true,
    "promoUntil": null
  },
  {
    "id": "620382STK",
    "title": "Jumbo Babyvoeding Biologisch Aardappel, Groenten & Rund 6+ Maanden 190 g",
    "category": "Drogisterij en baby",
    "price": 1.18,
    "promoPrice": null,
    "pricePerUnit": "6.21 kg",
    "image": "https://www.jumbo.com/dam-images/fit-in/360x360/Products/15052024_1715790913292_1715790925931_8718452803798_1.png",
    "available": true,
    "promoUntil": null
  },
  {
    "id": "655268KGR",
    "title": "Jumbo Danablu Kaas ca. 150 g",
    "category": "Vleeswaren, kaas en tapas",
    "price": 2.85,
    "promoPrice": null,
    "pricePerUnit": "18.99 kg",
    "image": "https://www.jumbo.com/dam-images/fit-in/360x360/Products/09072024_1720517787488_1720517792074_2349043000000_1.png",
    "available": true,
    "promoUntil": null
  },
  {
    "id": "156195PAK",
    "title": "Dors - Cerveza Mexicaanse Stijl Bier - Fles - 6 x 330 ML",
    "category": "Bier en wijn",
    "price": 4.99,
    "promoPrice": null,
    "pricePerUnit": "2.52 l",
    "image": "https://www.jumbo.com/dam-images/fit-in/360x360/Products/14022024_1707873643044_1707873668924_8718452667215_596.png",
    "available": true,
    "promoUntil": null
  },
  {
    "id": "195813STK",
    "title": "Jumbo Sambal Brandal 200 g",
    "category": "Wereldkeukens, kruiden, pasta en rijst",
    "price": 1.69,
    "promoPrice": null,
    "pricePerUnit": "8.45 kg",
    "image": "https://www.jumbo.com/dam-images/fit-in/360x360/Products/09082023_1691584855730_1691584867716_8718452274758_1.png",
    "available": true,
    "promoUntil": null
  },
  {
    "id": "656585DS",
    "title": "JOZO Sea Salt Coarse 500 g",
    "category": "Wereldkeukens, kruiden, pasta en rijst",
    "price": 1.87,
    "promoPrice": null,
    "pricePerUnit": "3.74 kg",
    "image": "https://www.jumbo.com/dam-images/fit-in/360x360/Products/10052025_1746845135162_1746845149889_656585_DS_08715800101940_C1N1.png",
    "available": true,
    "promoUntil": null
  },
  {
    "id": "669624FLS",
    "title": "Barbár Rouge Bier 330ML",
    "category": "Bier en wijn",
    "price": 2.79,
    "promoPrice": null,
    "pricePerUnit": "8.45 l",
    "image": "https://www.jumbo.com/dam-images/fit-in/360x360/Products/16122024_1734363477582_1734363481982_669624_FLS_05411676100867_C1N1.png",
    "available": true,
    "promoUntil": null
  },
  {
    "id": "695126FLS",
    "title": "Dove Advanced Care Deodorant Roller Invisible Dry 50 ML",
    "category": "Drogisterij en baby",
    "price": 5.49,
    "promoPrice": null,
    "pricePerUnit": "109.8 l",
    "image": "https://www.jumbo.com/dam-images/fit-in/360x360/Products/20082025_1755652590146_1755652603495_695126_FLS_00000059084051_C1N1.png",
    "available": true,
    "promoUntil": null
  },
  {
    "id": "667116STK",
    "title": "HEMA Herdenkingslicht Ster",
    "category": "Non-food en servicebalie",
    "price": 2.99,
    "promoPrice": null,
    "pricePerUnit": "2.99 pieces",
    "image": "https://www.jumbo.com/dam-images/fit-in/360x360/Products/03122024_1733226731653_1733226737160_667116_STK_08718537387311_C1N1.png",
    "available": true,
    "promoUntil": null
  },
  {
    "id": "575938ZK",
    "title": "Jumbo Borrelzoutjes BBQ Stijl Rijstcookies 150 g",
    "category": "Koek, snoep, chocolade en chips",
    "price": 2.99,
    "promoPrice": null,
    "pricePerUnit": "19.93 kg",
    "image": "https://www.jumbo.com/dam-images/fit-in/360x360/Products/22032025_1742609624993_1742609641974_575938_ZK_08718452707720_C1N1.png",
    "available": true,
    "promoUntil": null
  },
  {
    "id": "450464DS",
    "title": "Jumbo Broomhexine drank 8mg/5ml SV 150ml",
    "category": "Drogisterij en baby",
    "price": 4.79,
    "promoPrice": null,
    "pricePerUnit": "31.93 l",
    "image": "https://www.jumbo.com/dam-images/fit-in/360x360/Products/24092025_1758672137380_1758672144245_8718452504404_1.png",
    "available": true,
    "promoUntil": null
  },
  {
    "id": "185551STK",
    "title": "Jumbo Caisse Cakejes Chocolade 6 Stuks",
    "category": "Koek, snoep, chocolade en chips",
    "price": 3.09,
    "promoPrice": null,
    "pricePerUnit": "12.88 kg",
    "image": "https://www.jumbo.com/dam-images/fit-in/360x360/Products/29092023_1695995015011_1695995021068_8718452408504_1.png",
    "available": true,
    "promoUntil": null
  },
  {
    "id": "369990FLS",
    "title": "Amayan - Malbec - 750ML",
    "category": "Bier en wijn",
    "price": 4.49,
    "promoPrice": null,
    "pricePerUnit": "5.99 l",
    "image": "https://www.jumbo.com/dam-images/fit-in/360x360/Products/18092023_1695046014081_1695046016043_7798304610027_1.png",
    "available": true,
    "promoUntil": null
  },
  {
    "id": "92482TUB",
    "title": "Aquafresh White & Shine Tandpasta voor wittere tanden 75 ml",
    "category": "Drogisterij en baby",
    "price": 3.99,
    "promoPrice": null,
    "pricePerUnit": "53.2 l",
    "image": "https://www.jumbo.com/dam-images/fit-in/360x360/Products/05092025_1757039627185_1757039629783_92482_TUB_08710464120054_C1N1.png",
    "available": true,
    "promoUntil": null
  },
  {
    "id": "369968FLS",
    "title": "Bradshaw - Merlot - 750ML",
    "category": "Bier en wijn",
    "price": 3.99,
    "promoPrice": null,
    "pricePerUnit": "5.32 l",
    "image": "https://www.jumbo.com/dam-images/fit-in/360x360/Products/05102023_1696523767308_1696523772693_5052898004290_1.png",
    "available": true,
    "promoUntil": null
  },
  {
    "id": "387032STK",
    "title": "Daro Alle Hoest siroop junior, 150 ml",
    "category": "Drogisterij en baby",
    "price": 12.99,
    "promoPrice": null,
    "pricePerUnit": "86.6 l",
    "image": "https://www.jumbo.com/dam-images/fit-in/360x360/Products/24092025_1758672135999_1758672144477_8714319223051_1.png",
    "available": true,
    "promoUntil": null
  },
  {
    "id": "680080FLS",
    "title": "DermaXPro by Head & Shoulders Verzachtende Hoofdhuidverzorging 145ml Met Aloë vera-extract",
    "category": "Drogisterij en baby",
    "price": 7.99,
    "promoPrice": null,
    "pricePerUnit": "55.1 l",
    "image": "https://www.jumbo.com/dam-images/fit-in/360x360/Products/15082025_1755216056931_1755216060135_8700216533010_1.png",
    "available": true,
    "promoUntil": null
  },
  {
    "id": "603579BLK",
    "title": "Brand Neipa New England IPA Bier Blik 330ml",
    "category": "Bier en wijn",
    "price": 1.69,
    "promoPrice": null,
    "pricePerUnit": "5.12 l",
    "image": "https://www.jumbo.com/dam-images/fit-in/360x360/Products/07012025_1736267695741_1736267702463_8723200102672_1.png",
    "available": true,
    "promoUntil": null
  },
  {
    "id": "167798ZK",
    "title": " Brood van Soma Rozijnen Noten Bruin Rogge-Tarwebrood 400 g",
    "category": "Brood en gebak",
    "price": 1.79,
    "promoPrice": null,
    "pricePerUnit": "4.48 kg",
    "image": "https://www.jumbo.com/dam-images/fit-in/360x360/Products/08042025_1744097626471_1744097634901_8710899000013_1.png",
    "available": true,
    "promoUntil": null
  },
  {
    "id": "656306ZK",
    "title": "Aardappelen Kriel Mix 500 g",
    "category": "Aardappelen, groente en fruit",
    "price": 1.99,
    "promoPrice": null,
    "pricePerUnit": "3.98 kg",
    "image": "https://www.jumbo.com/dam-images/fit-in/360x360/Products/12092025_1757684030767_1757684038583_8710251803092_1.png",
    "available": true,
    "promoUntil": null
  },
  {
    "id": "648393STK",
    "title": "Curalyn inhalatie zalf 50gr",
    "category": "Drogisterij en baby",
    "price": 5.99,
    "promoPrice": null,
    "pricePerUnit": "119.8 kg",
    "image": "https://www.jumbo.com/dam-images/fit-in/360x360/Products/24092025_1758672093435_1758672099726_8712113654798_1.png",
    "available": true,
    "promoUntil": null
  },
  {
    "id": "670791STK",
    "title": "HEMA 24 Viltstiften",
    "category": "Non-food en servicebalie",
    "price": 3.79,
    "promoPrice": null,
    "pricePerUnit": "0.16 pieces",
    "image": "https://www.jumbo.com/dam-images/fit-in/360x360/Products/11042025_1744336920849_1744336925768_670791_STK_08718537664207_C1N1.png",
    "available": true,
    "promoUntil": null
  },
  {
    "id": "678533ZK",
    "title": "HEMA Folie Ballon Happy Birthday 44 cm",
    "category": "Non-food en servicebalie",
    "price": 2.99,
    "promoPrice": null,
    "pricePerUnit": "2.99 pieces",
    "image": "https://www.jumbo.com/dam-images/fit-in/360x360/Products/09082023_1691587040923_1691587059782_8713745294284_1.png",
    "available": true,
    "promoUntil": null
  },
  {
    "id": "672225DS",
    "title": "Handgebrand Dé Lekkerste Borrelmix Gezouten 230 g",
    "category": "Vleeswaren, kaas en tapas",
    "price": 3.99,
    "promoPrice": null,
    "pricePerUnit": "17.35 kg",
    "image": "https://www.jumbo.com/dam-images/fit-in/360x360/Products/25022025_1740474237149_1740474246795_8720941907955_1.png",
    "available": true,
    "promoUntil": null
  },
  {
    "id": "672226DS",
    "title": "Handgebrand Bourgondische Notenmix Gezouten 180 g",
    "category": "Vleeswaren, kaas en tapas",
    "price": 3.99,
    "promoPrice": null,
    "pricePerUnit": "22.17 kg",
    "image": "https://www.jumbo.com/dam-images/fit-in/360x360/Products/25022025_1740474237056_1740474243327_8720941907863_1.png",
    "available": true,
    "promoUntil": null
  },
  {
    "id": "646836ZK",
    "title": "Barilla Al Bronzo Penne Rigate N. 352 500g",
    "category": "Wereldkeukens, kruiden, pasta en rijst",
    "price": 2.49,
    "promoPrice": null,
    "pricePerUnit": "4.98 kg",
    "image": "https://www.jumbo.com/dam-images/fit-in/360x360/Products/22082024_1724306660316_1724306664134_646836_ZK_08076809585200_C1N1.png",
    "available": true,
    "promoUntil": null
  },
  {
    "id": "672752FLS",
    "title": "Jumbo Eco Wasverzachter 750ML",
    "category": "Huishouden en dieren",
    "price": 1.49,
    "promoPrice": null,
    "pricePerUnit": "1.99 l",
    "image": "https://www.jumbo.com/dam-images/fit-in/360x360/Products/13122024_1734096795826_1734096799873_8718452829200_1.png",
    "available": true,
    "promoUntil": null
  },
  {
    "id": "586498FLS",
    "title": "Château Méjean Graves - 750ML",
    "category": "Bier en wijn",
    "price": 13.99,
    "promoPrice": null,
    "pricePerUnit": "18.65 l",
    "image": "https://www.jumbo.com/dam-images/fit-in/360x360/Products/16042024_1713274451918_1713274455192_3760147580212_1.png",
    "available": true,
    "promoUntil": null
  },
  {
    "id": "475081DS",
    "title": "Clairivo Zwangerschapstest, 2 stuks",
    "category": "Drogisterij en baby",
    "price": 9.99,
    "promoPrice": null,
    "pricePerUnit": "249.75 kg",
    "image": "https://www.jumbo.com/dam-images/fit-in/360x360/Products/24092025_1758672136572_1758672143008_6942468133651_1.png",
    "available": true,
    "promoUntil": null
  },
  {
    "id": "703979DS",
    "title": "Jumbo Fruitsalade Ananas - Cantaloupe - Groene Appel - Blauwe Bes 225 g",
    "category": "Aardappelen, groente en fruit",
    "price": 2.75,
    "promoPrice": null,
    "pricePerUnit": "12.22 kg",
    "image": "https://www.jumbo.com/dam-images/fit-in/360x360/Products/25082025_1756132373036_1756132379636_8718452940097_1.png",
    "available": true,
    "promoUntil": null
  },
  {
    "id": "288434DS",
    "title": "Jumbo Half Volkoren Risotto Arborio 250 g",
    "category": "Wereldkeukens, kruiden, pasta en rijst",
    "price": 2.29,
    "promoPrice": null,
    "pricePerUnit": "9.16 kg",
    "image": "https://www.jumbo.com/dam-images/fit-in/360x360/Products/09082023_1691586030663_1691586046529_8718452380213_1.png",
    "available": true,
    "promoUntil": null
  },
  {
    "id": "507406FLS",
    "title": "Garnier Loving Blends - Conditioner - Avocado Olie & Shea Boter - 250 ml",
    "category": "Drogisterij en baby",
    "price": 5.99,
    "promoPrice": null,
    "pricePerUnit": "23.96 l",
    "image": "https://www.jumbo.com/dam-images/fit-in/360x360/Products/06072024_1720235079250_1720235082247_507406_FLS_03600542461092_C1N1.png",
    "available": true,
    "promoUntil": null
  },
  {
    "id": "462890ZK",
    "title": "Jumbo Rode Gourmand Vastkokend 750 g",
    "category": "Aardappelen, groente en fruit",
    "price": 1.99,
    "promoPrice": null,
    "pricePerUnit": "2.65 kg",
    "image": "https://www.jumbo.com/dam-images/fit-in/360x360/Products/29092023_1695995345234_1695995349870_8718452592555_1.png",
    "available": true,
    "promoUntil": null
  },
  {
    "id": "169864TUB",
    "title": "Jumbo Roomijs Karamel Vanille Smaak 100 g",
    "category": "Diepvries",
    "price": 1.39,
    "promoPrice": null,
    "pricePerUnit": "6.95 l",
    "image": "https://www.jumbo.com/dam-images/fit-in/360x360/Products/04072025_1751617992173_1751617998324_8718452774562_1.png",
    "available": true,
    "promoUntil": null
  },
  {
    "id": "648335STK",
    "title": "Biodermal Spierverkoeler Biofreeze Gel 118 ML",
    "category": "Drogisterij en baby",
    "price": 14.99,
    "promoPrice": null,
    "pricePerUnit": "127.03 l",
    "image": "https://www.jumbo.com/dam-images/fit-in/360x360/Products/30082024_1725006911339_1725006915304_648335_STK_00731124402677_C1N1.png",
    "available": true,
    "promoUntil": null
  },
  {
    "id": "592214ZK",
    "title": "Casa Mayor Snacks Gefrituurde en Gezouten Mais 400 g",
    "category": "Wereldkeukens, kruiden, pasta en rijst",
    "price": 2.49,
    "promoPrice": null,
    "pricePerUnit": "6.23 kg",
    "image": "https://www.jumbo.com/dam-images/fit-in/360x360/Products/27072024_1722043049722_1722043056434_592214_ZK_08425408220539_C1N1.png",
    "available": true,
    "promoUntil": null
  },
  {
    "id": "633866ZK",
    "title": "Ella's Kitchen Organic Ovenschotel met Rundvlees + Kaneel 10+ Maanden 190 g",
    "category": "Drogisterij en baby",
    "price": 2.96,
    "promoPrice": null,
    "pricePerUnit": "15.58 kg",
    "image": "https://www.jumbo.com/dam-images/fit-in/360x360/Products/11072024_1720679776206_1720679780206_5060503505421_1.png",
    "available": true,
    "promoUntil": null
  },
  {
    "id": "599908DS",
    "title": "Fazer Willja Granenmix Biologisch 400 g",
    "category": "Wereldkeukens, kruiden, pasta en rijst",
    "price": 1.99,
    "promoPrice": null,
    "pricePerUnit": "4.98 kg",
    "image": "https://www.jumbo.com/dam-images/fit-in/360x360/Products/10042025_1744247983185_1744247998148_599908_DS_07312560036324_A1N1.png",
    "available": true,
    "promoUntil": null
  },
  {
    "id": "667435STK",
    "title": "HEMA Tafelkleed Streep 1 Stuks",
    "category": "Non-food en servicebalie",
    "price": 3.0,
    "promoPrice": null,
    "pricePerUnit": "3.0 pieces",
    "image": "https://www.jumbo.com/dam-images/fit-in/360x360/Products/04122024_1733304270620_1733304273583_667435_STK_08720354508930_C1N1.png",
    "available": true,
    "promoUntil": null
  },
  {
    "id": "570745STK",
    "title": "Jumbo Fruit Pakket",
    "category": "Aardappelen, groente en fruit",
    "price": 7.07,
    "promoPrice": null,
    "pricePerUnit": "None None",
    "image": "https://www.jumbo.com/dam-images/fit-in/360x360/Products/570745STK25684295-af85-40f9-a2d6-4e2737558faa-1739190045771.png",
    "available": true,
    "promoUntil": null
  },
  {
    "id": "381260STK",
    "title": "Jumbo Stofzuigerzakken met Filter 4 Stuks",
    "category": "Huishouden en dieren",
    "price": 4.54,
    "promoPrice": null,
    "pricePerUnit": "1.14 pieces",
    "image": "https://www.jumbo.com/dam-images/fit-in/360x360/Products/09082023_1691587685497_1691587706201_8718452468386_1.png",
    "available": true,
    "promoUntil": null
  },
  {
    "id": "583030PAK",
    "title": "B'tween BIG Mueslireep Gezouten Karamel 40 g",
    "category": "Koek, snoep, chocolade en chips",
    "price": 1.49,
    "promoPrice": null,
    "pricePerUnit": "37.25 kg",
    "image": "https://www.jumbo.com/dam-images/fit-in/360x360/Products/15052025_1747277160870_1747277164843_583030_PAK_08713500013099_C1N1.png",
    "available": true,
    "promoUntil": null
  },
  {
    "id": "680004STK",
    "title": "HEMA Badstof Elastiekjes 10 Stuks",
    "category": "Drogisterij en baby",
    "price": 2.49,
    "promoPrice": null,
    "pricePerUnit": "0.25 pieces",
    "image": "https://www.jumbo.com/dam-images/fit-in/360x360/Products/14022025_1739540109993_1739540114959_680004_STK_08718161561330_C1N1.png",
    "available": true,
    "promoUntil": null
  },
  {
    "id": "702268DS",
    "title": "Durex Condooms Classic Natural 20 Stuks",
    "category": "Drogisterij en baby",
    "price": 17.99,
    "promoPrice": null,
    "pricePerUnit": "0.9 pieces",
    "image": "https://www.jumbo.com/dam-images/fit-in/360x360/Products/02062025_1748871889895_1748871895350_702268_DS_05052197045154_C1N1.png",
    "available": true,
    "promoUntil": null
  },
  {
    "id": "711309FLS",
    "title": "Acqua Panna Niet-Bruisend Mineraalwater 1L",
    "category": "Frisdrank en sappen",
    "price": 1.34,
    "promoPrice": null,
    "pricePerUnit": "1.34 l",
    "image": "https://www.jumbo.com/dam-images/fit-in/360x360/Products/24072025_1753367776199_1753367804940_711309_FLS_08000815065289_C1N1_s01.png",
    "available": true,
    "promoUntil": null
  },
  {
    "id": "609190PAK",
    "title": "CoolBest FruitDrink Strawberry 1 L",
    "category": "Frisdrank en sappen",
    "price": 2.29,
    "promoPrice": null,
    "pricePerUnit": "2.29 l",
    "image": "https://www.jumbo.com/dam-images/fit-in/360x360/Products/16092025_1758033291463_1758033296353_8720157401247_1.png",
    "available": true,
    "promoUntil": null
  },
  {
    "id": "622027DS",
    "title": "Dettol Hygienische Doekjes  30 Stuks",
    "category": "Huishouden en dieren",
    "price": 2.49,
    "promoPrice": null,
    "pricePerUnit": "0.08 pieces",
    "image": "https://www.jumbo.com/dam-images/fit-in/360x360/Products/26042024_1714100319251_1714100321468_622027_DS_08710552313313_A1N1.png",
    "available": true,
    "promoUntil": null
  },
  {
    "id": "568341ZK",
    "title": "Espinaler Premium Patatas De Corte Grueso 150 g",
    "category": "Vleeswaren, kaas en tapas",
    "price": 2.99,
    "promoPrice": null,
    "pricePerUnit": "19.93 kg",
    "image": "https://www.jumbo.com/dam-images/fit-in/360x360/Products/14022024_1707873715419_1707873720951_8427230015239_1.png",
    "available": true,
    "promoUntil": null
  },
  {
    "id": "568684DS",
    "title": "Fluimucil hoestdrank 20 mg/ml framboos",
    "category": "Drogisterij en baby",
    "price": 12.99,
    "promoPrice": null,
    "pricePerUnit": "64.95 l",
    "image": "https://www.jumbo.com/dam-images/fit-in/360x360/Products/24092025_1758672092731_1758672096794_8717056281056_1.png",
    "available": true,
    "promoUntil": null
  },
  {
    "id": "678384BLS",
    "title": "HEMA Fietslampjes zwart basic",
    "category": "Non-food en servicebalie",
    "price": 3.69,
    "promoPrice": null,
    "pricePerUnit": "3.69 pieces",
    "image": "https://www.jumbo.com/dam-images/fit-in/360x360/Products/06022025_1738858932756_1738858935300_678384_BLS_08720354609729_C1N1.png",
    "available": true,
    "promoUntil": null
  },
  {
    "id": "501920ZK",
    "title": "Jumbo Biologisch Ongebrande Cashewnoten 175 g",
    "category": "Aardappelen, groente en fruit",
    "price": 4.69,
    "promoPrice": null,
    "pricePerUnit": "26.8 kg",
    "image": "https://www.jumbo.com/dam-images/fit-in/360x360/Products/09082023_1691590100310_1691590192881_8718452633593_1.png",
    "available": true,
    "promoUntil": null
  },
  {
    "id": "494284DS",
    "title": "Colgate Max White One Whitening Tandpasta 75ml",
    "category": "Drogisterij en baby",
    "price": 5.49,
    "promoPrice": null,
    "pricePerUnit": "73.2 l",
    "image": "https://www.jumbo.com/dam-images/fit-in/360x360/Products/08718951484672C1N159304c25-a829-4b57-b8d9-be4f0d4ddc82-1721994353812.png",
    "available": true,
    "promoUntil": null
  },
  {
    "id": "538303PAK",
    "title": "Bavaria - Pilsener - Blik - 6 x 330ML",
    "category": "Bier en wijn",
    "price": 5.99,
    "promoPrice": null,
    "pricePerUnit": "3.03 l",
    "image": "https://www.jumbo.com/dam-images/fit-in/360x360/Products/08714800046640H1N16ac387c2-4bc1-46d1-bfdc-48f56fa73506-1719316576676.png",
    "available": true,
    "promoUntil": null
  },
  {
    "id": "711881TRA",
    "title": "Jumbo Familieschotel Lasagnette met Bechamelsaus, Groenten en Rundergehakt 900 g",
    "category": "Verse maaltijden en gemak",
    "price": 7.99,
    "promoPrice": 5.99,
    "pricePerUnit": "6.66 kg",
    "image": "https://www.jumbo.com/dam-images/fit-in/360x360/Products/22092025_1758566030139_1758566038178_8718452951789_1.png",
    "available": true,
    "promoUntil": "di 7 okt"
  },
  {
    "id": "611721ZK",
    "title": "Jumbo Opbakaardappelen Provençaals met Schil 450 g",
    "category": "Aardappelen, groente en fruit",
    "price": 1.49,
    "promoPrice": null,
    "pricePerUnit": "3.31 kg",
    "image": "https://www.jumbo.com/dam-images/fit-in/360x360/Products/03042024_1712136908400_1712136915593_8718452802098_1.png",
    "available": true,
    "promoUntil": null
  },
  {
    "id": "672958CUP",
    "title": "Jumbo Spicy Garnalen Salade 150 g",
    "category": "Vleeswaren, kaas en tapas",
    "price": 2.55,
    "promoPrice": null,
    "pricePerUnit": "17.0 kg",
    "image": "https://www.jumbo.com/dam-images/fit-in/360x360/Products/26052025_1748244747794_1748244756661_8718452904150_1.png",
    "available": true,
    "promoUntil": null
  },
  {
    "id": "621395STK",
    "title": "Jumbo Luierbroekjes Maat 5 12-17 kg 20 Stuks",
    "category": "Drogisterij en baby",
    "price": 5.39,
    "promoPrice": null,
    "pricePerUnit": "0.27 pieces",
    "image": "https://www.jumbo.com/dam-images/fit-in/360x360/Products/12122024_1734014703930_1734014707422_8718452668335_1.png",
    "available": true,
    "promoUntil": null
  },
  {
    "id": "667170BLK",
    "title": "Brand Garage Mango Mama 330ML",
    "category": "Frisdrank en sappen",
    "price": 1.79,
    "promoPrice": null,
    "pricePerUnit": "5.42 l",
    "image": "https://www.jumbo.com/dam-images/fit-in/360x360/Products/03122024_1733228207736_1733228214865_667170_BLK_04260370660730_C1N1.png",
    "available": true,
    "promoUntil": null
  },
  {
    "id": "379314BLK",
    "title": "Barkleys™ Intense Pepermuntjes 50 g",
    "category": "Koek, snoep, chocolade en chips",
    "price": 1.89,
    "promoPrice": null,
    "pricePerUnit": "37.8 kg",
    "image": "https://www.jumbo.com/dam-images/fit-in/360x360/Products/12122024_1734014484946_1734014490791_87313260_1.png",
    "available": true,
    "promoUntil": null
  },
  {
    "id": "683446PAK",
    "title": "Cote D'or Zwart Met Amandelen Chocolade Tablet 180g",
    "category": "Koek, snoep, chocolade en chips",
    "price": 5.73,
    "promoPrice": null,
    "pricePerUnit": "31.83 kg",
    "image": "https://www.jumbo.com/dam-images/fit-in/360x360/Products/16072025_1752630692406_1752630734672_683446_PAK_07622210996176_H1N1_s01.png",
    "available": true,
    "promoUntil": null
  },
  {
    "id": "680210ZK",
    "title": "HEMA Wijnopener",
    "category": "Non-food en servicebalie",
    "price": 5.99,
    "promoPrice": null,
    "pricePerUnit": "5.99 pieces",
    "image": "https://www.jumbo.com/dam-images/fit-in/360x360/Products/17022025_1739787790991_1739787798412_680210_ZK_08718537865604_C1N1.png",
    "available": true,
    "promoUntil": null
  },
  {
    "id": "626947TRA",
    "title": "Jumbo Prosciutto Crudo 'Nduja 50 g",
    "category": "Vleeswaren, kaas en tapas",
    "price": 2.19,
    "promoPrice": null,
    "pricePerUnit": "43.8 kg",
    "image": "https://www.jumbo.com/dam-images/fit-in/360x360/Products/17092024_1726580062528_1726580070153_8718452853083_1.png",
    "available": true,
    "promoUntil": null
  },
  {
    "id": "69469PAK",
    "title": "Jumbo Pudding Cakeblokjes met Vanillesmaak 6 Stuks 300g",
    "category": "Koek, snoep, chocolade en chips",
    "price": 2.79,
    "promoPrice": null,
    "pricePerUnit": "9.3 kg",
    "image": "https://www.jumbo.com/dam-images/fit-in/360x360/Products/29092023_1695995098061_1695995102467_8718452387199_1.png",
    "available": true,
    "promoUntil": null
  },
  {
    "id": "596961FLS",
    "title": "Jumbo Volume Shampoo Kokos 500 ml",
    "category": "Drogisterij en baby",
    "price": 2.82,
    "promoPrice": null,
    "pricePerUnit": "5.64 l",
    "image": "https://www.jumbo.com/dam-images/fit-in/360x360/Products/25032024_1711381813327_1711381817334_8718452775897_1.png",
    "available": true,
    "promoUntil": null
  },
  {
    "id": "473376STK",
    "title": "Azaron Anti-Muggen spray 50% DEET, 50 ml",
    "category": "Drogisterij en baby",
    "price": 13.49,
    "promoPrice": null,
    "pricePerUnit": "269.8 l",
    "image": "https://www.jumbo.com/dam-images/fit-in/360x360/Products/24092025_1758672062107_1758672066876_8710537042764_1.png",
    "available": true,
    "promoUntil": null
  },
  {
    "id": "561686PAK",
    "title": "De Kleine Keuken Biologische Chocokoekjes 18+ Maanden 6 x 2 Stuks 150 g",
    "category": "Drogisterij en baby",
    "price": 3.26,
    "promoPrice": null,
    "pricePerUnit": "21.73 kg",
    "image": "https://www.jumbo.com/dam-images/fit-in/360x360/Products/24122024_1735036375820_1735036383508_8718734493853_1.png",
    "available": true,
    "promoUntil": null
  },
  {
    "id": "539058BLK",
    "title": "Bullit Energy Drink Suikervrij Crazy Passion 250ml",
    "category": "Frisdrank en sappen",
    "price": 0.99,
    "promoPrice": null,
    "pricePerUnit": "3.96 l",
    "image": "https://www.jumbo.com/dam-images/fit-in/360x360/Products/25032024_1711381690872_1711381696750_9008703000809_1.png",
    "available": true,
    "promoUntil": null
  },
  {
    "id": "206430FLS",
    "title": "Fever-Tree Elderflower Tonic Water 500 ml",
    "category": "Frisdrank en sappen",
    "price": 3.49,
    "promoPrice": null,
    "pricePerUnit": "6.98 l",
    "image": "https://www.jumbo.com/dam-images/fit-in/360x360/Products/13122023_1702437723089_1702437726109_206430_FLS_05060108450881_C1N1.png",
    "available": true,
    "promoUntil": null
  },
  {
    "id": "468006STK",
    "title": "HEMA Rustiek Kaars 8cm Ivoor",
    "category": "Non-food en servicebalie",
    "price": 2.19,
    "promoPrice": null,
    "pricePerUnit": "2.19 pieces",
    "image": "https://www.jumbo.com/dam-images/fit-in/360x360/Products/09082023_1691587398402_1691587407815_8713475382985_1.png",
    "available": true,
    "promoUntil": null
  },
  {
    "id": "640578BUS",
    "title": "HG X Spray Tegen Zilvervisjes 400 ml",
    "category": "Non-food en servicebalie",
    "price": 17.29,
    "promoPrice": null,
    "pricePerUnit": "43.23 l",
    "image": "https://www.jumbo.com/dam-images/fit-in/360x360/Products/08711577110086C1N10a48cbb9-f9ae-444e-97ee-069a917d3fa5-1741251796490.png",
    "available": true,
    "promoUntil": null
  },
  {
    "id": "224510STK",
    "title": "Jordan Tandpasta Milde Frambozensmaak 0-5 Jaar 50 ml",
    "category": "Drogisterij en baby",
    "price": 1.99,
    "promoPrice": null,
    "pricePerUnit": "39.8 l",
    "image": "https://www.jumbo.com/dam-images/fit-in/360x360/Products/09082023_1691585198898_1691585208710_7046110071519_1.png",
    "available": true,
    "promoUntil": null
  },
  {
    "id": "615499TRA",
    "title": "Jumbo Bakbacon Gepekeld 6 Plakken",
    "category": "Vleeswaren, kaas en tapas",
    "price": 2.99,
    "promoPrice": null,
    "pricePerUnit": "19.93 kg",
    "image": "https://www.jumbo.com/dam-images/fit-in/360x360/Products/24042024_1713969253221_1713969269759_8718452818440_1.png",
    "available": true,
    "promoUntil": null
  },
  {
    "id": "680334BLK",
    "title": "Bozu Iced Tea Sparkling 250ML",
    "category": "Bier en wijn",
    "price": 2.19,
    "promoPrice": null,
    "pricePerUnit": "8.76 l",
    "image": "https://www.jumbo.com/dam-images/fit-in/360x360/Products/16052025_1747363357942_1747363359226_680334_BLK_08721161861034_A1N1.png",
    "available": true,
    "promoUntil": null
  },
  {
    "id": "561687ZK",
    "title": "De Kleine Keuken Biologische Dadeltjes Zonder Sulfiet 12+ Maanden 140 g",
    "category": "Drogisterij en baby",
    "price": 3.26,
    "promoPrice": null,
    "pricePerUnit": "23.29 kg",
    "image": "https://www.jumbo.com/dam-images/fit-in/360x360/Products/24122024_1735040035470_1735040041074_8718734493884_1.png",
    "available": true,
    "promoUntil": null
  },
  {
    "id": "525993CUP",
    "title": "Jumbo Kip-Walnoot Salade 150 g",
    "category": "Vleeswaren, kaas en tapas",
    "price": 2.35,
    "promoPrice": null,
    "pricePerUnit": "15.67 kg",
    "image": "https://www.jumbo.com/dam-images/fit-in/360x360/Products/18062025_1750257312836_1750257322244_8718452689392_1.png",
    "available": true,
    "promoUntil": null
  },
  {
    "id": "691522STK",
    "title": "Jumbo Lekker Veggie Vegan Grillworst 110 g",
    "category": "Vleeswaren, kaas en tapas",
    "price": 2.69,
    "promoPrice": null,
    "pricePerUnit": "24.45 kg",
    "image": "https://www.jumbo.com/dam-images/fit-in/360x360/Products/22072025_1753191236746_1753191243854_8718452927272_1.png",
    "available": true,
    "promoUntil": null
  },
  {
    "id": "677825STK",
    "title": "Jumbo Paté met Rund 6 x 100 g",
    "category": "Huishouden en dieren",
    "price": 1.62,
    "promoPrice": null,
    "pricePerUnit": "None None",
    "image": "https://www.jumbo.com/dam-images/fit-in/360x360/Products/2025879521b8d6e6-585c-4ef2-aa59-429fc780dc2d-1751545713874.png",
    "available": true,
    "promoUntil": null
  },
  {
    "id": "670790STK",
    "title": "HEMA Meeneemparaplu Rood",
    "category": "Non-food en servicebalie",
    "price": 9.99,
    "promoPrice": null,
    "pricePerUnit": "9.99 pieces",
    "image": "https://www.jumbo.com/dam-images/fit-in/360x360/Products/18032025_1742267351919_1742267353773_670790_STK_08718537676569_C1N1.png",
    "available": true,
    "promoUntil": null
  },
  {
    "id": "269545DSL",
    "title": "Jumbo Huiswijn - Cinsault - Ruby Cabernet 6 x 1 L",
    "category": "Bier en wijn",
    "price": 28.14,
    "promoPrice": null,
    "pricePerUnit": "4.69 l",
    "image": "https://www.jumbo.com/dam-images/fit-in/360x360/Products/269545DSL-1692282957944.png",
    "available": true,
    "promoUntil": null
  },
  {
    "id": "432795FLS",
    "title": "Arizona Green Tea met Honing 500ml",
    "category": "Frisdrank en sappen",
    "price": 1.49,
    "promoPrice": null,
    "pricePerUnit": "2.98 l",
    "image": "https://www.jumbo.com/dam-images/fit-in/360x360/Products/432795_613008761172_1_T1_92655FLS1691073818526.png",
    "available": true,
    "promoUntil": null
  },
  {
    "id": "194098STK",
    "title": "Bisolvon 2-in-1 voor volwassenen hoestsiroop 180 g",
    "category": "Drogisterij en baby",
    "price": 14.39,
    "promoPrice": null,
    "pricePerUnit": "79.94 l",
    "image": "https://www.jumbo.com/dam-images/fit-in/360x360/Products/24092025_1758672091170_1758672095426_8712172864589_1.png",
    "available": true,
    "promoUntil": null
  },
  {
    "id": "423403FLS",
    "title": "Jumbo Baby Olie 150 ml",
    "category": "Drogisterij en baby",
    "price": 2.59,
    "promoPrice": null,
    "pricePerUnit": "17.27 l",
    "image": "https://www.jumbo.com/dam-images/fit-in/360x360/Products/09082023_1691588150388_1691588199394_8718452544578_1.png",
    "available": true,
    "promoUntil": null
  },
  {
    "id": "441724STK",
    "title": "Jumbo Jonagold Appels en Mandarijnen",
    "category": "Aardappelen, groente en fruit",
    "price": 5.34,
    "promoPrice": null,
    "pricePerUnit": "None None",
    "image": "https://www.jumbo.com/dam-images/fit-in/360x360/Products/2003459714bedec17-5a3e-45eb-8dc4-c8b95d9f2ac1-1733156474925.png",
    "available": true,
    "promoUntil": null
  },
  {
    "id": "550115FLS",
    "title": "Baileys - Hazelnut - 500ML",
    "category": "Bier en wijn",
    "price": 13.59,
    "promoPrice": null,
    "pricePerUnit": "27.18 l",
    "image": "https://www.jumbo.com/dam-images/fit-in/360x360/Products/26102023_1698286274502_1698286276975_550115_FLS_05011013938636_C1N1.png",
    "available": true,
    "promoUntil": null
  },
  {
    "id": "305573PAK",
    "title": "BFree Gluten Free Stone Baked Pitta Breads 4 Stuks 220 g",
    "category": "Brood en gebak",
    "price": 6.39,
    "promoPrice": null,
    "pricePerUnit": "29.05 kg",
    "image": "https://www.jumbo.com/dam-images/fit-in/360x360/Products/19052025_1747679567622_1747679575572_5391521690289_1.png",
    "available": true,
    "promoUntil": null
  },
  {
    "id": "619973BLK",
    "title": "Euroma Essential N°04 Oregano",
    "category": "Wereldkeukens, kruiden, pasta en rijst",
    "price": 3.14,
    "promoPrice": null,
    "pricePerUnit": "209.33 kg",
    "image": "https://www.jumbo.com/dam-images/fit-in/360x360/Products/22062024_1719020144574_1719020150999_619973_BLK_08717600345937_C1N1.png",
    "available": true,
    "promoUntil": null
  },
  {
    "id": "675888CUP",
    "title": "Ben & Jerry's Dulce De-Lish 100ML",
    "category": "Diepvries",
    "price": 2.29,
    "promoPrice": null,
    "pricePerUnit": "22.9 l",
    "image": "https://www.jumbo.com/dam-images/fit-in/360x360/Products/15072025_1752577909754_1752577930699_675888_CUP_08711327593657_C1N1.png",
    "available": true,
    "promoUntil": null
  },
  {
    "id": "667149BLK",
    "title": "Fever-Tree Pink Grapefruit 250ML",
    "category": "Frisdrank en sappen",
    "price": 1.69,
    "promoPrice": null,
    "pricePerUnit": "6.76 l",
    "image": "https://www.jumbo.com/dam-images/fit-in/360x360/Products/19082025_1755566434158_1755566435023_667149_BLK_05060108457910_A1N1.png",
    "available": true,
    "promoUntil": null
  },
  {
    "id": "170546FLS",
    "title": "Go-Tan Wok Original Chilli Garlic 240 ml",
    "category": "Wereldkeukens, kruiden, pasta en rijst",
    "price": 2.56,
    "promoPrice": null,
    "pricePerUnit": "10.67 l",
    "image": "https://www.jumbo.com/dam-images/fit-in/360x360/Products/09082023_1691587012560_1691587015737_8710605027037_1.png",
    "available": true,
    "promoUntil": null
  },
  {
    "id": "640365BLS",
    "title": "HG Afvoerreiniger 6 Stuks",
    "category": "Huishouden en dieren",
    "price": 4.69,
    "promoPrice": null,
    "pricePerUnit": "4.69 pieces",
    "image": "https://www.jumbo.com/dam-images/fit-in/360x360/Products/24122024_1735008407941_1735008412362_640365_BLS_08711577288952_C1N1.png",
    "available": true,
    "promoUntil": null
  },
  {
    "id": "616288STK",
    "title": "Jumbo - Appeltjesbrood",
    "category": "Brood en gebak",
    "price": 3.99,
    "promoPrice": null,
    "pricePerUnit": "3.99 pieces",
    "image": "https://www.jumbo.com/dam-images/fit-in/360x360/Products/12042024_1712921680864_1712921687406_8717241049621_1.png",
    "available": true,
    "promoUntil": null
  },
  {
    "id": "632424ZK",
    "title": "Jumbo Cadeautje met Melk en Puur Chocolade Vegan 120g",
    "category": "Koek, snoep, chocolade en chips",
    "price": 3.49,
    "promoPrice": null,
    "pricePerUnit": "29.08 kg",
    "image": "https://www.jumbo.com/dam-images/fit-in/360x360/Products/14082024_1723624397359_1723624401976_8718452850785_1.png",
    "available": true,
    "promoUntil": null
  },
  {
    "id": "603727BLS",
    "title": "Jumbo Kids Tandenborstel Soft 5+ Jaar 1 Stuk",
    "category": "Drogisterij en baby",
    "price": 1.69,
    "promoPrice": null,
    "pricePerUnit": "1.69 pieces",
    "image": "https://www.jumbo.com/dam-images/fit-in/360x360/Products/26012024_1706283304684_1706283310148_8718452775170_1.png",
    "available": true,
    "promoUntil": null
  },
  {
    "id": "562135POT",
    "title": "Jumbo Mix voor Kip Pikant 70 g",
    "category": "Wereldkeukens, kruiden, pasta en rijst",
    "price": 1.59,
    "promoPrice": null,
    "pricePerUnit": "22.71 kg",
    "image": "https://www.jumbo.com/dam-images/fit-in/360x360/Products/14022024_1707873976159_1707873983549_8718452721412_1.png",
    "available": true,
    "promoUntil": null
  },
  {
    "id": "475502TRA",
    "title": "Jumbo Salame al Finocchio 100 g",
    "category": "Vleeswaren, kaas en tapas",
    "price": 3.59,
    "promoPrice": null,
    "pricePerUnit": "35.9 kg",
    "image": "https://www.jumbo.com/dam-images/fit-in/360x360/Products/10082023_1691676434842_1691676452891_8718452623471_1.png",
    "available": true,
    "promoUntil": null
  },
  {
    "id": "668905BLK",
    "title": "Affligem Tripel Blik 330 ml",
    "category": "Bier en wijn",
    "price": 1.89,
    "promoPrice": null,
    "pricePerUnit": "5.73 l",
    "image": "https://www.jumbo.com/dam-images/fit-in/360x360/Products/21082025_1755761587344_1755761592437_5410263932171_1.png",
    "available": true,
    "promoUntil": null
  },
  {
    "id": "429746FLS",
    "title": "Bird Brewery Papagaai Tripel 750ML",
    "category": "Bier en wijn",
    "price": 7.95,
    "promoPrice": 6.36,
    "pricePerUnit": "8.48 l",
    "image": "https://www.jumbo.com/dam-images/fit-in/360x360/Products/31072025_1753923746349_1753923749178_429746_FLS_08719325815368_C1N1.png",
    "available": false,
    "promoUntil": "di 7 okt"
  },
  {
    "id": "383530FLS",
    "title": "Domaine François Schwach - Gewurztraminer - Biologisch - 750ML",
    "category": "Bier en wijn",
    "price": 12.99,
    "promoPrice": null,
    "pricePerUnit": "17.32 l",
    "image": "https://www.jumbo.com/dam-images/fit-in/360x360/Products/29092023_1695995344768_1695995346995_3760167371043_1.png",
    "available": true,
    "promoUntil": null
  },
  {
    "id": "688803STK",
    "title": "Fuerza 0% Zero Sugar 4 x 250 ml",
    "category": "Frisdrank en sappen",
    "price": 3.16,
    "promoPrice": null,
    "pricePerUnit": "None None",
    "image": "https://www.jumbo.com/dam-images/fit-in/360x360/Products/202589937437dae8-7e87-4237-955e-3786ec3f8941-1743065344185.png",
    "available": true,
    "promoUntil": null
  },
  {
    "id": "711212STK",
    "title": "Jumbo Brokken in Saus met Kip & Kalkoen 4 x 415 g",
    "category": "Huishouden en dieren",
    "price": 3.16,
    "promoPrice": null,
    "pricePerUnit": "None None",
    "image": "https://www.jumbo.com/dam-images/fit-in/360x360/Products/202594017625dcdc-4507-4dd8-96d2-a692face97a8-1753710567499.png",
    "available": true,
    "promoUntil": null
  },
  {
    "id": "165708PAK",
    "title": "Jumbo Lasagnebladen Verdi 250 g",
    "category": "Wereldkeukens, kruiden, pasta en rijst",
    "price": 1.35,
    "promoPrice": null,
    "pricePerUnit": "5.4 kg",
    "image": "https://www.jumbo.com/dam-images/fit-in/360x360/Products/165708PAK-1692281938605.png",
    "available": true,
    "promoUntil": null
  },
  {
    "id": "666091ZK",
    "title": "Jumbo Broccoli Rijst 450 g",
    "category": "Diepvries",
    "price": 1.69,
    "promoPrice": null,
    "pricePerUnit": "3.76 kg",
    "image": "https://www.jumbo.com/dam-images/fit-in/360x360/Products/30052025_1748619189429_1748619211300_8718452884438_596.png",
    "available": true,
    "promoUntil": null
  },
  {
    "id": "499030DS",
    "title": "Conimex Mix Ajam Kerrie Madras 55 g",
    "category": "Wereldkeukens, kruiden, pasta en rijst",
    "price": 1.77,
    "promoPrice": null,
    "pricePerUnit": "32.18 kg",
    "image": "https://www.jumbo.com/dam-images/fit-in/360x360/Products/28032025_1743127979260_1743128000304_499030_DS_08714100795699_H1N1.png",
    "available": true,
    "promoUntil": null
  },
  {
    "id": "350606STK",
    "title": "Apetina Original White Cheese 150 g",
    "category": "Vleeswaren, kaas en tapas",
    "price": 2.19,
    "promoPrice": null,
    "pricePerUnit": "14.6 kg",
    "image": "https://www.jumbo.com/dam-images/fit-in/360x360/Products/19062025_1750343645599_1750343652990_5711953115875_1.png",
    "available": true,
    "promoUntil": null
  },
  {
    "id": "656033ZK",
    "title": "Bernard Jarnoux Crêpes Authentiek Bretons 6 Stuks 300 g",
    "category": "Verse maaltijden en gemak",
    "price": 3.99,
    "promoPrice": null,
    "pricePerUnit": "0.67 pieces",
    "image": "https://www.jumbo.com/dam-images/fit-in/360x360/Products/20032025_1742470377033_1742470385892_3336413247617_1.png",
    "available": true,
    "promoUntil": null
  },
  {
    "id": "668886FLS",
    "title": "Brouwerij 't IJ Gouden IJ 330ML",
    "category": "Bier en wijn",
    "price": 2.79,
    "promoPrice": null,
    "pricePerUnit": "8.45 l",
    "image": "https://www.jumbo.com/dam-images/fit-in/360x360/Products/11122024_1733923326579_1733923330826_668886_FLS_08717545263761_C1N1.png",
    "available": true,
    "promoUntil": null
  },
  {
    "id": "376282ZK",
    "title": "Ella's Kitchen Pasta met een heleboel groente 8+ biologisch 190 g",
    "category": "Drogisterij en baby",
    "price": 2.96,
    "promoPrice": null,
    "pricePerUnit": "15.58 kg",
    "image": "https://www.jumbo.com/dam-images/fit-in/360x360/Products/24052025_1748050690249_1748050692880_376282_ZK_05060107335349_C1N1.png",
    "available": true,
    "promoUntil": null
  },
  {
    "id": "678431STK",
    "title": "HEMA A6 Notitieboek",
    "category": "Non-food en servicebalie",
    "price": 2.29,
    "promoPrice": null,
    "pricePerUnit": "2.29 pieces",
    "image": "https://www.jumbo.com/dam-images/fit-in/360x360/Products/11082023_1691742798808_1691742809292_8713745901441_1.png",
    "available": true,
    "promoUntil": null
  },
  {
    "id": "694231STK",
    "title": "HEMA Mok Italy 320ml 1 Stuk",
    "category": "Non-food en servicebalie",
    "price": 3.99,
    "promoPrice": null,
    "pricePerUnit": "3.99 pieces",
    "image": "https://www.jumbo.com/dam-images/fit-in/360x360/Products/19092025_1758247415795_1758247420759_694231_STK_08713745805589_C1N1.png",
    "available": true,
    "promoUntil": null
  },
  {
    "id": "680504STK",
    "title": "HEMA Nietmachine Zwart",
    "category": "Non-food en servicebalie",
    "price": 2.99,
    "promoPrice": null,
    "pricePerUnit": "2.99 pieces",
    "image": "https://www.jumbo.com/dam-images/fit-in/360x360/Products/18022025_1739887451006_1739887454098_680504_STK_08720354669792_C1N1.png",
    "available": true,
    "promoUntil": null
  },
  {
    "id": "687328KGR",
    "title": "Jumbo Droog Gezouten Ontbijtspek ca. 110 g",
    "category": "Vleeswaren, kaas en tapas",
    "price": 3.19,
    "promoPrice": null,
    "pricePerUnit": "29.0 kg",
    "image": "https://www.jumbo.com/dam-images/fit-in/360x360/Products/10062025_1749569568336_1749569576764_2369629000000_1.png",
    "available": true,
    "promoUntil": null
  },
  {
    "id": "451053STK",
    "title": "AllerfreTabletten bij hooikoorts of allergie 10mg, 21 stuks",
    "category": "Drogisterij en baby",
    "price": 14.49,
    "promoPrice": null,
    "pricePerUnit": "0.69 pieces",
    "image": "https://www.jumbo.com/dam-images/fit-in/360x360/Products/24092025_1758672109289_1758672116127_5000167068184_1.png",
    "available": true,
    "promoUntil": null
  },
  {
    "id": "475398FLS",
    "title": "Château Tanunda – Barossa – Single Vineyard Shiraz - 750ML",
    "category": "Bier en wijn",
    "price": 15.49,
    "promoPrice": null,
    "pricePerUnit": "20.65 l",
    "image": "https://www.jumbo.com/dam-images/fit-in/360x360/Products/09082023_1691589510220_1691589553670_9313181001782_1.png",
    "available": true,
    "promoUntil": null
  },
  {
    "id": "456116BAK",
    "title": "Jumbo Knoflooksaus 150 g",
    "category": "Vleeswaren, kaas en tapas",
    "price": 1.69,
    "promoPrice": null,
    "pricePerUnit": "11.27 kg",
    "image": "https://www.jumbo.com/dam-images/fit-in/360x360/Products/14022024_1707873700819_1707873706723_8718452755561_1.png",
    "available": true,
    "promoUntil": null
  },
  {
    "id": "195722PAK",
    "title": "Jumbo Maaltijdmix Nasi Speciaal 32,4 g",
    "category": "Wereldkeukens, kruiden, pasta en rijst",
    "price": 0.89,
    "promoPrice": null,
    "pricePerUnit": "27.47 kg",
    "image": "https://www.jumbo.com/dam-images/fit-in/360x360/Products/09082023_1691584855190_1691584866389_8718452260492_1.png",
    "available": true,
    "promoUntil": null
  },
  {
    "id": "208157STK",
    "title": "Jumbo Party Toast met Sesam 150 g",
    "category": "Koek, snoep, chocolade en chips",
    "price": 0.9,
    "promoPrice": null,
    "pricePerUnit": "6.0 kg",
    "image": "https://www.jumbo.com/dam-images/fit-in/360x360/Products/09082023_1691585108824_1691585121541_8718452324019_1.png",
    "available": true,
    "promoUntil": null
  },
  {
    "id": "689678KGR",
    "title": "Jumbo Runderlever Ongelardeerd ca. 110 g",
    "category": "Vleeswaren, kaas en tapas",
    "price": 2.5,
    "promoPrice": null,
    "pricePerUnit": "22.73 kg",
    "image": "https://www.jumbo.com/dam-images/fit-in/360x360/Products/13052025_1747132386698_1747132393414_2369354000000_1.png",
    "available": true,
    "promoUntil": null
  },
  {
    "id": "583792ZK",
    "title": "Jumbo Snackmix Banaan & Choco Melk en Puur 125 g",
    "category": "Koek, snoep, chocolade en chips",
    "price": 1.0,
    "promoPrice": null,
    "pricePerUnit": "8.0 kg",
    "image": "https://www.jumbo.com/dam-images/fit-in/360x360/Products/14022024_1707873373614_1707873394528_8718452741267_596.png",
    "available": true,
    "promoUntil": null
  },
  {
    "id": "433599STK",
    "title": "Jumbo Kroketten 3 x 4 stuks",
    "category": "Diepvries",
    "price": 6.23,
    "promoPrice": null,
    "pricePerUnit": "None None",
    "image": "https://www.jumbo.com/dam-images/fit-in/360x360/Products/433599STK2141d44a7-b161-4bfd-8db2-064cea1b7753-1713527761784.png",
    "available": true,
    "promoUntil": null
  },
  {
    "id": "633947STK",
    "title": "Bonvallis Pan de Dátil Dadel & Walnotenbrood 250 g",
    "category": "Vleeswaren, kaas en tapas",
    "price": 3.24,
    "promoPrice": null,
    "pricePerUnit": "12.96 kg",
    "image": "https://www.jumbo.com/dam-images/fit-in/360x360/Products/09072024_1720517728576_1720517742079_8437002679606_1.png",
    "available": true,
    "promoUntil": null
  },
  {
    "id": "646040POT",
    "title": "Carbonell Kappertjes Nonpareilles",
    "category": "Wereldkeukens, kruiden, pasta en rijst",
    "price": 1.81,
    "promoPrice": null,
    "pricePerUnit": "30.17 kg",
    "image": "https://www.jumbo.com/dam-images/fit-in/360x360/Products/09092025_1757421317653_1757421327446_8410010876199_596.png",
    "available": true,
    "promoUntil": null
  },
  {
    "id": "446695PAK",
    "title": "Earth Water 500ML",
    "category": "Frisdrank en sappen",
    "price": 1.08,
    "promoPrice": null,
    "pricePerUnit": "2.16 l",
    "image": "https://www.jumbo.com/dam-images/fit-in/360x360/Products/446695_8719992099269_1_T1_446695PAK1691169403561.png",
    "available": true,
    "promoUntil": null
  },
  {
    "id": "670786STK",
    "title": "HEMA Cakevorm 25cm PFAS Vrij",
    "category": "Non-food en servicebalie",
    "price": 7.99,
    "promoPrice": null,
    "pricePerUnit": "7.99 pieces",
    "image": "https://www.jumbo.com/dam-images/fit-in/360x360/Products/08718537854530C1N13e90b26f-db37-41e9-a351-e79728eaa2bc-1747665641734.png",
    "available": false,
    "promoUntil": null
  },
  {
    "id": "640440BUS",
    "title": "HGX Spray tegen Kruipend Ongedierte en Wespen 400 ml",
    "category": "Non-food en servicebalie",
    "price": 15.79,
    "promoPrice": null,
    "pricePerUnit": "39.48 l",
    "image": "https://www.jumbo.com/dam-images/fit-in/360x360/Products/12122024_1734014363813_1734014366122_8711577062415_1.png",
    "available": true,
    "promoUntil": null
  },
  {
    "id": "596247FLS",
    "title": "Jumbo Oil & Care Conditioner 500 ml",
    "category": "Drogisterij en baby",
    "price": 2.92,
    "promoPrice": null,
    "pricePerUnit": "5.84 l",
    "image": "https://www.jumbo.com/dam-images/fit-in/360x360/Products/25032024_1711381813279_1711381816758_8718452775965_1.png",
    "available": true,
    "promoUntil": null
  },
  {
    "id": "591099STK",
    "title": "De Grote Hamersma Wijncursus - Languedoc & Montaignan - 5 x 750ML",
    "category": "Bier en wijn",
    "price": 29.95,
    "promoPrice": null,
    "pricePerUnit": "None None",
    "image": "https://www.jumbo.com/dam-images/fit-in/360x360/Products/591099STKc892a151-d50f-4cbf-957a-304b3f54b90e-1698044430847.png",
    "available": true,
    "promoUntil": null
  },
  {
    "id": "548270DS",
    "title": "Always Daily Extra Protect Inlegkruisjesx24",
    "category": "Drogisterij en baby",
    "price": 3.29,
    "promoPrice": null,
    "pricePerUnit": "0.14 pieces",
    "image": "https://www.jumbo.com/dam-images/fit-in/360x360/Products/15082025_1755216082276_1755216086525_8006540806647_1.png",
    "available": true,
    "promoUntil": null
  },
  {
    "id": "630672BLK",
    "title": "Jopen - IPA - Craft Beer - <0.5% Alcoholvrij - Blik - 330ML",
    "category": "Bier en wijn",
    "price": 2.39,
    "promoPrice": null,
    "pricePerUnit": "7.24 l",
    "image": "https://www.jumbo.com/dam-images/fit-in/360x360/Products/27062024_1719484372034_1719484377620_8714799302246_1.png",
    "available": true,
    "promoUntil": null
  },
  {
    "id": "687711ZK",
    "title": "Chio Oven Chips Paprika 125g",
    "category": "Koek, snoep, chocolade en chips",
    "price": 1.99,
    "promoPrice": null,
    "pricePerUnit": "15.92 kg",
    "image": "https://www.jumbo.com/dam-images/fit-in/360x360/Products/28052025_1748396878971_1748396914891_687711_ZK_08710532474997_H1N1_R.png",
    "available": true,
    "promoUntil": null
  },
  {
    "id": "62411ZK",
    "title": "Galbani Mozzarella di latte di Bufala 125g",
    "category": "Vleeswaren, kaas en tapas",
    "price": 2.99,
    "promoPrice": null,
    "pricePerUnit": "23.92 kg",
    "image": "https://www.jumbo.com/dam-images/fit-in/360x360/Products/17092025_1758112417255_1758112428797_8000430900231_1.png",
    "available": true,
    "promoUntil": null
  },
  {
    "id": "604728BLK",
    "title": "Benediktiner - Weissbier Naturtrüb - Blik - 500ML",
    "category": "Bier en wijn",
    "price": 1.79,
    "promoPrice": null,
    "pricePerUnit": "3.58 l",
    "image": "https://www.jumbo.com/dam-images/fit-in/360x360/Products/30012024_1706599994846_1706600001391_4052197005937_1.png",
    "available": true,
    "promoUntil": null
  },
  {
    "id": "486356ZK",
    "title": "Beneful Kleine Genieter Hondenvoer met Rund en Tuingroenten",
    "category": "Huishouden en dieren",
    "price": 6.62,
    "promoPrice": null,
    "pricePerUnit": "4.73 kg",
    "image": "https://www.jumbo.com/dam-images/fit-in/360x360/Products/23092025_1758592941563_1758592966335_486356_ZK_07613287869739_H1N1_s03.png",
    "available": true,
    "promoUntil": null
  },
  {
    "id": "465855STK",
    "title": "Best For Your Friend Maaltijd met Lam voor honden (95 gram)",
    "category": "Huishouden en dieren",
    "price": 1.69,
    "promoPrice": null,
    "pricePerUnit": "17.79 kg",
    "image": "https://www.jumbo.com/dam-images/fit-in/360x360/Products/07082024_1723012524640_1723012531504_8712113605981_1.png",
    "available": true,
    "promoUntil": null
  },
  {
    "id": "662484CUP",
    "title": "Jumbo Filet Americain Plantaardig 150 g",
    "category": "Vleeswaren, kaas en tapas",
    "price": 1.99,
    "promoPrice": null,
    "pricePerUnit": "13.27 kg",
    "image": "https://www.jumbo.com/dam-images/fit-in/360x360/Products/24012025_1737725567121_1737725573561_8718452890675_1.png",
    "available": true,
    "promoUntil": null
  },
  {
    "id": "562743POT",
    "title": "Jumbo Kruidenmix Grill & BBQ Traditioneel 70 g",
    "category": "Wereldkeukens, kruiden, pasta en rijst",
    "price": 2.19,
    "promoPrice": null,
    "pricePerUnit": "31.29 kg",
    "image": "https://www.jumbo.com/dam-images/fit-in/360x360/Products/14022025_1739539157377_1739539173030_8718452721481_596.png",
    "available": true,
    "promoUntil": null
  },
  {
    "id": "711414STK",
    "title": "Jumbo Paté met Kalkoen 3 x 100 g",
    "category": "Huishouden en dieren",
    "price": 1.95,
    "promoPrice": null,
    "pricePerUnit": "None None",
    "image": "https://www.jumbo.com/dam-images/fit-in/360x360/Products/2025842950d6aaae-9c70-4fb1-81fa-010340f42923-1753711044984.png",
    "available": true,
    "promoUntil": null
  },
  {
    "id": "623440CUP",
    "title": "Jumbo Snackbal Naturel Voordeelverpakking 250 g",
    "category": "Vleeswaren, kaas en tapas",
    "price": 3.5,
    "promoPrice": null,
    "pricePerUnit": "14.0 kg",
    "image": "https://www.jumbo.com/dam-images/fit-in/360x360/Products/24062024_1719239779470_1719239788331_8718452837625_1.png",
    "available": true,
    "promoUntil": null
  },
  {
    "id": "595079DS",
    "title": "Jumbo Vegan Nuggets ca. 12 Stuks",
    "category": "Diepvries",
    "price": 2.79,
    "promoPrice": null,
    "pricePerUnit": "11.07 kg",
    "image": "https://www.jumbo.com/dam-images/fit-in/360x360/Products/07022024_1707312844719_1707312871522_8718452786282_596.png",
    "available": true,
    "promoUntil": null
  },
  {
    "id": "669825BLK",
    "title": "Gebrouwen Door Vrouwen Gember Goud 330ML",
    "category": "Bier en wijn",
    "price": 2.89,
    "promoPrice": null,
    "pricePerUnit": "8.76 l",
    "image": "https://www.jumbo.com/dam-images/fit-in/360x360/Products/08719689872465A1N1ba703df0-9a77-4221-b3f4-db69dce28aa0-1741005851557.png",
    "available": true,
    "promoUntil": null
  },
  {
    "id": "449003FLS",
    "title": "Amayan - Chardonnay - 750ML",
    "category": "Bier en wijn",
    "price": 4.49,
    "promoPrice": null,
    "pricePerUnit": "5.99 l",
    "image": "https://www.jumbo.com/dam-images/fit-in/360x360/Products/29052024_1717000393827_1717000397455_7798304610799_1.png",
    "available": true,
    "promoUntil": null
  },
  {
    "id": "685583FLS",
    "title": "Axe Showergel Blue Lavender 225 ML",
    "category": "Drogisterij en baby",
    "price": 6.39,
    "promoPrice": null,
    "pricePerUnit": "28.4 l",
    "image": "https://www.jumbo.com/dam-images/fit-in/360x360/Products/28052025_1748394269896_1748394293185_685583_FLS_08720181601934_C1N1.png",
    "available": true,
    "promoUntil": null
  },
  {
    "id": "622912FLS",
    "title": "Faja Lobi Gekruide Ketjap 250 ml",
    "category": "Wereldkeukens, kruiden, pasta en rijst",
    "price": 3.71,
    "promoPrice": null,
    "pricePerUnit": "14.84 l",
    "image": "https://www.jumbo.com/dam-images/fit-in/360x360/Products/18062025_1750210739940_1750210741515_622912_FLS_08712631991559_A1N1.png",
    "available": true,
    "promoUntil": null
  },
  {
    "id": "265621PAK",
    "title": "Jumbo Biologisch Witte Rijst 400 g",
    "category": "Wereldkeukens, kruiden, pasta en rijst",
    "price": 0.87,
    "promoPrice": null,
    "pricePerUnit": "2.18 kg",
    "image": "https://www.jumbo.com/dam-images/fit-in/360x360/Products/13112023_1699893187641_1699893198085_8718452565252_1.png",
    "available": true,
    "promoUntil": null
  },
  {
    "id": "605873PAK",
    "title": "Bambix Drinkpapje Biscuits 12+ Maanden 3x250ML",
    "category": "Drogisterij en baby",
    "price": 2.79,
    "promoPrice": null,
    "pricePerUnit": "3.72 l",
    "image": "https://www.jumbo.com/dam-images/fit-in/360x360/Products/15122023_1702657064167_1702657068874_605873_PAK_05410441004294_C1N1.png",
    "available": true,
    "promoUntil": null
  },
  {
    "id": "477523DS",
    "title": "Allegra Neusspray Duo voor verlichting bij hooikoorts, 15ml",
    "category": "Drogisterij en baby",
    "price": 15.69,
    "promoPrice": null,
    "pricePerUnit": "1046.0 l",
    "image": "https://www.jumbo.com/dam-images/fit-in/360x360/Products/24092025_1758672108798_1758672115766_8712172866781_1.png",
    "available": true,
    "promoUntil": null
  },
  {
    "id": "351634STK",
    "title": "Allegra Fexotabs hooikoortstabletten 120 mg, 20 stuks",
    "category": "Drogisterij en baby",
    "price": 14.49,
    "promoPrice": null,
    "pricePerUnit": "0.72 pieces",
    "image": "https://www.jumbo.com/dam-images/fit-in/360x360/Products/24092025_1758672135527_1758672147518_8712172866064_1.png",
    "available": true,
    "promoUntil": null
  },
  {
    "id": "634866DS",
    "title": "Amstel Bier Bock Fles 6x300ML",
    "category": "Bier en wijn",
    "price": 7.69,
    "promoPrice": null,
    "pricePerUnit": "4.27 l",
    "image": "https://www.jumbo.com/dam-images/fit-in/360x360/Products/27122024_1735291732955_1735291739224_8728600001068_1.png",
    "available": true,
    "promoUntil": null
  },
  {
    "id": "538519PAK",
    "title": "Amstel Pilsener Bier Blik 6 x 500ml",
    "category": "Bier en wijn",
    "price": 7.39,
    "promoPrice": null,
    "pricePerUnit": "2.46 l",
    "image": "https://www.jumbo.com/dam-images/fit-in/360x360/Products/07012025_1736267693523_1736267698636_8712000059040_1.png",
    "available": true,
    "promoUntil": null
  },
  {
    "id": "177582STK",
    "title": "Antigrippine Tabletten bij griep en verkoudheid, 40 stuks ",
    "category": "Drogisterij en baby",
    "price": 9.19,
    "promoPrice": null,
    "pricePerUnit": "0.23 pieces",
    "image": "https://www.jumbo.com/dam-images/fit-in/360x360/Products/24092025_1758672134408_1758672139439_8710537790825_1.png",
    "available": true,
    "promoUntil": null
  },
  {
    "id": "473273STK",
    "title": "Hot Coldrex Neusspray, 20 ml",
    "category": "Drogisterij en baby",
    "price": 8.29,
    "promoPrice": null,
    "pricePerUnit": "414.5 l",
    "image": "https://www.jumbo.com/dam-images/fit-in/360x360/Products/24092025_1758672061983_1758672067719_8710537042566_1.png",
    "available": true,
    "promoUntil": null
  },
  {
    "id": "628058ZK",
    "title": "BioToday Super Mueslikoeken 200 g",
    "category": "Koek, snoep, chocolade en chips",
    "price": 3.39,
    "promoPrice": null,
    "pricePerUnit": "16.95 kg",
    "image": "https://www.jumbo.com/dam-images/fit-in/360x360/Products/09092025_1757414070971_1757414075394_8718858932313_1.png",
    "available": true,
    "promoUntil": null
  },
  {
    "id": "432825FLS",
    "title": "Chaudfontaine Natuurlijk Mineraalwater 500 ml",
    "category": "Frisdrank en sappen",
    "price": 1.09,
    "promoPrice": null,
    "pricePerUnit": "2.18 l",
    "image": "https://www.jumbo.com/dam-images/fit-in/360x360/Products/24082023_1692841724939_1692841729472_432825_FLS_05000112648942_H1N1.png",
    "available": true,
    "promoUntil": null
  },
  {
    "id": "695628POT",
    "title": "Grand'Italia Pesto Pomodori e Pistacchi 90 g",
    "category": "Wereldkeukens, kruiden, pasta en rijst",
    "price": 2.56,
    "promoPrice": null,
    "pricePerUnit": "28.44 kg",
    "image": "https://www.jumbo.com/dam-images/fit-in/360x360/Products/28042025_1745823325847_1745823332682_695628_POT_00000080024194_C1N1.png",
    "available": true,
    "promoUntil": null
  },
  {
    "id": "680326STK",
    "title": "HEMA A5 Knutselblok 200 Vellen",
    "category": "Non-food en servicebalie",
    "price": 3.99,
    "promoPrice": null,
    "pricePerUnit": "3.99 pieces",
    "image": "https://www.jumbo.com/dam-images/fit-in/360x360/Products/25042025_1745547151854_1745547155441_680326_STK_08720354151839_C1N1.png",
    "available": true,
    "promoUntil": null
  },
  {
    "id": "679989STK",
    "title": "HEMA Koekenpan 20 CM",
    "category": "Non-food en servicebalie",
    "price": 14.49,
    "promoPrice": null,
    "pricePerUnit": "14.49 pieces",
    "image": "https://www.jumbo.com/dam-images/fit-in/360x360/Products/14022025_1739539921497_1739539934114_679989_STK_08720354147429_C1N1.png",
    "available": true,
    "promoUntil": null
  },
  {
    "id": "672231DS",
    "title": "Handgebrand Studentenhaver Ongebrand 200 g",
    "category": "Vleeswaren, kaas en tapas",
    "price": 3.99,
    "promoPrice": null,
    "pricePerUnit": "19.95 kg",
    "image": "https://www.jumbo.com/dam-images/fit-in/360x360/Products/25022025_1740474237247_1740474245011_8720941908068_1.png",
    "available": true,
    "promoUntil": null
  },
  {
    "id": "570028ZK",
    "title": "Jumbo Biologisch Naturel Chips 125 g",
    "category": "Koek, snoep, chocolade en chips",
    "price": 1.49,
    "promoPrice": null,
    "pricePerUnit": "11.92 kg",
    "image": "https://www.jumbo.com/dam-images/fit-in/360x360/Products/14022024_1707872790642_1707872796511_8718452725304_1.png",
    "available": true,
    "promoUntil": null
  },
  {
    "id": "675253CUP",
    "title": "Jumbo Kaas Pesto Dip 150 g",
    "category": "Vleeswaren, kaas en tapas",
    "price": 2.49,
    "promoPrice": null,
    "pricePerUnit": "16.6 kg",
    "image": "https://www.jumbo.com/dam-images/fit-in/360x360/Products/27052025_1748356387367_1748356398669_8718452900510_1.png",
    "available": true,
    "promoUntil": null
  },
  {
    "id": "710978ZK",
    "title": "Jumbo Kruidnoten Feestmix 200 g",
    "category": "Koek, snoep, chocolade en chips",
    "price": 2.79,
    "promoPrice": null,
    "pricePerUnit": "13.95 kg",
    "image": "https://www.jumbo.com/dam-images/fit-in/360x360/Products/25072025_1753432374736_1753432386121_8718452899869_596.png",
    "available": true,
    "promoUntil": null
  },
  {
    "id": "582453BLK",
    "title": "Clipper Lemon, Ginger & Rooibos Organic Fusion 250 ml",
    "category": "Frisdrank en sappen",
    "price": 1.59,
    "promoPrice": null,
    "pricePerUnit": "6.36 l",
    "image": "https://www.jumbo.com/dam-images/fit-in/360x360/Products/22032025_1742609370391_1742609377922_582453_BLK_05021991944567_H1N1.png",
    "available": true,
    "promoUntil": null
  },
  {
    "id": "696042DS",
    "title": "Jumbo Lava Cakejes met Pure Chocolade 2 Stuks",
    "category": "Diepvries",
    "price": 2.34,
    "promoPrice": null,
    "pricePerUnit": "13.0 kg",
    "image": "https://www.jumbo.com/dam-images/fit-in/360x360/Products/30052025_1748615587007_1748615600812_8718452913473_596.png",
    "available": true,
    "promoUntil": null
  },
  {
    "id": "587468STK",
    "title": "Jumbo Mini Spray Zachte Lavendel 15 ML",
    "category": "Huishouden en dieren",
    "price": 1.77,
    "promoPrice": null,
    "pricePerUnit": "1.77 pieces",
    "image": "https://www.jumbo.com/dam-images/fit-in/360x360/Products/12122024_1734014663313_1734014668734_8718452686704_1.png",
    "available": true,
    "promoUntil": null
  },
  {
    "id": "685495FLS",
    "title": "Bacardi Breezer Lime 275ML",
    "category": "Bier en wijn",
    "price": 2.49,
    "promoPrice": null,
    "pricePerUnit": "9.05 l",
    "image": "https://www.jumbo.com/dam-images/fit-in/360x360/Products/10032025_1741594513397_1741594515664_685495_FLS_05010677551397_C1N1.png",
    "available": true,
    "promoUntil": null
  },
  {
    "id": "645612BLK",
    "title": "Bertolli Basis voor Pastasaus Tradizionale met Basilicum, Oregano en Italiaanse Tomaten 400 g",
    "category": "Wereldkeukens, kruiden, pasta en rijst",
    "price": 1.39,
    "promoPrice": null,
    "pricePerUnit": "3.48 kg",
    "image": "https://www.jumbo.com/dam-images/fit-in/360x360/Products/06112024_1730889185471_1730889191233_8720791223892_1.png",
    "available": true,
    "promoUntil": null
  },
  {
    "id": "604819STK",
    "title": "Bier IPA Proeverij Klein - 4 Flesjes - los geleverd",
    "category": "Bier en wijn",
    "price": 8.03,
    "promoPrice": null,
    "pricePerUnit": "None None",
    "image": "https://www.jumbo.com/dam-images/fit-in/360x360/Products/20057930c1b0bbf5-35af-47ca-ba9d-4507d03eb706-1747056235859.png",
    "available": false,
    "promoUntil": null
  },
  {
    "id": "604152BLK",
    "title": "Bird Brewery Blond Nog Eendje Blik 330 ml",
    "category": "Bier en wijn",
    "price": 2.79,
    "promoPrice": null,
    "pricePerUnit": "8.45 l",
    "image": "https://www.jumbo.com/dam-images/fit-in/360x360/Products/07022024_1707273960835_1707273961745_604152_BLK_08720618977120_A1N1.png",
    "available": true,
    "promoUntil": null
  },
  {
    "id": "496452STK",
    "title": "Azaron Stick tegen jeuk 5,7 g (20 mg/g)",
    "category": "Drogisterij en baby",
    "price": 8.75,
    "promoPrice": null,
    "pricePerUnit": "1750.0 kg",
    "image": "https://www.jumbo.com/dam-images/fit-in/360x360/Products/22082025_1755820878046_1755820882649_87290967_1.png",
    "available": true,
    "promoUntil": null
  },
  {
    "id": "552119DS",
    "title": "Desperados Original Bier Blik 4 x 500 ml",
    "category": "Bier en wijn",
    "price": 9.69,
    "promoPrice": null,
    "pricePerUnit": "4.85 l",
    "image": "https://www.jumbo.com/dam-images/fit-in/360x360/Products/07012025_1736267694598_1736267702773_8712000060275_1.png",
    "available": true,
    "promoUntil": null
  },
  {
    "id": "357750STK",
    "title": "Heineken - Krat en Jumbo Borrelnoten",
    "category": "Bier en wijn",
    "price": 20.57,
    "promoPrice": null,
    "pricePerUnit": "None None",
    "image": "https://www.jumbo.com/dam-images/fit-in/360x360/Products/357750_20212728_1_T1_357750STK1691502405198.png",
    "available": true,
    "promoUntil": null
  },
  {
    "id": "178011FLS",
    "title": "Dubro Snel Ontkalker 500ml",
    "category": "Huishouden en dieren",
    "price": 3.29,
    "promoPrice": null,
    "pricePerUnit": "6.58 l",
    "image": "https://www.jumbo.com/dam-images/fit-in/360x360/Products/11072025_1752196687162_1752196691265_178011_FLS_08711106024105_C1N1.png",
    "available": true,
    "promoUntil": null
  },
  {
    "id": "190555PAK",
    "title": "Jumbo Denta Kauwsnacks met Kip 50 g",
    "category": "Huishouden en dieren",
    "price": 1.19,
    "promoPrice": null,
    "pricePerUnit": "23.8 kg",
    "image": "https://www.jumbo.com/dam-images/fit-in/360x360/Products/10052024_1715351655237_1715351664060_8718452549412_1.png",
    "available": true,
    "promoUntil": null
  },
  {
    "id": "667439STK",
    "title": "HEMA Cadeaupapier Folie 70 x 500 cm",
    "category": "Non-food en servicebalie",
    "price": 0.99,
    "promoPrice": null,
    "pricePerUnit": "0.99 pieces",
    "image": "https://www.jumbo.com/dam-images/fit-in/360x360/Products/09082023_1691588219621_1691588221991_8713475348226_1.png",
    "available": true,
    "promoUntil": null
  },
  {
    "id": "680266STK",
    "title": "Hema Elastiekjes",
    "category": "Drogisterij en baby",
    "price": 2.39,
    "promoPrice": null,
    "pricePerUnit": "0.24 pieces",
    "image": "https://www.jumbo.com/dam-images/fit-in/360x360/Products/17022025_1739805273031_1739805277043_680266_STK_08717763825062_C1N1.png",
    "available": true,
    "promoUntil": null
  },
  {
    "id": "523922ZK",
    "title": "Jumbo Snack met Groenten & Granen Strips 150 g",
    "category": "Huishouden en dieren",
    "price": 1.99,
    "promoPrice": null,
    "pricePerUnit": "13.27 kg",
    "image": "https://www.jumbo.com/dam-images/fit-in/360x360/Products/10082023_1691677737807_1691677749938_8718452653911_1.png",
    "available": true,
    "promoUntil": null
  },
  {
    "id": "641686FLS",
    "title": "Jumbo 100% Sap Sinaasappel Mango met Appel 750ML",
    "category": "Frisdrank en sappen",
    "price": 2.29,
    "promoPrice": null,
    "pricePerUnit": "3.05 l",
    "image": "https://www.jumbo.com/dam-images/fit-in/360x360/Products/21112024_1732214242782_1732214249640_8718452846641_1.png",
    "available": true,
    "promoUntil": null
  },
  {
    "id": "608725TRA",
    "title": "Jumbo Crèmepaté Cranberry 150 g",
    "category": "Vleeswaren, kaas en tapas",
    "price": 1.49,
    "promoPrice": null,
    "pricePerUnit": "9.93 kg",
    "image": "https://www.jumbo.com/dam-images/fit-in/360x360/Products/12122024_1734014581332_1734014591537_8718452617531_1.png",
    "available": true,
    "promoUntil": null
  },
  {
    "id": "542226ZK",
    "title": "Gillette Wegwerpmesjes 12 Stuks",
    "category": "Drogisterij en baby",
    "price": 9.29,
    "promoPrice": null,
    "pricePerUnit": "0.77 pieces",
    "image": "https://www.jumbo.com/dam-images/fit-in/360x360/Products/18062025_1750212348477_1750212350363_542226_ZK_08006540733929_C1N1.png",
    "available": true,
    "promoUntil": null
  },
  {
    "id": "578036CUP",
    "title": "Jumbo Gezouten Kaas Notenmix 120 g",
    "category": "Koek, snoep, chocolade en chips",
    "price": 2.69,
    "promoPrice": null,
    "pricePerUnit": "22.42 kg",
    "image": "https://www.jumbo.com/dam-images/fit-in/360x360/Products/14022024_1707873702150_1707873707190_8718452742066_1.png",
    "available": true,
    "promoUntil": null
  },
  {
    "id": "564473ZK",
    "title": "Jumbo Mix voor Gehakt 40 g",
    "category": "Wereldkeukens, kruiden, pasta en rijst",
    "price": 0.59,
    "promoPrice": null,
    "pricePerUnit": "14.75 kg",
    "image": "https://www.jumbo.com/dam-images/fit-in/360x360/Products/14022024_1707872532923_1707872541414_8718452721504_1.png",
    "available": true,
    "promoUntil": null
  },
  {
    "id": "641740STK",
    "title": "Jumbo NH Belegen Komijn Kaas Portieverpakking 3 Plakken ca. 75g",
    "category": "Vleeswaren, kaas en tapas",
    "price": 1.75,
    "promoPrice": null,
    "pricePerUnit": "23.33 kg",
    "image": "https://www.jumbo.com/dam-images/fit-in/360x360/Products/09082023_1691587307664_1691587325791_8718452509485_1.png",
    "available": true,
    "promoUntil": null
  },
  {
    "id": "706436STK",
    "title": "Jumbo Nogatientje met bavarois 2 Stuks",
    "category": "Brood en gebak",
    "price": 4.99,
    "promoPrice": null,
    "pricePerUnit": "4.99 pieces",
    "image": "https://www.jumbo.com/dam-images/fit-in/360x360/Products/Nogatientje2st8718452965649a70fc8f4-d6f7-4b22-9b2a-3e7f831e0096-1755777978912.png",
    "available": true,
    "promoUntil": null
  },
  {
    "id": "449574POT",
    "title": "Jumbo Olijven Zonder Pit Knoflook 220 g",
    "category": "Vleeswaren, kaas en tapas",
    "price": 1.49,
    "promoPrice": null,
    "pricePerUnit": "6.77 kg",
    "image": "https://www.jumbo.com/dam-images/fit-in/360x360/Products/04022025_1738665167074_1738665173544_8718452552504_1.png",
    "available": true,
    "promoUntil": null
  },
  {
    "id": "432874FLS",
    "title": "Bruut Bier - Gajes Hoppy Tripel - Fles - 330ML",
    "category": "Bier en wijn",
    "price": 2.79,
    "promoPrice": null,
    "pricePerUnit": "8.45 l",
    "image": "https://www.jumbo.com/dam-images/fit-in/360x360/Products/20092025_1758332507742_1758332514393_432874_FLS_08717953199973_C1N1.png",
    "available": true,
    "promoUntil": null
  },
  {
    "id": "690087STK",
    "title": "Jumbo 6LR61 9V 1 Stuk",
    "category": "Non-food en servicebalie",
    "price": 2.19,
    "promoPrice": null,
    "pricePerUnit": "2.19 pieces",
    "image": "https://www.jumbo.com/dam-images/fit-in/360x360/Products/05042025_1743811257944_1743811263874_8718452182077_1.png",
    "available": true,
    "promoUntil": null
  },
  {
    "id": "687530DS",
    "title": "HEMA Paperclips 175 Stuks",
    "category": "Non-food en servicebalie",
    "price": 1.49,
    "promoPrice": null,
    "pricePerUnit": "1.49 pieces",
    "image": "https://www.jumbo.com/dam-images/fit-in/360x360/Products/09082023_1691587041549_1691587050315_8716618228607_1.png",
    "available": true,
    "promoUntil": null
  },
  {
    "id": "571976TRA",
    "title": "Hands Off Choco Chip Chocolate Cookies 105 g",
    "category": "Koek, snoep, chocolade en chips",
    "price": 2.96,
    "promoPrice": null,
    "pricePerUnit": "28.19 kg",
    "image": "https://www.jumbo.com/dam-images/fit-in/360x360/Products/10062025_1749558766235_1749558772416_8718754740838_1.png",
    "available": true,
    "promoUntil": null
  },
  {
    "id": "671764BLK",
    "title": "I Am Superjuice Mango 330ml",
    "category": "Wereldkeukens, kruiden, pasta en rijst",
    "price": 1.79,
    "promoPrice": null,
    "pricePerUnit": "5.42 l",
    "image": "https://www.jumbo.com/dam-images/fit-in/360x360/Products/12022025_1739330981612_1739330986210_671764_BLK_08718868283054_C1N1.png",
    "available": true,
    "promoUntil": null
  },
  {
    "id": "675896CUP",
    "title": "Hertog IJssalon Mini IJs Aardbeien Meringue 200 ml",
    "category": "Diepvries",
    "price": 1.69,
    "promoPrice": null,
    "pricePerUnit": "8.45 l",
    "image": "https://www.jumbo.com/dam-images/fit-in/360x360/Products/27052025_1748307662255_1748307687555_675896_CUP_08711327670921_C1N1.png",
    "available": true,
    "promoUntil": null
  },
  {
    "id": "226137STK",
    "title": "Autodrop Goed Geschuimde Cadillacs 235g",
    "category": "Koek, snoep, chocolade en chips",
    "price": 2.96,
    "promoPrice": null,
    "pricePerUnit": "12.6 kg",
    "image": "https://www.jumbo.com/dam-images/fit-in/360x360/Products/12032025_1741745757315_1741745765360_226137_STK_08710452400069_C1N1.png",
    "available": true,
    "promoUntil": null
  },
  {
    "id": "298899FLS",
    "title": "Chateau de Cheylus Cotes du Rhone 750ML",
    "category": "Bier en wijn",
    "price": 12.49,
    "promoPrice": null,
    "pricePerUnit": "16.65 l",
    "image": "https://www.jumbo.com/dam-images/fit-in/360x360/Products/09082023_1691587589710_1691587593421_3263810139989_1.png",
    "available": true,
    "promoUntil": null
  },
  {
    "id": "702204ZK",
    "title": "Croky Tortilla Paprika Flavour 160 g",
    "category": "Koek, snoep, chocolade en chips",
    "price": 1.79,
    "promoPrice": null,
    "pricePerUnit": "11.19 kg",
    "image": "https://www.jumbo.com/dam-images/fit-in/360x360/Products/02062025_1748863462345_1748863464549_702204_ZK_05414359995613_A1N1.png",
    "available": true,
    "promoUntil": null
  },
  {
    "id": "201430STK",
    "title": "Duyvis Borrelnootjes Cocktail Pinda Noten 125 g",
    "category": "Koek, snoep, chocolade en chips",
    "price": 1.75,
    "promoPrice": null,
    "pricePerUnit": "14.0 kg",
    "image": "https://www.jumbo.com/dam-images/fit-in/360x360/Products/27032025_1743078825602_1743078834039_8710398510846_1.png",
    "available": true,
    "promoUntil": null
  },
  {
    "id": "524846ZK",
    "title": "Duyvis Oven Roasted Noten Mix 125 g",
    "category": "Koek, snoep, chocolade en chips",
    "price": 3.39,
    "promoPrice": null,
    "pricePerUnit": "27.12 kg",
    "image": "https://www.jumbo.com/dam-images/fit-in/360x360/Products/27032025_1743082411391_1743082418151_8710398157614_1.png",
    "available": true,
    "promoUntil": null
  },
  {
    "id": "680268STK",
    "title": "HEMA Ijsschep Knijp 1 Stuk",
    "category": "Non-food en servicebalie",
    "price": 5.79,
    "promoPrice": null,
    "pricePerUnit": "5.79 pieces",
    "image": "https://www.jumbo.com/dam-images/fit-in/360x360/Products/17022025_1739805307887_1739805310727_680268_STK_08716618017010_C1N1.png",
    "available": true,
    "promoUntil": null
  },
  {
    "id": "640412FLS",
    "title": "HG zweetvlekkenverwijderaar 250ml",
    "category": "Huishouden en dieren",
    "price": 6.89,
    "promoPrice": null,
    "pricePerUnit": "27.56 l",
    "image": "https://www.jumbo.com/dam-images/fit-in/360x360/Products/16072024_1721108796884_1721108801435_640412_FLS_08711577202309_C1N1.png",
    "available": true,
    "promoUntil": null
  },
  {
    "id": "693708DS",
    "title": "Hansaplast Sensitive XL Sterile 5 stuks",
    "category": "Drogisterij en baby",
    "price": 4.19,
    "promoPrice": null,
    "pricePerUnit": "0.84 pieces",
    "image": "https://www.jumbo.com/dam-images/fit-in/360x360/Products/15042025_1744718479692_1744718487768_693708_DS_04005900780522_C1N1.png",
    "available": true,
    "promoUntil": null
  },
  {
    "id": "645384ZK",
    "title": "Jumbo Crème Brûlée Smaak Cups Omhuld met Melkchocolade 125 g",
    "category": "Koek, snoep, chocolade en chips",
    "price": 2.79,
    "promoPrice": null,
    "pricePerUnit": "22.32 kg",
    "image": "https://www.jumbo.com/dam-images/fit-in/360x360/Products/09102024_1728477246101_1728477251694_8718452837595_1.png",
    "available": true,
    "promoUntil": null
  },
  {
    "id": "471596ZK",
    "title": "FELIX® Crispies met Rund- & Kipsmaak - Kattensnacks - 45g",
    "category": "Huishouden en dieren",
    "price": 1.95,
    "promoPrice": null,
    "pricePerUnit": "43.33 kg",
    "image": "https://www.jumbo.com/dam-images/fit-in/360x360/Products/23092025_1758596812708_1758596868063_471596_ZK_07613287595249_C1N1_s02.png",
    "available": true,
    "promoUntil": null
  },
  {
    "id": "384660ZK",
    "title": "Conimex Mix Kerriesaus 40 g",
    "category": "Wereldkeukens, kruiden, pasta en rijst",
    "price": 1.18,
    "promoPrice": null,
    "pricePerUnit": "29.5 kg",
    "image": "https://www.jumbo.com/dam-images/fit-in/360x360/Products/17052025_1747449936742_1747449956407_384660_ZK_08712100623134_C1N1.png",
    "available": true,
    "promoUntil": null
  },
  {
    "id": "413520TRA",
    "title": "Jumbo Kruidige Patatas Bravas 425 g",
    "category": "Aardappelen, groente en fruit",
    "price": 3.25,
    "promoPrice": null,
    "pricePerUnit": "7.65 kg",
    "image": "https://www.jumbo.com/dam-images/fit-in/360x360/Products/28062024_1719588830419_1719588839472_8718452809844_1.png",
    "available": true,
    "promoUntil": null
  },
  {
    "id": "596240FLS",
    "title": "Jumbo Krul Shampoo 500 ml",
    "category": "Drogisterij en baby",
    "price": 2.82,
    "promoPrice": null,
    "pricePerUnit": "5.64 l",
    "image": "https://www.jumbo.com/dam-images/fit-in/360x360/Products/25032024_1711381813193_1711381817176_8718452775880_1.png",
    "available": true,
    "promoUntil": null
  },
  {
    "id": "695412BUS",
    "title": "Curalyn Vitamine C 1000MG Bruistabletten 20 Stuks",
    "category": "Drogisterij en baby",
    "price": 2.49,
    "promoPrice": null,
    "pricePerUnit": "0.12 pieces",
    "image": "https://www.jumbo.com/dam-images/fit-in/360x360/Products/24062025_1750726984407_1750726986221_695412_BUS_08712113661338_C1N1_s01.png",
    "available": true,
    "promoUntil": null
  },
  {
    "id": "675372STK",
    "title": "Doeboek Vol met Puzzels, Spelletjes, Kleurplaten en Stickers",
    "category": "Non-food en servicebalie",
    "price": 1.49,
    "promoPrice": null,
    "pricePerUnit": "1.49 pieces",
    "image": "https://www.jumbo.com/dam-images/fit-in/360x360/Products/01072025_1751383989828_1751384008445_8721225775086_1.png",
    "available": true,
    "promoUntil": null
  },
  {
    "id": "308842STK",
    "title": "Disney Princess Multivitaminen gummies, 60 stuks",
    "category": "Drogisterij en baby",
    "price": 13.99,
    "promoPrice": null,
    "pricePerUnit": "0.23 pieces",
    "image": "https://www.jumbo.com/dam-images/fit-in/360x360/Products/24092025_1758672060957_1758672068458_8718503010557_1.png",
    "available": true,
    "promoUntil": null
  },
  {
    "id": "458954PAK",
    "title": "Jumbo Plantaardig Choc Hazelnoot Classic 80 g",
    "category": "Koek, snoep, chocolade en chips",
    "price": 1.73,
    "promoPrice": null,
    "pricePerUnit": "21.63 kg",
    "image": "https://www.jumbo.com/dam-images/fit-in/360x360/Products/27052025_1748360090435_1748360101288_8718452877188_596.png",
    "available": false,
    "promoUntil": null
  },
  {
    "id": "668883STK",
    "title": "Jumbo Slagers Leverworst 250 g",
    "category": "Vleeswaren, kaas en tapas",
    "price": 1.75,
    "promoPrice": null,
    "pricePerUnit": "7.0 kg",
    "image": "https://www.jumbo.com/dam-images/fit-in/360x360/Products/21022025_1740151974164_1740151977728_8718452871049_1.png",
    "available": true,
    "promoUntil": null
  },
  {
    "id": "57687POT",
    "title": "Eliterna - Boerenjongens - Rozijnen op Brandewijn - 500ML",
    "category": "Bier en wijn",
    "price": 6.69,
    "promoPrice": null,
    "pricePerUnit": "13.38 l",
    "image": "https://www.jumbo.com/dam-images/fit-in/360x360/Products/30122023_1703902520890_1703902533235_57687_POT_05410293750264_C1N1.png",
    "available": true,
    "promoUntil": null
  },
  {
    "id": "357195STK",
    "title": "Heineken - Krat en Desperados - Sixpack - 6 x 330ML",
    "category": "Bier en wijn",
    "price": 29.31,
    "promoPrice": null,
    "pricePerUnit": "None None",
    "image": "https://www.jumbo.com/dam-images/fit-in/360x360/Products/357195STKcdec3e83-c59c-4ee4-ab79-e36f04b14938-1757336403870.png",
    "available": true,
    "promoUntil": null
  },
  {
    "id": "590993FLS",
    "title": "Delirium - Tremens Strong Blond Bier - Fles - 330ML\n",
    "category": "Bier en wijn",
    "price": 2.65,
    "promoPrice": null,
    "pricePerUnit": "8.03 l",
    "image": "https://www.jumbo.com/dam-images/fit-in/360x360/Products/12122024_1734014764009_1734014768552_5412186000098_1.png",
    "available": true,
    "promoUntil": null
  },
  {
    "id": "646880PAK",
    "title": "Barilla Al Bronzo Spaghettoni N. 308 500g",
    "category": "Wereldkeukens, kruiden, pasta en rijst",
    "price": 2.49,
    "promoPrice": null,
    "pricePerUnit": "4.98 kg",
    "image": "https://www.jumbo.com/dam-images/fit-in/360x360/Products/22082024_1724306732321_1724306734180_646880_PAK_08076809585385_C1N1.png",
    "available": true,
    "promoUntil": null
  },
  {
    "id": "292511STK",
    "title": "Jordan Green Clean Soft Tandborstel",
    "category": "Drogisterij en baby",
    "price": 3.29,
    "promoPrice": null,
    "pricePerUnit": "3.29 pieces",
    "image": "https://www.jumbo.com/dam-images/fit-in/360x360/Products/09082023_1691586203197_1691586209068_7046110028001_1.png",
    "available": true,
    "promoUntil": null
  },
  {
    "id": "97165PAK",
    "title": "Jordan Individual Reach Zacht",
    "category": "Drogisterij en baby",
    "price": 3.59,
    "promoPrice": null,
    "pricePerUnit": "3.59 pieces",
    "image": "https://www.jumbo.com/dam-images/fit-in/360x360/Products/09082023_1691579016803_1691579023623_7038516550361_1.png",
    "available": true,
    "promoUntil": null
  },
  {
    "id": "558538ZK",
    "title": "Cheetos Crunchetos Sweet Chili Chips 110 g",
    "category": "Koek, snoep, chocolade en chips",
    "price": 1.99,
    "promoPrice": null,
    "pricePerUnit": "18.09 kg",
    "image": "https://www.jumbo.com/dam-images/fit-in/360x360/Products/27032025_1743068012906_1743068016126_8710398527691_1.png",
    "available": true,
    "promoUntil": null
  },
  {
    "id": "564078ZK",
    "title": "Dr. Beckmann Magic Leaves Wasmiddel Sheets Universeel",
    "category": "Huishouden en dieren",
    "price": 5.99,
    "promoPrice": null,
    "pricePerUnit": "0.3 wb",
    "image": "https://www.jumbo.com/dam-images/fit-in/360x360/Products/07032025_1741318791035_1741318793472_564078_ZK_04008455586014_C1N1.png",
    "available": true,
    "promoUntil": null
  },
  {
    "id": "613042ZK",
    "title": "Dubro Multi Ontvetter doekjes 80st.",
    "category": "Huishouden en dieren",
    "price": 4.49,
    "promoPrice": null,
    "pricePerUnit": "0.06 pieces",
    "image": "https://www.jumbo.com/dam-images/fit-in/360x360/Products/29042025_1745889049139_1745889056875_613042_ZK_08711106025799_C1N1.png",
    "available": true,
    "promoUntil": null
  },
  {
    "id": "699250DS",
    "title": "Fairtrade Original Indiase Milde Curry Kruidenpasta 75 g",
    "category": "Wereldkeukens, kruiden, pasta en rijst",
    "price": 2.37,
    "promoPrice": null,
    "pricePerUnit": "31.6 kg",
    "image": "https://www.jumbo.com/dam-images/fit-in/360x360/Products/15052025_1747313800049_1747313805842_699250_DS_08711741360583_C1N1.png",
    "available": true,
    "promoUntil": null
  },
  {
    "id": "396487ZK",
    "title": "Food2Smile Gummy Mix Gluten- en Suikervrij 90 g",
    "category": "Koek, snoep, chocolade en chips",
    "price": 1.95,
    "promoPrice": null,
    "pricePerUnit": "21.67 kg",
    "image": "https://www.jumbo.com/dam-images/fit-in/360x360/Products/22122023_1703214467034_1703214477384_396487_ZK_08719325464429_C1N1.png",
    "available": true,
    "promoUntil": null
  },
  {
    "id": "640417DS",
    "title": "HG koffiemachine reinigingstabletten 10 stuks",
    "category": "Huishouden en dieren",
    "price": 7.99,
    "promoPrice": null,
    "pricePerUnit": "0.8 pieces",
    "image": "https://www.jumbo.com/dam-images/fit-in/360x360/Products/06122024_1733455622666_1733455625863_640417_DS_08711577223397_C1N1.png",
    "available": false,
    "promoUntil": null
  },
  {
    "id": "678381ZK",
    "title": "HEMA Uitdeelzakjes Confetti 8 Stuks",
    "category": "Non-food en servicebalie",
    "price": 1.39,
    "promoPrice": null,
    "pricePerUnit": "0.17 pieces",
    "image": "https://www.jumbo.com/dam-images/fit-in/360x360/Products/06022025_1738858899984_1738858903064_678381_ZK_08720354505984_C1N1.png",
    "available": true,
    "promoUntil": null
  },
  {
    "id": "642012STK",
    "title": "Jumbo Citroen Afwasmiddel 3 x 500ml",
    "category": "Huishouden en dieren",
    "price": 2.19,
    "promoPrice": null,
    "pricePerUnit": "None None",
    "image": "https://www.jumbo.com/dam-images/fit-in/360x360/Products/20229955e817c24a-5589-4348-8022-84cedfebf7d7-1721899886178.png",
    "available": true,
    "promoUntil": null
  },
  {
    "id": "538307BLK",
    "title": "Alfa Super Strong Blik 50 cl",
    "category": "Bier en wijn",
    "price": 1.85,
    "promoPrice": null,
    "pricePerUnit": "3.7 l",
    "image": "https://www.jumbo.com/dam-images/fit-in/360x360/Products/09052025_1746786766837_1746786771477_8711527002003_1.png",
    "available": true,
    "promoUntil": null
  },
  {
    "id": "703955DS",
    "title": "BrewDog Punk IPA 4x330ML",
    "category": "Bier en wijn",
    "price": 8.99,
    "promoPrice": null,
    "pricePerUnit": "6.81 l",
    "image": "https://www.jumbo.com/dam-images/fit-in/360x360/Products/11062025_1749630552238_1749630553415_703955_DS_05056025440487_A1N1.png",
    "available": true,
    "promoUntil": null
  },
  {
    "id": "197140CUP",
    "title": "Conimex Uitjes Gebakken 100 g",
    "category": "Wereldkeukens, kruiden, pasta en rijst",
    "price": 1.13,
    "promoPrice": null,
    "pricePerUnit": "11.3 kg",
    "image": "https://www.jumbo.com/dam-images/fit-in/360x360/Products/02042025_1743561097126_1743561150558_197140_CUP_08714100360019_H1N1.png",
    "available": true,
    "promoUntil": null
  },
  {
    "id": "703751ZK",
    "title": "Jumbo Gesneden Spruitjes 300 g",
    "category": "Aardappelen, groente en fruit",
    "price": 2.49,
    "promoPrice": null,
    "pricePerUnit": "8.3 kg",
    "image": "https://www.jumbo.com/dam-images/fit-in/360x360/Products/20082025_1755696814536_1755696821773_8718452934423_1.png",
    "available": true,
    "promoUntil": null
  },
  {
    "id": "151137DS",
    "title": "Jumbo Milde Kaas Biscuits 100 g",
    "category": "Koek, snoep, chocolade en chips",
    "price": 1.35,
    "promoPrice": null,
    "pricePerUnit": "13.5 kg",
    "image": "https://www.jumbo.com/dam-images/fit-in/360x360/Products/26082025_1756215315198_1756215326072_8718452922796_596.png",
    "available": true,
    "promoUntil": null
  },
  {
    "id": "653787KGR",
    "title": "Jumbo Roche Baron Blauwschimmelkaas 50+ ca. 150 g",
    "category": "Vleeswaren, kaas en tapas",
    "price": 4.51,
    "promoPrice": null,
    "pricePerUnit": "30.09 kg",
    "image": "https://www.jumbo.com/dam-images/fit-in/360x360/Products/14102024_1728894968041_1728894979070_2348564000000_1.png",
    "available": true,
    "promoUntil": null
  },
  {
    "id": "616766BLK",
    "title": "Euroma Chinese 5 Spices by Jonnie Boer",
    "category": "Wereldkeukens, kruiden, pasta en rijst",
    "price": 3.26,
    "promoPrice": null,
    "pricePerUnit": "72.44 kg",
    "image": "https://www.jumbo.com/dam-images/fit-in/360x360/Products/03062024_1717420814738_1717420823199_8717600351761_1.png",
    "available": true,
    "promoUntil": null
  },
  {
    "id": "589662STK",
    "title": "Beemster Signature Premium Kaas Aged 200 g",
    "category": "Vleeswaren, kaas en tapas",
    "price": 4.85,
    "promoPrice": null,
    "pricePerUnit": "24.25 kg",
    "image": "https://www.jumbo.com/dam-images/fit-in/360x360/Products/25032024_1711381577251_1711381595210_8712243026236_1.png",
    "available": true,
    "promoUntil": null
  },
  {
    "id": "668902BLK",
    "title": "De Klok Weizen 500ML",
    "category": "Bier en wijn",
    "price": 1.19,
    "promoPrice": null,
    "pricePerUnit": "2.38 l",
    "image": "https://www.jumbo.com/dam-images/fit-in/360x360/Products/11122024_1733923487397_1733923492043_668902_BLK_08716700019458_C1N1.png",
    "available": true,
    "promoUntil": null
  },
  {
    "id": "696046DS",
    "title": "Jumbo Broomhexine 8Mg Tabl 30st",
    "category": "Drogisterij en baby",
    "price": 1.99,
    "promoPrice": null,
    "pricePerUnit": "0.07 pieces",
    "image": "https://www.jumbo.com/dam-images/fit-in/360x360/Products/24092025_1758672109614_1758672111434_8718452747313_1.png",
    "available": true,
    "promoUntil": null
  },
  {
    "id": "595910ZK",
    "title": "Jumbo Groentjes Menthol 300 g",
    "category": "Koek, snoep, chocolade en chips",
    "price": 2.25,
    "promoPrice": null,
    "pricePerUnit": "7.5 kg",
    "image": "https://www.jumbo.com/dam-images/fit-in/360x360/Products/11062024_1718076608931_1718076624788_595910_ZK_08718452752751_C1N1.png",
    "available": true,
    "promoUntil": null
  },
  {
    "id": "687198ZK",
    "title": "Jumbo Kruidnoten Melkchocolade 250 g",
    "category": "Koek, snoep, chocolade en chips",
    "price": 2.99,
    "promoPrice": null,
    "pricePerUnit": "11.96 kg",
    "image": "https://www.jumbo.com/dam-images/fit-in/360x360/Products/12062025_1749742493526_1749742505730_8718452899630_596.png",
    "available": true,
    "promoUntil": null
  },
  {
    "id": "184380ZK",
    "title": "Jumbo Taai Koeken Ambachtelijk 250 g",
    "category": "Koek, snoep, chocolade en chips",
    "price": 2.89,
    "promoPrice": null,
    "pricePerUnit": "11.56 kg",
    "image": "https://www.jumbo.com/dam-images/fit-in/360x360/Products/09082023_1691587281951_1691587287270_8718452233175_1.png",
    "available": true,
    "promoUntil": null
  },
  {
    "id": "377843PAK",
    "title": "Chouffe - Cherry - Fles - 4 x 330ML",
    "category": "Bier en wijn",
    "price": 9.29,
    "promoPrice": null,
    "pricePerUnit": "7.04 l",
    "image": "https://www.jumbo.com/dam-images/fit-in/360x360/Products/09082023_1691588269174_1691588483643_5410769800080_1.png",
    "available": true,
    "promoUntil": null
  },
  {
    "id": "545644POT",
    "title": "Garnier Hair Remedy Loving Blends Intens Voedend Masker Avocado Olie & Shea Boter 340 ml",
    "category": "Drogisterij en baby",
    "price": 8.49,
    "promoPrice": null,
    "pricePerUnit": "24.97 l",
    "image": "https://www.jumbo.com/dam-images/fit-in/360x360/Products/24102024_1729735251945_1729735255793_545644_POT_03600542510196_C1N1.png",
    "available": true,
    "promoUntil": null
  },
  {
    "id": "629548STK",
    "title": "Glorix Aromalux Toiletblok Dahlia Flower & Dragonfruit 1 stuk",
    "category": "Huishouden en dieren",
    "price": 4.19,
    "promoPrice": null,
    "pricePerUnit": "4.19 pieces",
    "image": "https://www.jumbo.com/dam-images/fit-in/360x360/Products/12092025_1757640052805_1757640091885_629548_STK_08720182909008_H1N1.png",
    "available": true,
    "promoUntil": null
  },
  {
    "id": "646835DS",
    "title": "Barilla Al Bronzo Mezzi Rigatoni N. 322 500g",
    "category": "Wereldkeukens, kruiden, pasta en rijst",
    "price": 2.49,
    "promoPrice": null,
    "pricePerUnit": "4.98 kg",
    "image": "https://www.jumbo.com/dam-images/fit-in/360x360/Products/22082024_1724306653983_1724306657135_646835_DS_08076809585224_C1N1.png",
    "available": true,
    "promoUntil": null
  },
  {
    "id": "379313BLK",
    "title": "Barkleys™ Kaneel Intense Mints 50 g",
    "category": "Koek, snoep, chocolade en chips",
    "price": 1.89,
    "promoPrice": null,
    "pricePerUnit": "37.8 kg",
    "image": "https://www.jumbo.com/dam-images/fit-in/360x360/Products/12122024_1734014484864_1734014493264_87313277_1.png",
    "available": true,
    "promoUntil": null
  },
  {
    "id": "166532DSL",
    "title": "Jumbo Hair & Body 2 in 1 6 x 250ML",
    "category": "Drogisterij en baby",
    "price": 2.76,
    "promoPrice": null,
    "pricePerUnit": "1.84 l",
    "image": "https://www.jumbo.com/dam-images/fit-in/360x360/Products/166532DSL-1692282903437.png",
    "available": true,
    "promoUntil": null
  },
  {
    "id": "678428BLS",
    "title": "HEMA Pincet",
    "category": "Drogisterij en baby",
    "price": 2.99,
    "promoPrice": null,
    "pricePerUnit": "2.99 pieces",
    "image": "https://www.jumbo.com/dam-images/fit-in/360x360/Products/09082023_1691586930886_1691586941776_8718537567737_1.png",
    "available": true,
    "promoUntil": null
  },
  {
    "id": "692968DS",
    "title": "Jumbo Vegan Vissticks 10 Stuks",
    "category": "Diepvries",
    "price": 2.34,
    "promoPrice": null,
    "pricePerUnit": "8.67 kg",
    "image": "https://www.jumbo.com/dam-images/fit-in/360x360/Products/30052025_1748615586850_1748615602155_8718452911165_596.png",
    "available": true,
    "promoUntil": null
  },
  {
    "id": "502586STK",
    "title": "Bisolvon Tabletten bij vastzitttende hoest 8 mg, 50 stuks",
    "category": "Drogisterij en baby",
    "price": 8.85,
    "promoPrice": null,
    "pricePerUnit": "0.18 pieces",
    "image": "https://www.jumbo.com/dam-images/fit-in/360x360/Products/24092025_1758672062679_1758672065435_8712172864312_1.png",
    "available": true,
    "promoUntil": null
  },
  {
    "id": "539095BLK",
    "title": "BrewDog - Punk IPA Alcoholvrij 0.5% - Blik - 330ML",
    "category": "Bier en wijn",
    "price": 1.99,
    "promoPrice": null,
    "pricePerUnit": "6.03 l",
    "image": "https://www.jumbo.com/dam-images/fit-in/360x360/Products/539095_8718969637459_1_T1_515730BLK1691078594126.png",
    "available": true,
    "promoUntil": null
  },
  {
    "id": "424852STK",
    "title": "Davitamon Compleet mama plus omega-3 visolie capsules, 60 stuks",
    "category": "Drogisterij en baby",
    "price": 25.49,
    "promoPrice": null,
    "pricePerUnit": "299.88 kg",
    "image": "https://www.jumbo.com/dam-images/fit-in/360x360/Products/24092025_1758672107967_1758672114034_8710537703894_1.png",
    "available": true,
    "promoUntil": null
  },
  {
    "id": "578158CUP",
    "title": "Jumbo Salade Vitello Tonnato 125 g",
    "category": "Vleeswaren, kaas en tapas",
    "price": 2.19,
    "promoPrice": null,
    "pricePerUnit": "17.52 kg",
    "image": "https://www.jumbo.com/dam-images/fit-in/360x360/Products/28032025_1743157975923_1743157984982_8718452763818_1.png",
    "available": true,
    "promoUntil": null
  },
  {
    "id": "669115DS",
    "title": "Jumbo Biologisch Alfalfa 40 g",
    "category": "Verse maaltijden en gemak",
    "price": 1.29,
    "promoPrice": null,
    "pricePerUnit": "32.25 kg",
    "image": "https://www.jumbo.com/dam-images/fit-in/360x360/Products/24032025_1742833967024_1742833972977_8718452892532_1.png",
    "available": true,
    "promoUntil": null
  },
  {
    "id": "608095TRA",
    "title": "Bamischijf Origineel 4 Stuks 500 g",
    "category": "Diepvries",
    "price": 3.99,
    "promoPrice": null,
    "pricePerUnit": "7.98 kg",
    "image": "https://www.jumbo.com/dam-images/fit-in/360x360/Products/25032024_1711381878282_1711381900951_8716893023881_1.png",
    "available": true,
    "promoUntil": null
  },
  {
    "id": "678432STK",
    "title": "HEMA Huishoudschaar",
    "category": "Non-food en servicebalie",
    "price": 3.79,
    "promoPrice": null,
    "pricePerUnit": "3.79 pieces",
    "image": "https://www.jumbo.com/dam-images/fit-in/360x360/Products/07022025_1738916187578_1738916189787_678432_STK_08720354392423_C1N1.png",
    "available": true,
    "promoUntil": null
  },
  {
    "id": "596464FLS",
    "title": "I am Superspicy Surinaamse Stijl Madame Jeanette 300 g",
    "category": "Wereldkeukens, kruiden, pasta en rijst",
    "price": 3.69,
    "promoPrice": null,
    "pricePerUnit": "12.3 kg",
    "image": "https://www.jumbo.com/dam-images/fit-in/360x360/Products/12122024_1734014821678_1734014826026_87365672_1.png",
    "available": true,
    "promoUntil": null
  },
  {
    "id": "568870ZK",
    "title": "Italiano Zachte Zoete Dropstaafjes 200 g",
    "category": "Koek, snoep, chocolade en chips",
    "price": 2.27,
    "promoPrice": null,
    "pricePerUnit": "11.35 kg",
    "image": "https://www.jumbo.com/dam-images/fit-in/360x360/Products/14022024_1707872893198_1707872901895_8719700009627_1.png",
    "available": true,
    "promoUntil": null
  },
  {
    "id": "548743DSL",
    "title": "Always Daily Protect Extra Long OdourBlock technologie Inlegkruisjes 8 x 22 Stuks",
    "category": "Drogisterij en baby",
    "price": 23.92,
    "promoPrice": 16.74,
    "pricePerUnit": "0.1 pieces",
    "image": "https://www.jumbo.com/dam-images/fit-in/360x360/Products/548743DSL1c4b08c89-3027-4791-8fb8-e69c6bc5f779-1713358424105.png",
    "available": true,
    "promoUntil": "di 7 okt"
  },
  {
    "id": "706634DS",
    "title": "Apetito Maaltijdbox B Glad Gemalen (IDDSI 4) - 7 Verschillende Maaltijden",
    "category": "Diepvries",
    "price": 49.6,
    "promoPrice": null,
    "pricePerUnit": "25.11 kg",
    "image": "https://www.jumbo.com/dam-images/fit-in/360x360/Products/47385winvitalisdinerdoosGladgemalen2400x24008f6aece6-941a-4f2f-bb38-58780d35874c-1754577465609.png",
    "available": true,
    "promoUntil": null
  },
  {
    "id": "583854BLK",
    "title": "Big Belly - IPA - Loulou - Blik - 330ML",
    "category": "Bier en wijn",
    "price": 3.19,
    "promoPrice": null,
    "pricePerUnit": "9.67 l",
    "image": "https://www.jumbo.com/dam-images/fit-in/360x360/Products/20092025_1758333481753_1758333484726_583854_BLK_08720618360274_C1N1.png",
    "available": true,
    "promoUntil": null
  },
  {
    "id": "621893BLS",
    "title": "Difrax Combi Koelbijtring",
    "category": "Drogisterij en baby",
    "price": 8.99,
    "promoPrice": null,
    "pricePerUnit": "8.99 pieces",
    "image": "https://www.jumbo.com/dam-images/fit-in/360x360/Products/30032024_1711770930261_1711770933601_621893_BLS_08711736930630_A1N1.png",
    "available": true,
    "promoUntil": null
  },
  {
    "id": "707477KGR",
    "title": "Jumbo Peperham ca. 100 g",
    "category": "Vleeswaren, kaas en tapas",
    "price": 3.2,
    "promoPrice": null,
    "pricePerUnit": "32.0 kg",
    "image": "https://www.jumbo.com/dam-images/fit-in/360x360/Products/08082025_1754638396508_1754638403331_2348603000000_1.png",
    "available": true,
    "promoUntil": null
  },
  {
    "id": "176732POT",
    "title": "Go-Tan Laos Galanga 22g",
    "category": "Wereldkeukens, kruiden, pasta en rijst",
    "price": 1.89,
    "promoPrice": null,
    "pricePerUnit": "85.91 kg",
    "image": "https://www.jumbo.com/dam-images/fit-in/360x360/Products/20122023_1703042077011_1703042082117_176732_POT_08710605092455_C1N1.png",
    "available": true,
    "promoUntil": null
  },
  {
    "id": "505006ZK",
    "title": "Hak Mexicanez Nacho's 550 g",
    "category": "Wereldkeukens, kruiden, pasta en rijst",
    "price": 2.99,
    "promoPrice": null,
    "pricePerUnit": "5.44 kg",
    "image": "https://www.jumbo.com/dam-images/fit-in/360x360/Products/03072025_1751510411260_1751510428649_505006_ZK_08720600621697_C1N1_s01.png",
    "available": true,
    "promoUntil": null
  },
  {
    "id": "620374STK",
    "title": "Jumbo Biologisch Babyvoeding Spaghetti Bolognese met Rundvlees 8+ Maanden 220 g",
    "category": "Drogisterij en baby",
    "price": 1.09,
    "promoPrice": null,
    "pricePerUnit": "4.95 kg",
    "image": "https://www.jumbo.com/dam-images/fit-in/360x360/Products/26082024_1724675597795_1724675605191_8718452807857_1.png",
    "available": true,
    "promoUntil": null
  },
  {
    "id": "616659DS",
    "title": "Colgate Max White Purple Reveal Tandpasta 75ML",
    "category": "Drogisterij en baby",
    "price": 5.99,
    "promoPrice": null,
    "pricePerUnit": "79.87 l",
    "image": "https://www.jumbo.com/dam-images/fit-in/360x360/Products/18072024_1721265406324_1721265409304_616659_DS_08718951539976_C1N1.png",
    "available": true,
    "promoUntil": null
  },
  {
    "id": "415615DS",
    "title": "Jumbo Biologisch Roomijs Vanillesmaak 1L",
    "category": "Diepvries",
    "price": 3.99,
    "promoPrice": null,
    "pricePerUnit": "3.99 l",
    "image": "https://www.jumbo.com/dam-images/fit-in/360x360/Products/09082023_1691588062816_1691588079785_8718452522125_1.png",
    "available": true,
    "promoUntil": null
  },
  {
    "id": "633933DS",
    "title": "Jumbo Chocoladeletter Karamel Zeezout-Puur S 65 g",
    "category": "Koek, snoep, chocolade en chips",
    "price": 1.29,
    "promoPrice": null,
    "pricePerUnit": "19.85 kg",
    "image": "https://www.jumbo.com/dam-images/fit-in/360x360/Products/02042025_1743604410730_1743604424520_8718452806300_596.png",
    "available": true,
    "promoUntil": null
  },
  {
    "id": "679369BLK",
    "title": "Jumbo Cola Zero Sugar -  Special Edition Peach - Blik - 330ML",
    "category": "Frisdrank en sappen",
    "price": 0.59,
    "promoPrice": null,
    "pricePerUnit": "1.79 l",
    "image": "https://www.jumbo.com/dam-images/fit-in/360x360/Products/16062025_1750088026529_1750088046284_8718452896523_596.png",
    "available": true,
    "promoUntil": null
  },
  {
    "id": "653891CUP",
    "title": "Jumbo Empanada Chili Sin Carne 80 g ",
    "category": "Vleeswaren, kaas en tapas",
    "price": 2.49,
    "promoPrice": null,
    "pricePerUnit": "31.13 kg",
    "image": "https://www.jumbo.com/dam-images/fit-in/360x360/Products/09092025_1757421315247_1757421324293_8718452824922_1.png",
    "available": true,
    "promoUntil": null
  },
  {
    "id": "542980ZK",
    "title": "AdVENTuROS Nuggets Hondensnacks Rijk aan Wildzwijn",
    "category": "Huishouden en dieren",
    "price": 2.17,
    "promoPrice": null,
    "pricePerUnit": "24.11 kg",
    "image": "https://www.jumbo.com/dam-images/fit-in/360x360/Products/07072025_1751850542251_1751850628270_542980_ZK_08445290574916_H1N1_s02.png",
    "available": true,
    "promoUntil": null
  },
  {
    "id": "371294TUB",
    "title": "Colgate Caries Protection Tandpasta 75 ml",
    "category": "Drogisterij en baby",
    "price": 2.29,
    "promoPrice": null,
    "pricePerUnit": "30.53 l",
    "image": "https://www.jumbo.com/dam-images/fit-in/360x360/Products/13082025_1755052953291_1755052955971_371294_TUB_08718951361690_C1N1.png",
    "available": true,
    "promoUntil": null
  },
  {
    "id": "705481BLK",
    "title": "Gebrouwen Door Vrouwen Tricky Tripel 330ML",
    "category": "Bier en wijn",
    "price": 2.99,
    "promoPrice": null,
    "pricePerUnit": "9.06 l",
    "image": "https://www.jumbo.com/dam-images/fit-in/360x360/Products/17072025_1752715672543_1752715673100_705481_BLK_08721082099325_A1N1.png",
    "available": true,
    "promoUntil": null
  },
  {
    "id": "636014FLS",
    "title": "Graansilo New England IPA uit Groningen Fles 330ML",
    "category": "Bier en wijn",
    "price": 2.89,
    "promoPrice": null,
    "pricePerUnit": "8.76 l",
    "image": "https://www.jumbo.com/dam-images/fit-in/360x360/Products/31122024_1735648370776_1735648374477_8719327578681_1.png",
    "available": true,
    "promoUntil": null
  },
  {
    "id": "711988TRA",
    "title": "Jumbo Stamppot Hutspot 1 kg",
    "category": "Verse maaltijden en gemak",
    "price": 3.99,
    "promoPrice": null,
    "pricePerUnit": "3.99 kg",
    "image": "https://www.jumbo.com/dam-images/fit-in/360x360/Products/22092025_1758555238464_1758555245018_8718452953011_1.png",
    "available": true,
    "promoUntil": null
  },
  {
    "id": "632412STK",
    "title": "Jumbo Biologisch Parmigiano Reggiano 125 g",
    "category": "Vleeswaren, kaas en tapas",
    "price": 3.99,
    "promoPrice": null,
    "pricePerUnit": "31.92 kg",
    "image": "https://www.jumbo.com/dam-images/fit-in/360x360/Products/29112024_1732876415170_1732876419467_8718452839025_1.png",
    "available": true,
    "promoUntil": null
  },
  {
    "id": "634705ZK",
    "title": "Bambix Knijpzakje Appel, Banaan, Sinaasappel & Koekjes Bio 6M+ 100g",
    "category": "Drogisterij en baby",
    "price": 1.45,
    "promoPrice": null,
    "pricePerUnit": "14.5 kg",
    "image": "https://www.jumbo.com/dam-images/fit-in/360x360/Products/12062024_1718195899985_1718195903202_634705_ZK_05410441002092_C1N1.png",
    "available": true,
    "promoUntil": null
  },
  {
    "id": "624127FLS",
    "title": "BioToday Power Shot Gember 75 ml",
    "category": "Frisdrank en sappen",
    "price": 2.19,
    "promoPrice": null,
    "pricePerUnit": "29.2 l",
    "image": "https://www.jumbo.com/dam-images/fit-in/360x360/Products/06022025_1738870375257_1738870386782_8719153037819_1.png",
    "available": true,
    "promoUntil": null
  },
  {
    "id": "380945ZK",
    "title": "Bonne Maman Petits Muffins Vanille de Madagascar 235 g",
    "category": "Koek, snoep, chocolade en chips",
    "price": 3.46,
    "promoPrice": null,
    "pricePerUnit": "14.72 kg",
    "image": "https://www.jumbo.com/dam-images/fit-in/360x360/Products/11042024_1712824445842_1712824453400_3178530403459_1.png",
    "available": true,
    "promoUntil": null
  },
  {
    "id": "291659FLS",
    "title": "Chapeau - Weissburgunder - 750ML",
    "category": "Bier en wijn",
    "price": 9.99,
    "promoPrice": null,
    "pricePerUnit": "13.32 l",
    "image": "https://www.jumbo.com/dam-images/fit-in/360x360/Products/09082023_1691587247313_1691587251522_4260367941095_1.png",
    "available": true,
    "promoUntil": null
  },
  {
    "id": "681163STK",
    "title": "HEMA Mengkom RVS 22 cm",
    "category": "Non-food en servicebalie",
    "price": 7.29,
    "promoPrice": null,
    "pricePerUnit": "7.29 pieces",
    "image": "https://www.jumbo.com/dam-images/fit-in/360x360/Products/20022025_1740059685532_1740059688695_681163_STK_08718537896066_C1N1.png",
    "available": true,
    "promoUntil": null
  },
  {
    "id": "449572POT",
    "title": "Jumbo Olijven Zonder Pit Piment 220 g",
    "category": "Vleeswaren, kaas en tapas",
    "price": 1.48,
    "promoPrice": null,
    "pricePerUnit": "6.73 kg",
    "image": "https://www.jumbo.com/dam-images/fit-in/360x360/Products/10082023_1691676463033_1691676468363_8718452552511_1.png",
    "available": true,
    "promoUntil": null
  },
  {
    "id": "516935PAK",
    "title": "Dettol Tru Clean Multi-Reinigingsdoekjes Eucalyptus en Limoen 48 Doekjes",
    "category": "Huishouden en dieren",
    "price": 3.79,
    "promoPrice": null,
    "pricePerUnit": "0.08 pieces",
    "image": "https://www.jumbo.com/dam-images/fit-in/360x360/Products/25042024_1714012239496_1714012244762_516935_PAK_05410036311714_C1N1.png",
    "available": true,
    "promoUntil": null
  },
  {
    "id": "197143DSL",
    "title": "AXE 3-in-1 Douchegel Black 400 ml x 6 stuks",
    "category": "Drogisterij en baby",
    "price": 46.74,
    "promoPrice": 32.71,
    "pricePerUnit": "13.63 l",
    "image": "https://www.jumbo.com/dam-images/fit-in/360x360/Products/197143DSL1546e873e-68fa-4ab6-896f-98d29c81d904-1717485196958.png",
    "available": false,
    "promoUntil": "di 7 okt"
  },
  {
    "id": "534426BLK",
    "title": "Fentimans Ginger Beer Classic 250 ml",
    "category": "Frisdrank en sappen",
    "price": 1.69,
    "promoPrice": null,
    "pricePerUnit": "6.76 l",
    "image": "https://www.jumbo.com/dam-images/fit-in/360x360/Products/03102024_1727920062979_1727920066423_534426_BLK_05029396003087_C1N1.png",
    "available": true,
    "promoUntil": null
  },
  {
    "id": "640721FLS",
    "title": "HG ECO Kalkverwijderaar 500ml",
    "category": "Huishouden en dieren",
    "price": 5.79,
    "promoPrice": null,
    "pricePerUnit": "11.58 l",
    "image": "https://www.jumbo.com/dam-images/fit-in/360x360/Products/24122024_1735009646087_1735009649963_640721_FLS_08711577271350_C1N1.png",
    "available": true,
    "promoUntil": null
  },
  {
    "id": "645769KGR",
    "title": "Jumbo Amsterdamse Leverworst ca. 115 g",
    "category": "Vleeswaren, kaas en tapas",
    "price": 1.79,
    "promoPrice": null,
    "pricePerUnit": "15.59 kg",
    "image": "https://www.jumbo.com/dam-images/fit-in/360x360/Products/29012025_1738168391099_1738168396930_2378581000000_1.png",
    "available": true,
    "promoUntil": null
  },
  {
    "id": "383974FLS",
    "title": "Château Croix Colombe - Vin de Provence Rosé - 750ML",
    "category": "Bier en wijn",
    "price": 7.49,
    "promoPrice": null,
    "pricePerUnit": "9.99 l",
    "image": "https://www.jumbo.com/dam-images/fit-in/360x360/Products/03052024_1714701573232_1714701575041_383974_FLS_03269210031748_C1N1.png",
    "available": true,
    "promoUntil": null
  },
  {
    "id": "74453STK",
    "title": "Dettol desinfecterende huidspray bij wondjes 2mg/g, 100 ml",
    "category": "Drogisterij en baby",
    "price": 9.99,
    "promoPrice": null,
    "pricePerUnit": "99.9 l",
    "image": "https://www.jumbo.com/dam-images/fit-in/360x360/Products/24092025_1758672132345_1758672136328_8710552306520_1.png",
    "available": true,
    "promoUntil": null
  },
  {
    "id": "675254CUP",
    "title": "Jumbo Knoflook Dip 170 g",
    "category": "Vleeswaren, kaas en tapas",
    "price": 1.49,
    "promoPrice": null,
    "pricePerUnit": "8.76 kg",
    "image": "https://www.jumbo.com/dam-images/fit-in/360x360/Products/03062025_1748957588141_1748957595514_8718452900497_1.png",
    "available": true,
    "promoUntil": null
  },
  {
    "id": "591916FLS",
    "title": "Jumbo Lugar de Caja - Ribera del Duero - 750ML",
    "category": "Bier en wijn",
    "price": 7.99,
    "promoPrice": null,
    "pricePerUnit": "10.65 l",
    "image": "https://www.jumbo.com/dam-images/fit-in/360x360/Products/28052025_1748439308413_1748439317915_8718452712014_1.png",
    "available": true,
    "promoUntil": null
  },
  {
    "id": "698771DSL",
    "title": "Andrelon Conditioner Oil& Care 6 x 250ml",
    "category": "Drogisterij en baby",
    "price": 38.94,
    "promoPrice": 27.25,
    "pricePerUnit": "32.45 l",
    "image": "https://www.jumbo.com/dam-images/fit-in/360x360/Products/87201813260591eb2eb9b3-71db-46f5-b24b-a797d7d4559b-1696237201562.png",
    "available": true,
    "promoUntil": "di 7 okt"
  },
  {
    "id": "698632DSL",
    "title": "Andrélon Shampoo Levendig Lang - 6 x 250ml",
    "category": "Drogisterij en baby",
    "price": 38.94,
    "promoPrice": 27.25,
    "pricePerUnit": "25.96 l",
    "image": "https://www.jumbo.com/dam-images/fit-in/360x360/Products/482558DSL163aaab1e-6681-4fb4-a32a-a54dcd2df18d-1717485198989.png",
    "available": true,
    "promoUntil": "di 7 okt"
  },
  {
    "id": "677780EM",
    "title": "Cornish Sea Salt Really Garlicky 55g",
    "category": "Wereldkeukens, kruiden, pasta en rijst",
    "price": 3.29,
    "promoPrice": null,
    "pricePerUnit": "59.82 kg",
    "image": "https://www.jumbo.com/dam-images/fit-in/360x360/Products/05022025_1738743568776_1738743574458_677780_EM_05060155200774_C1N1.png",
    "available": true,
    "promoUntil": null
  },
  {
    "id": "672041BLK",
    "title": "Euroma Cocos Baking Spice by Jonnie Boer 47g",
    "category": "Wereldkeukens, kruiden, pasta en rijst",
    "price": 3.29,
    "promoPrice": null,
    "pricePerUnit": "70.0 kg",
    "image": "https://www.jumbo.com/dam-images/fit-in/360x360/Products/07012025_1736215791245_1736215800838_672041_BLK_08717600358104_C1N1.png",
    "available": true,
    "promoUntil": null
  },
  {
    "id": "681378DS",
    "title": "HEMA Box Magneten 12 Stuks",
    "category": "Non-food en servicebalie",
    "price": 1.69,
    "promoPrice": null,
    "pricePerUnit": "0.14 pieces",
    "image": "https://www.jumbo.com/dam-images/fit-in/360x360/Products/21022025_1740132767052_1740132776802_681378_DS_08713475256200_C1N1.png",
    "available": true,
    "promoUntil": null
  },
  {
    "id": "501943ZK",
    "title": "Jumbo Biologisch Ongebrande Amandelen 175 g",
    "category": "Aardappelen, groente en fruit",
    "price": 3.49,
    "promoPrice": null,
    "pricePerUnit": "19.94 kg",
    "image": "https://www.jumbo.com/dam-images/fit-in/360x360/Products/10082023_1691677308098_1691677318580_8718452633586_1.png",
    "available": true,
    "promoUntil": null
  },
  {
    "id": "315587ZK",
    "title": "Jumbo Vegetarische Kroepoek 75 g",
    "category": "Wereldkeukens, kruiden, pasta en rijst",
    "price": 0.91,
    "promoPrice": null,
    "pricePerUnit": "12.13 kg",
    "image": "https://www.jumbo.com/dam-images/fit-in/360x360/Products/24032025_1742830391981_1742830401378_8718452361892_1.png",
    "available": true,
    "promoUntil": null
  },
  {
    "id": "688904STK",
    "title": "Jumbo Vers Sap Sinaasappel & Mango 3 x 250ML",
    "category": "Aardappelen, groente en fruit",
    "price": 5.97,
    "promoPrice": null,
    "pricePerUnit": "None None",
    "image": "https://www.jumbo.com/dam-images/fit-in/360x360/Products/20259044d217861c-4825-4e11-bd7b-097f90577836-1743407056319.png",
    "available": true,
    "promoUntil": null
  },
  {
    "id": "545120BLK",
    "title": "9 Energy Drink Zero Sugar 250 ML",
    "category": "Frisdrank en sappen",
    "price": 0.99,
    "promoPrice": null,
    "pricePerUnit": "3.96 l",
    "image": "https://www.jumbo.com/dam-images/fit-in/360x360/Products/545120_8718452639762_1_T1_293795BLK1691076360777.png",
    "available": true,
    "promoUntil": null
  },
  {
    "id": "644510DS",
    "title": "Bepanthen babyzalf 100 g",
    "category": "Drogisterij en baby",
    "price": 15.29,
    "promoPrice": null,
    "pricePerUnit": "152.9 kg",
    "image": "https://www.jumbo.com/dam-images/fit-in/360x360/Products/08713091021718C1N1faba7d1f-4331-4d87-a53b-8567429aaedb-1734594063929.png",
    "available": true,
    "promoUntil": null
  },
  {
    "id": "574144ZK",
    "title": "Bolletje Truffel Chocolade Kruidnoten 250 g",
    "category": "Koek, snoep, chocolade en chips",
    "price": 3.69,
    "promoPrice": null,
    "pricePerUnit": "14.76 kg",
    "image": "https://www.jumbo.com/dam-images/fit-in/360x360/Products/18042024_1713465395871_1713465406522_8710482534611_1.png",
    "available": true,
    "promoUntil": null
  },
  {
    "id": "687710ZK",
    "title": "Chio Oven Chips Onion & Sour Cream Flavour 125 g",
    "category": "Koek, snoep, chocolade en chips",
    "price": 1.99,
    "promoPrice": null,
    "pricePerUnit": "15.92 kg",
    "image": "https://www.jumbo.com/dam-images/fit-in/360x360/Products/28052025_1748396841941_1748396870244_687710_ZK_08710532475017_H1N1_R.png",
    "available": true,
    "promoUntil": null
  },
  {
    "id": "85308PAK",
    "title": "De Bron Fruitjuice Toffees Sugarfree 90 g",
    "category": "Koek, snoep, chocolade en chips",
    "price": 1.79,
    "promoPrice": null,
    "pricePerUnit": "19.89 kg",
    "image": "https://www.jumbo.com/dam-images/fit-in/360x360/Products/10062025_1749569568189_1749569578426_8712514092137_1.png",
    "available": true,
    "promoUntil": null
  },
  {
    "id": "569833DS",
    "title": "De Kleine Keuken Biologische Rozijn & Noten Reepjes 18+ Maanden 5 Stuks 75 g",
    "category": "Drogisterij en baby",
    "price": 3.06,
    "promoPrice": null,
    "pricePerUnit": "40.8 kg",
    "image": "https://www.jumbo.com/dam-images/fit-in/360x360/Products/24122024_1735047155652_1735047162772_8718734493976_1.png",
    "available": true,
    "promoUntil": null
  },
  {
    "id": "684410FLS",
    "title": "Elvive Total Repair 5 Heropbouwende Shampoo 250 ml",
    "category": "Drogisterij en baby",
    "price": 6.59,
    "promoPrice": null,
    "pricePerUnit": "26.36 l",
    "image": "https://www.jumbo.com/dam-images/fit-in/360x360/Products/10082023_1691674928493_1691674952455_3600522966913_1.png",
    "available": true,
    "promoUntil": null
  },
  {
    "id": "641419STK",
    "title": "HEMA Bekers Multicolor 8 Stuks",
    "category": "Non-food en servicebalie",
    "price": 1.69,
    "promoPrice": null,
    "pricePerUnit": "0.21 pieces",
    "image": "https://www.jumbo.com/dam-images/fit-in/360x360/Products/16102024_1729041084300_1729041087527_641419_STK_08720354505496_C1N1.png",
    "available": true,
    "promoUntil": null
  },
  {
    "id": "667426STK",
    "title": "HEMA Rustiek Kaars 19cm Ivoor",
    "category": "Non-food en servicebalie",
    "price": 3.69,
    "promoPrice": null,
    "pricePerUnit": "3.69 pieces",
    "image": "https://www.jumbo.com/dam-images/fit-in/360x360/Products/21032025_1742534290481_1742534294661_667426_STK_08713475382671_C1N1.png",
    "available": true,
    "promoUntil": null
  },
  {
    "id": "645641POT",
    "title": "Heinz Tomato Frito® Creation Moroccan Spices & Roasted pepper 350ml",
    "category": "Wereldkeukens, kruiden, pasta en rijst",
    "price": 1.99,
    "promoPrice": null,
    "pricePerUnit": "5.69 kg",
    "image": "https://www.jumbo.com/dam-images/fit-in/360x360/Products/18042025_1744945890356_1744945898124_645641_POT_08410066143061_H1N1.png",
    "available": true,
    "promoUntil": null
  },
  {
    "id": "678404CUP",
    "title": "Jumbo Kaas Knoflook Dip 170g",
    "category": "Vleeswaren, kaas en tapas",
    "price": 2.49,
    "promoPrice": null,
    "pricePerUnit": "14.65 kg",
    "image": "https://www.jumbo.com/dam-images/fit-in/360x360/Products/27052025_1748349169190_1748349177496_8718452837144_1.png",
    "available": true,
    "promoUntil": null
  },
  {
    "id": "18176ZK",
    "title": "Amoy Medium Noodles 300 g",
    "category": "Wereldkeukens, kruiden, pasta en rijst",
    "price": 2.93,
    "promoPrice": null,
    "pricePerUnit": "9.77 kg",
    "image": "https://www.jumbo.com/dam-images/fit-in/360x360/Products/21022025_1740107764747_1740107770753_18176_ZK_05010928390508_C1N1.png",
    "available": true,
    "promoUntil": null
  },
  {
    "id": "684322ZK",
    "title": "Jumbo Chocolade Figuurtjes Melkchocolade 135 g ",
    "category": "Koek, snoep, chocolade en chips",
    "price": 3.59,
    "promoPrice": null,
    "pricePerUnit": "26.59 kg",
    "image": "https://www.jumbo.com/dam-images/fit-in/360x360/Products/25072025_1753443172023_1753443177213_8718452899807_1.png",
    "available": true,
    "promoUntil": null
  },
  {
    "id": "434455FLS",
    "title": "De Koninck - Tripel d'Anvers - Fles - 330ML",
    "category": "Bier en wijn",
    "price": 2.19,
    "promoPrice": null,
    "pricePerUnit": "6.64 l",
    "image": "https://www.jumbo.com/dam-images/fit-in/360x360/Products/10082023_1691676797420_1691676801630_54107090_1.png",
    "available": true,
    "promoUntil": null
  },
  {
    "id": "703831STK",
    "title": "Jumbo Hond Paté met Lam & Groente",
    "category": "Huishouden en dieren",
    "price": 3.96,
    "promoPrice": null,
    "pricePerUnit": "None None",
    "image": "https://www.jumbo.com/dam-images/fit-in/360x360/Products/20259150649fc746-231c-4daf-ab30-1f5059269a49-1749628243982.png",
    "available": true,
    "promoUntil": null
  },
  {
    "id": "648057FLS",
    "title": "Actiph Alkaline Ionised Water 1L",
    "category": "Frisdrank en sappen",
    "price": 1.97,
    "promoPrice": null,
    "pricePerUnit": "1.97 l",
    "image": "https://www.jumbo.com/dam-images/fit-in/360x360/Products/29082024_1724908931447_1724908933727_648057_FLS_05060477670019_A1N1.png",
    "available": true,
    "promoUntil": null
  },
  {
    "id": "176731POT",
    "title": "Go-Tan Ketoembar koriander 25g",
    "category": "Wereldkeukens, kruiden, pasta en rijst",
    "price": 1.89,
    "promoPrice": null,
    "pricePerUnit": "75.6 kg",
    "image": "https://www.jumbo.com/dam-images/fit-in/360x360/Products/06042024_1712369990313_1712369995487_176731_POT_08710605092424_C1N1.png",
    "available": true,
    "promoUntil": null
  },
  {
    "id": "617477DS",
    "title": "Jumbo Alternatief voor Komijn Kaas 200 g",
    "category": "Vleeswaren, kaas en tapas",
    "price": 2.29,
    "promoPrice": null,
    "pricePerUnit": "11.45 kg",
    "image": "https://www.jumbo.com/dam-images/fit-in/360x360/Products/03052024_1714746907133_1714746911667_8718452825066_1.png",
    "available": true,
    "promoUntil": null
  },
  {
    "id": "283562STK",
    "title": "Jumbo Bami Speciaal Mix 36 g",
    "category": "Wereldkeukens, kruiden, pasta en rijst",
    "price": 0.99,
    "promoPrice": null,
    "pricePerUnit": "27.5 kg",
    "image": "https://www.jumbo.com/dam-images/fit-in/360x360/Products/09082023_1691585940244_1691585962068_8718452376162_1.png",
    "available": true,
    "promoUntil": null
  },
  {
    "id": "685469CUP",
    "title": "Jumbo Rode Curry Salade 200 g",
    "category": "Vleeswaren, kaas en tapas",
    "price": 2.79,
    "promoPrice": null,
    "pricePerUnit": "13.95 kg",
    "image": "https://www.jumbo.com/dam-images/fit-in/360x360/Products/07072025_1751902636195_1751902642616_8718452897322_1.png",
    "available": true,
    "promoUntil": null
  },
  {
    "id": "143783STK",
    "title": "Aquafresh Anti Cariës Tandpasta voor gezonde tanden en een frisse adem 75ml, recyclebare plastic tube en dop",
    "category": "Drogisterij en baby",
    "price": 2.59,
    "promoPrice": null,
    "pricePerUnit": "34.53 kg",
    "image": "https://www.jumbo.com/dam-images/fit-in/360x360/Products/19082024_1724059993804_1724059997239_8710464122423_1.png",
    "available": true,
    "promoUntil": null
  },
  {
    "id": "538725TRA",
    "title": "Brand Pilsener Bier Blik 6 x 330ml",
    "category": "Bier en wijn",
    "price": 7.49,
    "promoPrice": null,
    "pricePerUnit": "3.78 l",
    "image": "https://www.jumbo.com/dam-images/fit-in/360x360/Products/07012025_1736267674250_1736267678043_8723200102535_1.png",
    "available": true,
    "promoUntil": null
  },
  {
    "id": "622210DS",
    "title": "Difrax S-fles groot (250 ml)",
    "category": "Drogisterij en baby",
    "price": 12.49,
    "promoPrice": null,
    "pricePerUnit": "12.49 pieces",
    "image": "https://www.jumbo.com/dam-images/fit-in/360x360/Products/08032025_1741395678993_1741395685936_8711736025787_1.png",
    "available": true,
    "promoUntil": null
  },
  {
    "id": "682110DS",
    "title": "Dr. Oetker Ristorante Al Salame Vegano 295 Gr",
    "category": "Diepvries",
    "price": 4.49,
    "promoPrice": null,
    "pricePerUnit": "15.22 kg",
    "image": "https://www.jumbo.com/dam-images/fit-in/360x360/Products/28052025_1748396416514_1748396424153_682110_DS_04001724043393_C1N1_s01.png",
    "available": true,
    "promoUntil": null
  },
  {
    "id": "344370PAK",
    "title": "DryNites Absorberende Nachtbroekjes Girls - 8 tot 13 Jaar",
    "category": "Drogisterij en baby",
    "price": 7.49,
    "promoPrice": null,
    "pricePerUnit": "0.83 pieces",
    "image": "https://www.jumbo.com/dam-images/fit-in/360x360/Products/08052025_1746667737618_1746667742827_344370_PAK_05029053527604_C1N1.png",
    "available": true,
    "promoUntil": null
  },
  {
    "id": "644851STK",
    "title": "Bella Italia Pinsa Classica Bianca 230 g",
    "category": "Brood en gebak",
    "price": 3.29,
    "promoPrice": null,
    "pricePerUnit": "14.3 kg",
    "image": "https://www.jumbo.com/dam-images/fit-in/360x360/Products/31012025_1738319565172_1738319571207_8388778949786_1.png",
    "available": true,
    "promoUntil": null
  },
  {
    "id": "520232FLS",
    "title": "Inproba Sweet & Sour Sauce 500 ml",
    "category": "Wereldkeukens, kruiden, pasta en rijst",
    "price": 1.69,
    "promoPrice": null,
    "pricePerUnit": "3.38 l",
    "image": "https://www.jumbo.com/dam-images/fit-in/360x360/Products/06122023_1701838409087_1701838413335_520232_FLS_08710518730017_C1N1.png",
    "available": true,
    "promoUntil": null
  },
  {
    "id": "641258STK",
    "title": "HEMA Gebaksbordjes Confetti 8 Stuks",
    "category": "Non-food en servicebalie",
    "price": 1.89,
    "promoPrice": null,
    "pricePerUnit": "0.24 pieces",
    "image": "https://www.jumbo.com/dam-images/fit-in/360x360/Products/12092024_1726107897913_1726107901790_641258_STK_08720354505649_C1N1.png",
    "available": true,
    "promoUntil": null
  },
  {
    "id": "640407FLS",
    "title": "HG vetweg 500ml",
    "category": "Huishouden en dieren",
    "price": 5.79,
    "promoPrice": null,
    "pricePerUnit": "11.58 l",
    "image": "https://www.jumbo.com/dam-images/fit-in/360x360/Products/16072024_1721108690770_1721108694935_640407_FLS_08711577189556_C1N1.png",
    "available": true,
    "promoUntil": null
  },
  {
    "id": "666391STK",
    "title": "Jumbo Pepperoni 150g",
    "category": "Vleeswaren, kaas en tapas",
    "price": 2.99,
    "promoPrice": null,
    "pricePerUnit": "19.93 kg",
    "image": "https://www.jumbo.com/dam-images/fit-in/360x360/Products/09082023_1691591280889_1691591297726_8718452670864_1.png",
    "available": true,
    "promoUntil": null
  },
  {
    "id": "174527ZK",
    "title": "Grand'Italia Tortellini agli Spinaci e Ricotta 220 g",
    "category": "Wereldkeukens, kruiden, pasta en rijst",
    "price": 2.93,
    "promoPrice": null,
    "pricePerUnit": "13.32 kg",
    "image": "https://www.jumbo.com/dam-images/fit-in/360x360/Products/08032025_1741401204857_1741401211543_174527_ZK_08000050023280_H1N1.png",
    "available": true,
    "promoUntil": null
  },
  {
    "id": "678382STK",
    "title": "HEMA Bellenblaas Mini Multicolor 8 Stuks",
    "category": "Non-food en servicebalie",
    "price": 1.89,
    "promoPrice": null,
    "pricePerUnit": "0.24 pieces",
    "image": "https://www.jumbo.com/dam-images/fit-in/360x360/Products/06022025_1738858904711_1738858908470_678382_STK_08720354505946_C1N1.png",
    "available": true,
    "promoUntil": null
  },
  {
    "id": "648718STK",
    "title": "Jumbo Bleu d'Auvergne Kaas 50+ ca. 90 g",
    "category": "Vleeswaren, kaas en tapas",
    "price": 1.5,
    "promoPrice": null,
    "pricePerUnit": "16.48 kg",
    "image": "https://www.jumbo.com/dam-images/fit-in/360x360/Products/09082023_1691592986117_1691593045812_8718452714063_1.png",
    "available": true,
    "promoUntil": null
  },
  {
    "id": "189865FLS",
    "title": "Château de la Botinière - Muscadet - Melon de Bourgogne - 750ML",
    "category": "Bier en wijn",
    "price": 6.99,
    "promoPrice": null,
    "pricePerUnit": "9.32 l",
    "image": "https://www.jumbo.com/dam-images/fit-in/360x360/Products/09082023_1691586972510_1691586975782_3032660089405_1.png",
    "available": true,
    "promoUntil": null
  },
  {
    "id": "648721KGR",
    "title": "Jumbo Fourme d'Ambert 50+ Kaas ca. 125 g",
    "category": "Vleeswaren, kaas en tapas",
    "price": 2.94,
    "promoPrice": null,
    "pricePerUnit": "23.55 kg",
    "image": "https://www.jumbo.com/dam-images/fit-in/360x360/Products/09082023_1691587627006_1691587633740_2333559000000_1.png",
    "available": true,
    "promoUntil": null
  },
  {
    "id": "703725ZK",
    "title": "Jumbo Nasi Gele Wortel 400 g",
    "category": "Aardappelen, groente en fruit",
    "price": 1.99,
    "promoPrice": null,
    "pricePerUnit": "4.98 kg",
    "image": "https://www.jumbo.com/dam-images/fit-in/360x360/Products/20082025_1755696814315_1755696821576_8718452934386_1.png",
    "available": true,
    "promoUntil": null
  },
  {
    "id": "677462DS",
    "title": "Clairivo Early Zwangerschapstest, 2 stuks",
    "category": "Drogisterij en baby",
    "price": 9.49,
    "promoPrice": null,
    "pricePerUnit": "4.75 pieces",
    "image": "https://www.jumbo.com/dam-images/fit-in/360x360/Products/31052025_1748649649415_1748649653531_6942468133668_1.png",
    "available": true,
    "promoUntil": null
  },
  {
    "id": "661270ZK",
    "title": "De Kleine Keuken Biologische Rijst Wafeltjes met Aardbei 7+ Maanden 35 g",
    "category": "Drogisterij en baby",
    "price": 1.87,
    "promoPrice": null,
    "pricePerUnit": "53.43 kg",
    "image": "https://www.jumbo.com/dam-images/fit-in/360x360/Products/08012025_1736328785269_1736328790849_8718734495000_1.png",
    "available": true,
    "promoUntil": null
  },
  {
    "id": "593933ZK",
    "title": "Jumbo Pannen Sponsen 2 Stuks",
    "category": "Huishouden en dieren",
    "price": 0.69,
    "promoPrice": null,
    "pricePerUnit": "0.35 pieces",
    "image": "https://www.jumbo.com/dam-images/fit-in/360x360/Products/14052025_1747215232493_1747215241836_8718452700011_1.png",
    "available": true,
    "promoUntil": null
  },
  {
    "id": "433123FLS",
    "title": "100 Watt - Non de Jus! Tripel - Fles - 330ML",
    "category": "Bier en wijn",
    "price": 2.99,
    "promoPrice": null,
    "pricePerUnit": "9.06 l",
    "image": "https://www.jumbo.com/dam-images/fit-in/360x360/Products/20092025_1758337698733_1758337702341_433123_FLS_08719699910164_A1N1.png",
    "available": true,
    "promoUntil": null
  },
  {
    "id": "668873BLK",
    "title": "Brouwerij 't IJ Blondie 330ML",
    "category": "Bier en wijn",
    "price": 2.59,
    "promoPrice": null,
    "pricePerUnit": "7.85 l",
    "image": "https://www.jumbo.com/dam-images/fit-in/360x360/Products/11122024_1733919966622_1733919973862_668873_BLK_08717545263976_C1N1.png",
    "available": true,
    "promoUntil": null
  },
  {
    "id": "25601FLS",
    "title": "Conimex Sojasaus Fles 175 ml",
    "category": "Wereldkeukens, kruiden, pasta en rijst",
    "price": 4.15,
    "promoPrice": null,
    "pricePerUnit": "23.71 l",
    "image": "https://www.jumbo.com/dam-images/fit-in/360x360/Products/28032025_1743130637519_1743130652565_25601_FLS_08711200208401_C1N1.png",
    "available": true,
    "promoUntil": null
  },
  {
    "id": "445186FLS",
    "title": "AriZona Iced Tea Perzik 1 L",
    "category": "Frisdrank en sappen",
    "price": 2.19,
    "promoPrice": null,
    "pricePerUnit": "2.19 l",
    "image": "https://www.jumbo.com/dam-images/fit-in/360x360/Products/12122024_1734014564817_1734014568523_613008742409_1.png",
    "available": true,
    "promoUntil": null
  },
  {
    "id": "645617POT",
    "title": "Bertolli Arrabbiata met Pikante Chilipeper en Paprika Voordeelverpakking 500 g",
    "category": "Wereldkeukens, kruiden, pasta en rijst",
    "price": 3.69,
    "promoPrice": null,
    "pricePerUnit": "7.38 kg",
    "image": "https://www.jumbo.com/dam-images/fit-in/360x360/Products/06112024_1730889185753_1730889191319_8720791224295_1.png",
    "available": true,
    "promoUntil": null
  },
  {
    "id": "623945FLS",
    "title": "BioToday Premium Gember-Cranberry Drankje 500 ml",
    "category": "Frisdrank en sappen",
    "price": 11.57,
    "promoPrice": null,
    "pricePerUnit": "23.14 l",
    "image": "https://www.jumbo.com/dam-images/fit-in/360x360/Products/10072025_1752157973305_1752157977469_8719153043032_1.png",
    "available": true,
    "promoUntil": null
  },
  {
    "id": "493635POT",
    "title": "Euroma Kip-kerrie kruiden 70 g",
    "category": "Wereldkeukens, kruiden, pasta en rijst",
    "price": 3.95,
    "promoPrice": null,
    "pricePerUnit": "56.43 kg",
    "image": "https://www.jumbo.com/dam-images/fit-in/360x360/Products/13092024_1726197033922_1726197043990_493635_POT_08717600337079_C1N1.png",
    "available": true,
    "promoUntil": null
  },
  {
    "id": "463899FLS",
    "title": "Focus Drink Aardbei - Framboos 330 ML",
    "category": "Frisdrank en sappen",
    "price": 1.55,
    "promoPrice": null,
    "pricePerUnit": "4.7 l",
    "image": "https://www.jumbo.com/dam-images/fit-in/360x360/Products/10082023_1691675708298_1691675717950_8720299298880_1.png",
    "available": true,
    "promoUntil": null
  },
  {
    "id": "468005STK",
    "title": "HEMA Rustiek Kaars 13cm Ivoor",
    "category": "Non-food en servicebalie",
    "price": 2.69,
    "promoPrice": null,
    "pricePerUnit": "2.69 pieces",
    "image": "https://www.jumbo.com/dam-images/fit-in/360x360/Products/09082023_1691587398346_1691587405702_8713475382596_1.png",
    "available": true,
    "promoUntil": null
  },
  {
    "id": "667437STK",
    "title": "HEMA Servetten Diner Botanisch 12 Stuks",
    "category": "Non-food en servicebalie",
    "price": 1.89,
    "promoPrice": null,
    "pricePerUnit": "0.16 pieces",
    "image": "https://www.jumbo.com/dam-images/fit-in/360x360/Products/04122024_1733304295289_1733304298428_667437_STK_08720354508961_C1N1.png",
    "available": true,
    "promoUntil": null
  },
  {
    "id": "680788DS",
    "title": "Isla Cassis keelpastilles, 30 stuks",
    "category": "Drogisterij en baby",
    "price": 5.99,
    "promoPrice": null,
    "pricePerUnit": "0.2 pieces",
    "image": "https://www.jumbo.com/dam-images/fit-in/360x360/Products/31052025_1748649660463_1748649666794_4104480466120_1.png",
    "available": true,
    "promoUntil": null
  },
  {
    "id": "224511STK",
    "title": "Jordan Tandpasta Milde Fruitsmaak 6-12 Jaar 50 ml",
    "category": "Drogisterij en baby",
    "price": 1.99,
    "promoPrice": null,
    "pricePerUnit": "39.8 l",
    "image": "https://www.jumbo.com/dam-images/fit-in/360x360/Products/09082023_1691585198957_1691585210056_7046110075562_1.png",
    "available": true,
    "promoUntil": null
  },
  {
    "id": "616721BLS",
    "title": "Colgate Tandenbostel ZigZag 3 Stuks",
    "category": "Drogisterij en baby",
    "price": 3.49,
    "promoPrice": null,
    "pricePerUnit": "1.16 pieces",
    "image": "https://www.jumbo.com/dam-images/fit-in/360x360/Products/29022024_1709194910459_1709194914352_616721_BLS_08718951650541_C1N1.png",
    "available": true,
    "promoUntil": null
  },
  {
    "id": "689507CUP",
    "title": "Jumbo Chorizo Iberico Plakjes 55 g",
    "category": "Vleeswaren, kaas en tapas",
    "price": 2.49,
    "promoPrice": null,
    "pricePerUnit": "45.27 kg",
    "image": "https://www.jumbo.com/dam-images/fit-in/360x360/Products/16062025_1750077167192_1750077177892_8718452923946_1.png",
    "available": true,
    "promoUntil": null
  },
  {
    "id": "523563DS",
    "title": "Dr. Oetker La Mia Pinsa pizza rundersalami 305 g",
    "category": "Diepvries",
    "price": 3.94,
    "promoPrice": null,
    "pricePerUnit": "12.92 kg",
    "image": "https://www.jumbo.com/dam-images/fit-in/360x360/Products/17042025_1744858417948_1744858425628_523563_DS_04001724042334_C1N1_s03.png",
    "available": true,
    "promoUntil": null
  },
  {
    "id": "175056DS",
    "title": "Fairtrade Original Indiase Korma 75 g",
    "category": "Wereldkeukens, kruiden, pasta en rijst",
    "price": 2.37,
    "promoPrice": null,
    "pricePerUnit": "31.6 kg",
    "image": "https://www.jumbo.com/dam-images/fit-in/360x360/Products/09082023_1691589422333_1691589439856_8711741353967_1.png",
    "available": true,
    "promoUntil": null
  },
  {
    "id": "616675FLS",
    "title": "Andrélon Pro Nature Haarconditioner Coco Curl Creation 400 ml",
    "category": "Drogisterij en baby",
    "price": 8.99,
    "promoPrice": null,
    "pricePerUnit": "22.48 l",
    "image": "https://www.jumbo.com/dam-images/fit-in/360x360/Products/28032025_1743127667522_1743127693703_616675_FLS_08720182568175_C1N1.png",
    "available": true,
    "promoUntil": null
  },
  {
    "id": "462852ZK",
    "title": "Jumbo Gele Gourmand Vastkokend 750 g",
    "category": "Aardappelen, groente en fruit",
    "price": 1.65,
    "promoPrice": null,
    "pricePerUnit": "2.2 kg",
    "image": "https://www.jumbo.com/dam-images/fit-in/360x360/Products/29092023_1695995345167_1695995352618_8718452592548_1.png",
    "available": true,
    "promoUntil": null
  },
  {
    "id": "392758BAK",
    "title": "Galbani Mascarpone 250 g",
    "category": "Vleeswaren, kaas en tapas",
    "price": 3.59,
    "promoPrice": null,
    "pricePerUnit": "14.36 kg",
    "image": "https://www.jumbo.com/dam-images/fit-in/360x360/Products/14022025_1739539156636_1739539164480_8000430172010_1.png",
    "available": true,
    "promoUntil": null
  },
  {
    "id": "431352FLS",
    "title": "Coca-Cola Cherry 500 ml",
    "category": "Frisdrank en sappen",
    "price": 1.9,
    "promoPrice": null,
    "pricePerUnit": "3.8 l",
    "image": "https://www.jumbo.com/dam-images/fit-in/360x360/Products/25042024_1714007562525_1714007570961_431352_FLS_05000112648768_H1N1.png",
    "available": true,
    "promoUntil": null
  },
  {
    "id": "702203ZK",
    "title": "Croky Tortilla Nacho Cheese Flavour 160 g",
    "category": "Koek, snoep, chocolade en chips",
    "price": 1.79,
    "promoPrice": null,
    "pricePerUnit": "11.19 kg",
    "image": "https://www.jumbo.com/dam-images/fit-in/360x360/Products/02062025_1748863329625_1748863332304_702203_ZK_05414359995668_A1N1.png",
    "available": true,
    "promoUntil": null
  },
  {
    "id": "670753STK",
    "title": "HEMA Rustieke Kaars Wit 8 cm Ø 68 mm",
    "category": "Non-food en servicebalie",
    "price": 2.19,
    "promoPrice": null,
    "pricePerUnit": "2.19 pieces",
    "image": "https://www.jumbo.com/dam-images/fit-in/360x360/Products/25042025_1745547567040_1745547569466_670753_STK_08721245007730_C1N1.png",
    "available": true,
    "promoUntil": null
  },
  {
    "id": "583840DS",
    "title": "Elmex Caries Protection Tandpasta Volledige Verzorging 75ML",
    "category": "Drogisterij en baby",
    "price": 5.99,
    "promoPrice": null,
    "pricePerUnit": "79.87 l",
    "image": "https://www.jumbo.com/dam-images/fit-in/360x360/Products/03102023_1696340176451_1696340181821_583840_DS_08718951515741_C1N1.png",
    "available": true,
    "promoUntil": null
  },
  {
    "id": "568343TRA",
    "title": "Jumbo Spaanse Stijl Borrelkazen Queso Manchego - Geitenkaas - Ibérico 100 g",
    "category": "Vleeswaren, kaas en tapas",
    "price": 3.99,
    "promoPrice": null,
    "pricePerUnit": "39.9 kg",
    "image": "https://www.jumbo.com/dam-images/fit-in/360x360/Products/14022024_1707873560562_1707873566437_8718452749744_1.png",
    "available": true,
    "promoUntil": null
  },
  {
    "id": "603600BLK",
    "title": "Grolsch Puur Weizen Bier Blik 500ml",
    "category": "Bier en wijn",
    "price": 2.19,
    "promoPrice": null,
    "pricePerUnit": "4.38 l",
    "image": "https://www.jumbo.com/dam-images/fit-in/360x360/Products/27032025_1743054871503_1743054880635_603600_BLK_08716700019137_C1N1.png",
    "available": true,
    "promoUntil": null
  },
  {
    "id": "449918ZK",
    "title": "Catisfactions met Smakelijke Kip Mega Pack 180 g",
    "category": "Huishouden en dieren",
    "price": 5.73,
    "promoPrice": null,
    "pricePerUnit": "31.83 kg",
    "image": "https://www.jumbo.com/dam-images/fit-in/360x360/Products/02072025_1751445187475_1751445204366_4008429081972_596.png",
    "available": true,
    "promoUntil": null
  },
  {
    "id": "528641DS",
    "title": "Honig Maaltijdmix voor Spaghettisaus Bolognese Dubbelpak 2 x 41 g",
    "category": "Wereldkeukens, kruiden, pasta en rijst",
    "price": 3.59,
    "promoPrice": null,
    "pricePerUnit": "43.78 kg",
    "image": "https://www.jumbo.com/dam-images/fit-in/360x360/Products/18072025_1752805176978_1752805190310_528641_DS_08714700170506_H1N1.png",
    "available": true,
    "promoUntil": null
  },
  {
    "id": "202344STK",
    "title": "Jordan Soft 0-2 Years Tandenborstel",
    "category": "Drogisterij en baby",
    "price": 2.69,
    "promoPrice": null,
    "pricePerUnit": "2.69 pieces",
    "image": "https://www.jumbo.com/dam-images/fit-in/360x360/Products/10082023_1691674906251_1691674922487_7038513866304_1.png",
    "available": true,
    "promoUntil": null
  },
  {
    "id": "415861PAK",
    "title": "Côte d'Or Chocoladereep Melk Hazelnoten 45g",
    "category": "Koek, snoep, chocolade en chips",
    "price": 1.99,
    "promoPrice": null,
    "pricePerUnit": "44.22 kg",
    "image": "https://www.jumbo.com/dam-images/fit-in/360x360/Products/19022025_1739935919633_1739935934054_415861_PAK_05410081202401_C1N1_s02.png",
    "available": true,
    "promoUntil": null
  },
  {
    "id": "439055ZK",
    "title": "D.F. Salmiak Snoepjes met Zoethoutwortelextract 200 g",
    "category": "Koek, snoep, chocolade en chips",
    "price": 1.48,
    "promoPrice": null,
    "pricePerUnit": "7.4 kg",
    "image": "https://www.jumbo.com/dam-images/fit-in/360x360/Products/10012024_1704864474746_1704864483938_439055_ZK_08710559020603_C1N1.png",
    "available": true,
    "promoUntil": null
  },
  {
    "id": "460303DS",
    "title": "Duca Street Food Rotirol 4 Stuks 320 g",
    "category": "Diepvries",
    "price": 3.15,
    "promoPrice": null,
    "pricePerUnit": "9.84 kg",
    "image": "https://www.jumbo.com/dam-images/fit-in/360x360/Products/02072025_1751422300822_1751422320370_460303_DS_08717774020692_C1N1.png",
    "available": true,
    "promoUntil": null
  },
  {
    "id": "678435STK",
    "title": "HEMA Bewaardoosje 0,7L",
    "category": "Non-food en servicebalie",
    "price": 4.19,
    "promoPrice": null,
    "pricePerUnit": "4.19 pieces",
    "image": "https://www.jumbo.com/dam-images/fit-in/360x360/Products/30112023_1701315394000_1701315398191_377679_STK_08718161876960_C1N1.png",
    "available": true,
    "promoUntil": null
  },
  {
    "id": "640366DS",
    "title": "HG X Zilvervisjesval 2 Stuks",
    "category": "Non-food en servicebalie",
    "price": 6.79,
    "promoPrice": null,
    "pricePerUnit": "3.4 pieces",
    "image": "https://www.jumbo.com/dam-images/fit-in/360x360/Products/14062025_1749864726524_1749864729784_640366_DS_08711577270278_C1N1.png",
    "available": true,
    "promoUntil": null
  },
  {
    "id": "172140ZK",
    "title": "Huggies Little Swimmers Zwembroekjes Maat 3-4 7-15 kg 12 Stuks",
    "category": "Drogisterij en baby",
    "price": 7.29,
    "promoPrice": null,
    "pricePerUnit": "0.61 pieces",
    "image": "https://www.jumbo.com/dam-images/fit-in/360x360/Products/12122024_1734014485044_1734014496004_36000183399_1.png",
    "available": true,
    "promoUntil": null
  },
  {
    "id": "555524FLS",
    "title": "Barton & Guestier - Rosé Réserve - 750ML",
    "category": "Bier en wijn",
    "price": 5.99,
    "promoPrice": null,
    "pricePerUnit": "7.99 l",
    "image": "https://www.jumbo.com/dam-images/fit-in/360x360/Products/01082024_1722522799440_1722522803735_3035130774108_1.png",
    "available": true,
    "promoUntil": null
  },
  {
    "id": "711446STK",
    "title": "Jumbo Biologisch Pate met Zalm 3 x 100 g",
    "category": "Huishouden en dieren",
    "price": 2.67,
    "promoPrice": null,
    "pricePerUnit": "None None",
    "image": "https://www.jumbo.com/dam-images/fit-in/360x360/Products/2025844346bae48c-ce54-4fa9-8b36-eb59a64372c7-1753711135416.png",
    "available": true,
    "promoUntil": null
  },
  {
    "id": "670757DS",
    "title": "HEMA Lint Pastel 4 Pack",
    "category": "Non-food en servicebalie",
    "price": 1.39,
    "promoPrice": null,
    "pricePerUnit": "0.35 pieces",
    "image": "https://www.jumbo.com/dam-images/fit-in/360x360/Products/08042025_1744080762199_1744080765114_670757_DS_08721245026328_C1N1.png",
    "available": true,
    "promoUntil": null
  },
  {
    "id": "405975CUP",
    "title": "Jumbo Champignons Knoflook 100 g",
    "category": "Vleeswaren, kaas en tapas",
    "price": 2.39,
    "promoPrice": null,
    "pricePerUnit": "23.9 kg",
    "image": "https://www.jumbo.com/dam-images/fit-in/360x360/Products/14022024_1707873660932_1707873670240_8718452757275_1.png",
    "available": true,
    "promoUntil": null
  },
  {
    "id": "366644KGR",
    "title": "Jumbo Cranberry Pate ca. 75 g",
    "category": "Vleeswaren, kaas en tapas",
    "price": 1.42,
    "promoPrice": null,
    "pricePerUnit": "19.0 kg",
    "image": "https://www.jumbo.com/dam-images/fit-in/360x360/Products/366644_2333425000000_1_T1_366644KGR1691484003586.png",
    "available": true,
    "promoUntil": null
  },
  {
    "id": "627844PAK",
    "title": "Fairtrade Original Kokosmelk Light 200ml",
    "category": "Wereldkeukens, kruiden, pasta en rijst",
    "price": 1.28,
    "promoPrice": null,
    "pricePerUnit": "6.4 l",
    "image": "https://www.jumbo.com/dam-images/fit-in/360x360/Products/02052025_1746150286517_1746150290253_627844_PAK_08711741360002_C1N1.png",
    "available": false,
    "promoUntil": null
  },
  {
    "id": "604842STK",
    "title": "Bier IPA Proeverij Groot - 6 Flesjes - los geleverd",
    "category": "Bier en wijn",
    "price": 9.18,
    "promoPrice": null,
    "pricePerUnit": "None None",
    "image": "https://www.jumbo.com/dam-images/fit-in/360x360/Products/604842STK1e23e3aec-b89b-4c0a-8dca-ed282a80d39f-1702886596983.png",
    "available": false,
    "promoUntil": null
  },
  {
    "id": "33132FLS",
    "title": "Blue Mare - Picpoul de Pinet - 750ML",
    "category": "Bier en wijn",
    "price": 6.99,
    "promoPrice": null,
    "pricePerUnit": "9.32 l",
    "image": "https://www.jumbo.com/dam-images/fit-in/360x360/Products/09082023_1691585784346_1691585787559_3352260055205_1.png",
    "available": true,
    "promoUntil": null
  },
  {
    "id": "41805BAK",
    "title": "Jumbo Verse Roomkaas Gember 125 g",
    "category": "Vleeswaren, kaas en tapas",
    "price": 2.15,
    "promoPrice": null,
    "pricePerUnit": "17.2 kg",
    "image": "https://www.jumbo.com/dam-images/fit-in/360x360/Products/09082023_1691587656907_1691587668624_8711715854414_1.png",
    "available": true,
    "promoUntil": null
  },
  {
    "id": "686999FLS",
    "title": "François Martenot - Bourgogne - Pinot Noir - 750ML",
    "category": "Bier en wijn",
    "price": 11.99,
    "promoPrice": null,
    "pricePerUnit": "15.99 l",
    "image": "https://www.jumbo.com/dam-images/fit-in/360x360/Products/17042025_1744878791493_1744878795094_3258880858052_1.png",
    "available": true,
    "promoUntil": null
  },
  {
    "id": "429407ZK",
    "title": "Bonne Maman Petits Muffins Chocolat 235 g",
    "category": "Koek, snoep, chocolade en chips",
    "price": 3.75,
    "promoPrice": null,
    "pricePerUnit": "15.96 kg",
    "image": "https://www.jumbo.com/dam-images/fit-in/360x360/Products/11042024_1712824445870_1712824453072_3178530408515_1.png",
    "available": true,
    "promoUntil": null
  },
  {
    "id": "616922FLS",
    "title": "Dove Bodylotion Restoring 250 ML",
    "category": "Drogisterij en baby",
    "price": 7.49,
    "promoPrice": null,
    "pricePerUnit": "29.96 l",
    "image": "https://www.jumbo.com/dam-images/fit-in/360x360/Products/24122024_1735010243443_1735010257500_616922_FLS_08710908778322_C1N1.png",
    "available": true,
    "promoUntil": null
  },
  {
    "id": "707373ZK",
    "title": "Jumbo Amigo's Sweet Chili 125 g",
    "category": "Koek, snoep, chocolade en chips",
    "price": 0.99,
    "promoPrice": null,
    "pricePerUnit": "7.92 kg",
    "image": "https://www.jumbo.com/dam-images/fit-in/360x360/Products/10072025_1752143626335_1752143639414_8718452897926_596.png",
    "available": true,
    "promoUntil": null
  },
  {
    "id": "557345BLK",
    "title": "Absolut - Raspberry Lemon - 250ML",
    "category": "Bier en wijn",
    "price": 2.47,
    "promoPrice": null,
    "pricePerUnit": "9.88 l",
    "image": "https://www.jumbo.com/dam-images/fit-in/360x360/Products/26102024_1729907725468_1729907737285_557345_BLK_07312040323043_C1N1.png",
    "available": true,
    "promoUntil": null
  },
  {
    "id": "433368FLS",
    "title": "De Pimpelmeesch - Chaamse Tripel - Fles - 330ML",
    "category": "Bier en wijn",
    "price": 2.99,
    "promoPrice": null,
    "pricePerUnit": "9.06 l",
    "image": "https://www.jumbo.com/dam-images/fit-in/360x360/Products/433368_8714835093299_1_T1_433368FLS1691185049614.png",
    "available": true,
    "promoUntil": null
  },
  {
    "id": "703755BLK",
    "title": "Crew Republic Drunken Sailor India Pale Ale 330ML",
    "category": "Bier en wijn",
    "price": 1.89,
    "promoPrice": null,
    "pricePerUnit": "5.73 l",
    "image": "https://www.jumbo.com/dam-images/fit-in/360x360/Products/10062025_1749551587480_1749551591892_703755_BLK_00000042448686_C1N1.png",
    "available": true,
    "promoUntil": null
  },
  {
    "id": "483047FLS",
    "title": "De Kuyper Pornstar Martini 0% Cocktail 200 ml",
    "category": "Bier en wijn",
    "price": 2.59,
    "promoPrice": null,
    "pricePerUnit": "12.95 l",
    "image": "https://www.jumbo.com/dam-images/fit-in/360x360/Products/13022024_1707838390728_1707838394227_8710625004018_1.png",
    "available": true,
    "promoUntil": null
  },
  {
    "id": "648303STK",
    "title": "Clairivo Thermometer Flexibele punt 1st",
    "category": "Drogisterij en baby",
    "price": 6.49,
    "promoPrice": null,
    "pricePerUnit": "6.49 pieces",
    "image": "https://www.jumbo.com/dam-images/fit-in/360x360/Products/24092025_1758672063318_1758672067196_8712113648100_1.png",
    "available": true,
    "promoUntil": null
  },
  {
    "id": "85300PAK",
    "title": "De Bron Cola Gums Sugarfree 100 g",
    "category": "Koek, snoep, chocolade en chips",
    "price": 1.78,
    "promoPrice": null,
    "pricePerUnit": "17.8 kg",
    "image": "https://www.jumbo.com/dam-images/fit-in/360x360/Products/10062025_1749569567867_1749569573914_8712514092120_1.png",
    "available": true,
    "promoUntil": null
  },
  {
    "id": "404593PAK",
    "title": "Colgate Triple Action Whitening Tandpasta Voordeelverpakking 4 x 75 ml",
    "category": "Drogisterij en baby",
    "price": 6.79,
    "promoPrice": null,
    "pricePerUnit": "22.63 l",
    "image": "https://www.jumbo.com/dam-images/fit-in/360x360/Products/18072024_1721269697040_1721269699857_404593_PAK_08718951355873_C1N1.png",
    "available": true,
    "promoUntil": null
  },
  {
    "id": "185550STK",
    "title": "Jumbo Caisse Cakejes Vanille 6 Stuks",
    "category": "Koek, snoep, chocolade en chips",
    "price": 2.99,
    "promoPrice": null,
    "pricePerUnit": "12.46 kg",
    "image": "https://www.jumbo.com/dam-images/fit-in/360x360/Products/29092023_1695995087653_1695995094506_8718452408498_1.png",
    "available": true,
    "promoUntil": null
  },
  {
    "id": "557299TUB",
    "title": "Colgate Triple Action 75ML",
    "category": "Drogisterij en baby",
    "price": 2.69,
    "promoPrice": null,
    "pricePerUnit": "35.87 l",
    "image": "https://www.jumbo.com/dam-images/fit-in/360x360/Products/18072024_1721266137267_1721266140140_557299_TUB_08718951565180_C1N1.png",
    "available": true,
    "promoUntil": null
  },
  {
    "id": "648725STK",
    "title": "Jumbo Iberico Kaas 45+ ca. 100g",
    "category": "Vleeswaren, kaas en tapas",
    "price": 2.39,
    "promoPrice": null,
    "pricePerUnit": "23.9 kg",
    "image": "https://www.jumbo.com/dam-images/fit-in/360x360/Products/07062024_1717756571358_1717756576356_8718452711505_1.png",
    "available": true,
    "promoUntil": null
  },
  {
    "id": "575937CUP",
    "title": "Jumbo Ongezouten Hazelnoten 140 g",
    "category": "Koek, snoep, chocolade en chips",
    "price": 3.99,
    "promoPrice": null,
    "pricePerUnit": "28.5 kg",
    "image": "https://www.jumbo.com/dam-images/fit-in/360x360/Products/06022024_1707237251858_1707237261956_8718452740130_1.png",
    "available": true,
    "promoUntil": null
  },
  {
    "id": "57810PAK",
    "title": "Gulpener Herfstbock 6x300ML",
    "category": "Bier en wijn",
    "price": 6.92,
    "promoPrice": null,
    "pricePerUnit": "3.84 l",
    "image": "https://www.jumbo.com/dam-images/fit-in/360x360/Products/08725500311297C1N19e4dc4cf-331d-4e13-ba0e-7372664e4b6b-1757427656803.png",
    "available": true,
    "promoUntil": null
  },
  {
    "id": "686272ZK",
    "title": "Jumbo Italiaanse Kruidenmix 20 g",
    "category": "Wereldkeukens, kruiden, pasta en rijst",
    "price": 1.69,
    "promoPrice": null,
    "pricePerUnit": "84.5 kg",
    "image": "https://www.jumbo.com/dam-images/fit-in/360x360/Products/11062025_1749656025696_1749656031213_8718452896967_1.png",
    "available": true,
    "promoUntil": null
  },
  {
    "id": "675329STK",
    "title": "Aftelkalender met Stickers en Lint",
    "category": "Non-food en servicebalie",
    "price": 1.49,
    "promoPrice": null,
    "pricePerUnit": "1.49 pieces",
    "image": "https://www.jumbo.com/dam-images/fit-in/360x360/Products/01072025_1751383990105_1751384008540_8721225775222_1.png",
    "available": true,
    "promoUntil": null
  },
  {
    "id": "616769BLK",
    "title": "Euroma Chef's Gehaktbal by Jonnie Boer",
    "category": "Wereldkeukens, kruiden, pasta en rijst",
    "price": 3.26,
    "promoPrice": null,
    "pricePerUnit": "69.36 kg",
    "image": "https://www.jumbo.com/dam-images/fit-in/360x360/Products/03062024_1717420814777_1717420821416_8717600351846_1.png",
    "available": true,
    "promoUntil": null
  },
  {
    "id": "608131FLS",
    "title": "Aquarius Red Peach 500 ml",
    "category": "Frisdrank en sappen",
    "price": 1.75,
    "promoPrice": null,
    "pricePerUnit": "3.5 l",
    "image": "https://www.jumbo.com/dam-images/fit-in/360x360/Products/03022024_1706930653447_1706930657905_608131_FLS_05000112668629_H1N1.png",
    "available": true,
    "promoUntil": null
  },
  {
    "id": "672043BLK",
    "title": "Euroma Hummus & Veggie Topping by Jonnie Boer 37g",
    "category": "Wereldkeukens, kruiden, pasta en rijst",
    "price": 3.26,
    "promoPrice": null,
    "pricePerUnit": "85.79 kg",
    "image": "https://www.jumbo.com/dam-images/fit-in/360x360/Products/08012025_1736302150430_1736302158618_672043_BLK_08717600358180_C1N1.png",
    "available": true,
    "promoUntil": null
  },
  {
    "id": "411070RP",
    "title": "Hands Off Caramel SeaSalt Hazelnut Praline 100 g",
    "category": "Koek, snoep, chocolade en chips",
    "price": 3.36,
    "promoPrice": null,
    "pricePerUnit": "33.6 kg",
    "image": "https://www.jumbo.com/dam-images/fit-in/360x360/Products/12092025_1757680395796_1757680398888_8718754740593_1.png",
    "available": true,
    "promoUntil": null
  },
  {
    "id": "562136ZK",
    "title": "Jumbo Mix voor Kip Pikant 20 g",
    "category": "Wereldkeukens, kruiden, pasta en rijst",
    "price": 0.94,
    "promoPrice": null,
    "pricePerUnit": "47.0 kg",
    "image": "https://www.jumbo.com/dam-images/fit-in/360x360/Products/14022024_1707872532672_1707872579567_8718452721405_1.png",
    "available": true,
    "promoUntil": null
  },
  {
    "id": "351705STK",
    "title": "Jumbo Paprika en Champignons",
    "category": "Aardappelen, groente en fruit",
    "price": 3.04,
    "promoPrice": null,
    "pricePerUnit": "None None",
    "image": "https://www.jumbo.com/dam-images/fit-in/360x360/Products/20421557954d110a-3697-4498-a442-70f558480d09-1742822261955.png",
    "available": true,
    "promoUntil": null
  },
  {
    "id": "218848STK",
    "title": " Padifood Rijkgevulde Mihoen Goreng 350 g",
    "category": "Wereldkeukens, kruiden, pasta en rijst",
    "price": 4.27,
    "promoPrice": null,
    "pricePerUnit": "12.2 kg",
    "image": "https://www.jumbo.com/dam-images/fit-in/360x360/Products/28032025_1743157973503_1743157982687_8712085121359_1.png",
    "available": true,
    "promoUntil": null
  },
  {
    "id": "620372STK",
    "title": "Jumbo Biologisch Babyvoeding Appel & Peer 6+ Maanden 190 g",
    "category": "Drogisterij en baby",
    "price": 1.11,
    "promoPrice": null,
    "pricePerUnit": "5.84 kg",
    "image": "https://www.jumbo.com/dam-images/fit-in/360x360/Products/03062024_1717432515250_1717432522515_8718452807888_1.png",
    "available": true,
    "promoUntil": null
  },
  {
    "id": "206603STK",
    "title": "Jumbo Maandverband Maxi Normal 18 Stuks",
    "category": "Drogisterij en baby",
    "price": 0.98,
    "promoPrice": null,
    "pricePerUnit": "0.05 pieces",
    "image": "https://www.jumbo.com/dam-images/fit-in/360x360/Products/09082023_1691585000610_1691585019459_8718452302659_1.png",
    "available": true,
    "promoUntil": null
  },
  {
    "id": "686991FLS",
    "title": "JP. Chenet - Fizzy Lemon & Lime - 750ML",
    "category": "Bier en wijn",
    "price": 6.65,
    "promoPrice": null,
    "pricePerUnit": "8.87 l",
    "image": "https://www.jumbo.com/dam-images/fit-in/360x360/Products/03062025_1748968348159_1748968351855_3500610171062_1.png",
    "available": true,
    "promoUntil": null
  },
  {
    "id": "916242DSL",
    "title": "Gourmet Gold Mousse Kattenvoer nat met Rund 24 x 85g",
    "category": "Huishouden en dieren",
    "price": 18.0,
    "promoPrice": null,
    "pricePerUnit": "8.82 kg",
    "image": "https://www.jumbo.com/dam-images/fit-in/360x360/Products/GourmetRund6872dee6-710e-411f-9024-6a36ca03cd63-1703666430284.png",
    "available": true,
    "promoUntil": null
  },
  {
    "id": "708372KGR",
    "title": "Jumbo Olijf Knoflook Rollade ca. 100 g",
    "category": "Vleeswaren, kaas en tapas",
    "price": 2.7,
    "promoPrice": null,
    "pricePerUnit": "27.0 kg",
    "image": "https://www.jumbo.com/dam-images/fit-in/360x360/Products/08082025_1754638396505_1754638405324_2369171000000_1.png",
    "available": true,
    "promoUntil": null
  },
  {
    "id": "433117ZK",
    "title": "Ben & Jerry's IJs Koekjesdeeg Chocolate Chip Cookie Dough Chunks 170g",
    "category": "Diepvries",
    "price": 5.79,
    "promoPrice": null,
    "pricePerUnit": "34.06 kg",
    "image": "https://www.jumbo.com/dam-images/fit-in/360x360/Products/15072025_1752577907842_1752577927021_433117_ZK_08711327397620_C1N1.png",
    "available": true,
    "promoUntil": null
  },
  {
    "id": "562790ZK",
    "title": "Jumbo Bloemkoolrijst 400 g",
    "category": "Aardappelen, groente en fruit",
    "price": 2.29,
    "promoPrice": null,
    "pricePerUnit": "5.73 kg",
    "image": "https://www.jumbo.com/dam-images/fit-in/360x360/Products/16072024_1721144059858_1721144067890_8718452795314_1.png",
    "available": true,
    "promoUntil": null
  },
  {
    "id": "611249BAK",
    "title": "Jumbo Kokosrijst Tikka Masala 450 g",
    "category": "Verse maaltijden en gemak",
    "price": 4.5,
    "promoPrice": null,
    "pricePerUnit": "10.0 kg",
    "image": "https://www.jumbo.com/dam-images/fit-in/360x360/Products/26042024_1714145596848_1714145645001_8718452808083_1.png",
    "available": true,
    "promoUntil": null
  },
  {
    "id": "562157POT",
    "title": "Jumbo Kruidenmix Varkensvlees 70g",
    "category": "Wereldkeukens, kruiden, pasta en rijst",
    "price": 2.19,
    "promoPrice": null,
    "pricePerUnit": "31.29 kg",
    "image": "https://www.jumbo.com/dam-images/fit-in/360x360/Products/14022025_1739539157348_1739539171801_8718452721429_596.png",
    "available": true,
    "promoUntil": null
  },
  {
    "id": "710986ZK",
    "title": "Jumbo Kruidnoten Truffel 200 g",
    "category": "Koek, snoep, chocolade en chips",
    "price": 2.79,
    "promoPrice": null,
    "pricePerUnit": "13.95 kg",
    "image": "https://www.jumbo.com/dam-images/fit-in/360x360/Products/25072025_1753432375428_1753432386220_8718452899654_596.png",
    "available": true,
    "promoUntil": null
  },
  {
    "id": "562742ZK",
    "title": "Jumbo Mix voor Vis 10 g",
    "category": "Wereldkeukens, kruiden, pasta en rijst",
    "price": 1.11,
    "promoPrice": null,
    "pricePerUnit": "111.0 kg",
    "image": "https://www.jumbo.com/dam-images/fit-in/360x360/Products/14022024_1707872534043_1707872574310_8718452721511_1.png",
    "available": true,
    "promoUntil": null
  },
  {
    "id": "546753FLS",
    "title": "Jumbo Shot Spinazie 125ML",
    "category": "Frisdrank en sappen",
    "price": 1.0,
    "promoPrice": null,
    "pricePerUnit": "8.0 l",
    "image": "https://www.jumbo.com/dam-images/fit-in/360x360/Products/04112024_1730752387347_1730752392023_8718452863822_1.png",
    "available": true,
    "promoUntil": null
  },
  {
    "id": "523923ZK",
    "title": "Jumbo Snack Rijk aan Kip Botjes 60 g",
    "category": "Huishouden en dieren",
    "price": 1.09,
    "promoPrice": null,
    "pricePerUnit": "18.17 kg",
    "image": "https://www.jumbo.com/dam-images/fit-in/360x360/Products/10082023_1691677737006_1691677745980_8718452653928_1.png",
    "available": true,
    "promoUntil": null
  },
  {
    "id": "682117TRA",
    "title": "Jumbo Snackbal Jalapeño BBQ 125 g",
    "category": "Vleeswaren, kaas en tapas",
    "price": 2.59,
    "promoPrice": null,
    "pricePerUnit": "20.72 kg",
    "image": "https://www.jumbo.com/dam-images/fit-in/360x360/Products/08052025_1746721987709_1746721995226_8718452896714_1.png",
    "available": true,
    "promoUntil": null
  },
  {
    "id": "583793ZK",
    "title": "Jumbo Snackmix Kaas Smaak 125 g",
    "category": "Koek, snoep, chocolade en chips",
    "price": 1.0,
    "promoPrice": null,
    "pricePerUnit": "8.0 kg",
    "image": "https://www.jumbo.com/dam-images/fit-in/360x360/Products/14022024_1707873373693_1707873393936_8718452741281_596.png",
    "available": true,
    "promoUntil": null
  },
  {
    "id": "709462DS",
    "title": "Jumbo Verspakket Curry Madras 4 Personen",
    "category": "Verse maaltijden en gemak",
    "price": 5.49,
    "promoPrice": null,
    "pricePerUnit": "4.86 kg",
    "image": "https://www.jumbo.com/dam-images/fit-in/360x360/Products/02092025_1756816429421_1756816434119_8718452933044_1.png",
    "available": true,
    "promoUntil": null
  },
  {
    "id": "684490DS",
    "title": "999 Games Clever",
    "category": "Non-food en servicebalie",
    "price": 16.99,
    "promoPrice": null,
    "pricePerUnit": "16.99 pieces",
    "image": "https://www.jumbo.com/dam-images/fit-in/360x360/Products/Clever1ed5f8bb6-e337-4efc-a11e-aa39a3eb576e-1750064392081.png",
    "available": true,
    "promoUntil": null
  },
  {
    "id": "679246BLK",
    "title": "Absolut Vodka Sprite Watermelon 250 ml",
    "category": "Bier en wijn",
    "price": 2.29,
    "promoPrice": null,
    "pricePerUnit": "9.16 l",
    "image": "https://www.jumbo.com/dam-images/fit-in/360x360/Products/01032025_1740799852542_1740799861078_679246_BLK_05449000336262_C1N1.png",
    "available": true,
    "promoUntil": null
  },
  {
    "id": "591381STK",
    "title": "Bugles en Danish Chef Cheese",
    "category": "Koek, snoep, chocolade en chips",
    "price": 3.94,
    "promoPrice": null,
    "pricePerUnit": "None None",
    "image": "https://www.jumbo.com/dam-images/fit-in/360x360/Products/591381STK9ed4291d-607c-44a1-9c26-2f4b0d6d6b19-1745839360345.png",
    "available": true,
    "promoUntil": null
  },
  {
    "id": "20106BLK",
    "title": "Dove Body Love Bodycrème Rich Nourishment 150 ml",
    "category": "Drogisterij en baby",
    "price": 3.35,
    "promoPrice": null,
    "pricePerUnit": "22.33 l",
    "image": "https://www.jumbo.com/dam-images/fit-in/360x360/Products/20092025_1758330749526_1758330767709_20106_BLK_08717163476789_C1N1.png",
    "available": true,
    "promoUntil": null
  },
  {
    "id": "633707ZK",
    "title": "Ella's Kitchen Organic Spaghetti Bolognese met Kaas 7+ Maanden 130 g",
    "category": "Drogisterij en baby",
    "price": 2.47,
    "promoPrice": null,
    "pricePerUnit": "19.0 kg",
    "image": "https://www.jumbo.com/dam-images/fit-in/360x360/Products/09072024_1720517728388_1720517733412_5060503505346_1.png",
    "available": true,
    "promoUntil": null
  },
  {
    "id": "695659DS",
    "title": "Iglo Schatzoekers 11 Stuks",
    "category": "Diepvries",
    "price": 5.93,
    "promoPrice": null,
    "pricePerUnit": "16.85 kg",
    "image": "https://www.jumbo.com/dam-images/fit-in/360x360/Products/28042025_1745841349853_1745841356444_695659_DS_08720195572220_A1N1.png",
    "available": true,
    "promoUntil": null
  },
  {
    "id": "711210STK",
    "title": "Jumbo Gevulde Snack met Kip & Kaas Snoepjes 2 x 60 g",
    "category": "Huishouden en dieren",
    "price": 1.98,
    "promoPrice": null,
    "pricePerUnit": "None None",
    "image": "https://www.jumbo.com/dam-images/fit-in/360x360/Products/20259378efd6b289-8528-4e36-9e72-d9aedacf1999-1753710454583.png",
    "available": true,
    "promoUntil": null
  },
  {
    "id": "211822STK",
    "title": "Jumbo Kokosnoot",
    "category": "Aardappelen, groente en fruit",
    "price": 1.49,
    "promoPrice": null,
    "pricePerUnit": "1.49 pieces",
    "image": "https://www.jumbo.com/dam-images/fit-in/360x360/Products/211822_8720813130054_1_T1_211822STK1691071968264.png",
    "available": true,
    "promoUntil": null
  },
  {
    "id": "688090STK",
    "title": "Jumbo Luxe Gerijpte Goudse Kaaskoekjes met Bieslook 75 g",
    "category": "Koek, snoep, chocolade en chips",
    "price": 2.29,
    "promoPrice": null,
    "pricePerUnit": "30.53 kg",
    "image": "https://www.jumbo.com/dam-images/fit-in/360x360/Products/05062025_1749134009461_1749134014572_8718452924530_1.png",
    "available": true,
    "promoUntil": null
  },
  {
    "id": "612742BLK",
    "title": "Absolut - Vodka Sprite - 250ML",
    "category": "Bier en wijn",
    "price": 2.39,
    "promoPrice": null,
    "pricePerUnit": "9.56 l",
    "image": "https://www.jumbo.com/dam-images/fit-in/360x360/Products/03022024_1706930889771_1706930894893_612742_BLK_05449000322982_H1N1.png",
    "available": true,
    "promoUntil": null
  },
  {
    "id": "612481POT",
    "title": "Chupa Chups Bubblegum Magic Cubes Pot 40 stuks",
    "category": "Koek, snoep, chocolade en chips",
    "price": 2.65,
    "promoPrice": null,
    "pricePerUnit": "31.18 kg",
    "image": "https://www.jumbo.com/dam-images/fit-in/360x360/Products/07072025_1751902635113_1751902642683_80830917_1.png",
    "available": true,
    "promoUntil": null
  },
  {
    "id": "191290STK",
    "title": "Dulcosoft Drank (laxeermiddel), 250ml",
    "category": "Drogisterij en baby",
    "price": 11.69,
    "promoPrice": null,
    "pricePerUnit": "46.76 l",
    "image": "https://www.jumbo.com/dam-images/fit-in/360x360/Products/24092025_1758672107364_1758672111387_8712172864480_1.png",
    "available": true,
    "promoUntil": null
  },
  {
    "id": "714654FLS",
    "title": "Fritz-Limo - Orangeade - 330ML",
    "category": "Frisdrank en sappen",
    "price": 1.49,
    "promoPrice": null,
    "pricePerUnit": "4.52 l",
    "image": "https://www.jumbo.com/dam-images/fit-in/360x360/Products/22052025_1747877472398_1747877474633_423268_FLS_04260107227977_A1N1.png",
    "available": true,
    "promoUntil": null
  },
  {
    "id": "670784STK",
    "title": "HEMA Brownievorm 28 x 19 cm",
    "category": "Non-food en servicebalie",
    "price": 8.99,
    "promoPrice": null,
    "pricePerUnit": "8.99 pieces",
    "image": "https://www.jumbo.com/dam-images/fit-in/360x360/Products/18032025_1742267229020_1742267231983_670784_STK_08718537854592_C1N1.png",
    "available": true,
    "promoUntil": null
  },
  {
    "id": "203586PAK",
    "title": "Appelsientje Goudappeltje Troebel 1 L",
    "category": "Frisdrank en sappen",
    "price": 2.99,
    "promoPrice": null,
    "pricePerUnit": "2.99 l",
    "image": "https://www.jumbo.com/dam-images/fit-in/360x360/Products/01032025_1740794692727_1740794746626_203586_PAK_08720157464419_C1N1.png",
    "available": true,
    "promoUntil": null
  },
  {
    "id": "69253STK",
    "title": "Bisolvon hoestdrank voor kinderen aardbei 4mg/5ml 125ml",
    "category": "Drogisterij en baby",
    "price": 8.75,
    "promoPrice": null,
    "pricePerUnit": "70.0 l",
    "image": "https://www.jumbo.com/dam-images/fit-in/360x360/Products/24092025_1758672109503_1758672114341_8712172864343_1.png",
    "available": true,
    "promoUntil": null
  },
  {
    "id": "442450STK",
    "title": "Jumbo Hartjes Drop Suikervrij Zout 100 g",
    "category": "Koek, snoep, chocolade en chips",
    "price": 1.45,
    "promoPrice": null,
    "pricePerUnit": "14.5 kg",
    "image": "https://www.jumbo.com/dam-images/fit-in/360x360/Products/09082023_1691588273148_1691588287509_8718452549917_1.png",
    "available": true,
    "promoUntil": null
  },
  {
    "id": "710981ZK",
    "title": "Jumbo Kruidnoten Pistachesmaak 200 g",
    "category": "Koek, snoep, chocolade en chips",
    "price": 2.79,
    "promoPrice": null,
    "pricePerUnit": "13.95 kg",
    "image": "https://www.jumbo.com/dam-images/fit-in/360x360/Products/25072025_1753432374912_1753432385080_8718452921881_596.png",
    "available": true,
    "promoUntil": null
  },
  {
    "id": "578025CUP",
    "title": "Jumbo Ongebrande Elitehaver 160 g",
    "category": "Koek, snoep, chocolade en chips",
    "price": 2.99,
    "promoPrice": null,
    "pricePerUnit": "18.69 kg",
    "image": "https://www.jumbo.com/dam-images/fit-in/360x360/Products/14022024_1707873701911_1707873706285_8718452739769_1.png",
    "available": true,
    "promoUntil": null
  },
  {
    "id": "617240BLK",
    "title": "Euroma Vadouvan by Jonnie Boer",
    "category": "Wereldkeukens, kruiden, pasta en rijst",
    "price": 3.46,
    "promoPrice": null,
    "pricePerUnit": "72.08 kg",
    "image": "https://www.jumbo.com/dam-images/fit-in/360x360/Products/03062024_1717420815032_1717420820926_8717600351709_1.png",
    "available": true,
    "promoUntil": null
  },
  {
    "id": "675370STK",
    "title": "Bingo",
    "category": "Non-food en servicebalie",
    "price": 4.99,
    "promoPrice": null,
    "pricePerUnit": "4.99 pieces",
    "image": "https://www.jumbo.com/dam-images/fit-in/360x360/Products/01072025_1751383989943_1751384009945_8721225775451_1.png",
    "available": true,
    "promoUntil": null
  },
  {
    "id": "684329PAK",
    "title": "CoolBest FruitDrink Kiwi 1L PK",
    "category": "Frisdrank en sappen",
    "price": 2.29,
    "promoPrice": null,
    "pricePerUnit": "2.29 l",
    "image": "https://www.jumbo.com/dam-images/fit-in/360x360/Products/04092025_1756996412520_1756996419047_8720157403036_1.png",
    "available": true,
    "promoUntil": null
  },
  {
    "id": "633709ZK",
    "title": "Ella's Kitchen Organic Milde Chili Con Carne met Paprika 7+ Maanden 130 g",
    "category": "Drogisterij en baby",
    "price": 2.47,
    "promoPrice": null,
    "pricePerUnit": "19.0 kg",
    "image": "https://www.jumbo.com/dam-images/fit-in/360x360/Products/26092024_1727313505668_1727313510797_633709_ZK_05060503505360_C1N1.png",
    "available": true,
    "promoUntil": null
  },
  {
    "id": "614710PAK",
    "title": "Hands Off Happy Birthday 100 g",
    "category": "Koek, snoep, chocolade en chips",
    "price": 3.39,
    "promoPrice": null,
    "pricePerUnit": "33.9 kg",
    "image": "https://www.jumbo.com/dam-images/fit-in/360x360/Products/16072024_1721144060464_1721144065625_8718754740890_1.png",
    "available": true,
    "promoUntil": null
  },
  {
    "id": "603910STK",
    "title": "Jumbo Vers Sap Appel, Citroen & Gember 3 x 250ML",
    "category": "Aardappelen, groente en fruit",
    "price": 6.27,
    "promoPrice": null,
    "pricePerUnit": "None None",
    "image": "https://www.jumbo.com/dam-images/fit-in/360x360/Products/603910STKbf3d8e2e-8cd1-45cc-b7dd-25a3b98beb7e-1733299342919.png",
    "available": true,
    "promoUntil": null
  },
  {
    "id": "494285DS",
    "title": "Colgate Max White Activated Charcoal Whitening Tandpasta 75ml",
    "category": "Drogisterij en baby",
    "price": 5.99,
    "promoPrice": null,
    "pricePerUnit": "79.87 l",
    "image": "https://www.jumbo.com/dam-images/fit-in/360x360/Products/08718951484887C1N168b3cf77-c3b5-471f-9341-482bdefe45bc-1721994659285.png",
    "available": true,
    "promoUntil": null
  },
  {
    "id": "575310FLS",
    "title": "Dors - Speciaal Bier Blond - Fles - 300 ML",
    "category": "Bier en wijn",
    "price": 1.19,
    "promoPrice": null,
    "pricePerUnit": "3.97 l",
    "image": "https://www.jumbo.com/dam-images/fit-in/360x360/Products/14022024_1707873662006_1707873671783_8718452667260_596.png",
    "available": true,
    "promoUntil": null
  },
  {
    "id": "404603BUS",
    "title": "AXE Deodorant Bodyspray Click 150 ml",
    "category": "Drogisterij en baby",
    "price": 7.49,
    "promoPrice": null,
    "pricePerUnit": "49.93 l",
    "image": "https://www.jumbo.com/dam-images/fit-in/360x360/Products/25072025_1753414942072_1753414965593_404603_BUS_08720181029295_H1N1.png",
    "available": true,
    "promoUntil": null
  },
  {
    "id": "479059POT",
    "title": "Barilla Pesto Rosso 200 g",
    "category": "Wereldkeukens, kruiden, pasta en rijst",
    "price": 3.99,
    "promoPrice": null,
    "pricePerUnit": "21.0 kg",
    "image": "https://www.jumbo.com/dam-images/fit-in/360x360/Products/26032024_1711423119853_1711423127618_479059_POT_08076809523547_H1N1.png",
    "available": true,
    "promoUntil": null
  },
  {
    "id": "493559POT",
    "title": "Euroma Burrito Nacho kruiden 63 g",
    "category": "Wereldkeukens, kruiden, pasta en rijst",
    "price": 3.95,
    "promoPrice": null,
    "pricePerUnit": "62.7 kg",
    "image": "https://www.jumbo.com/dam-images/fit-in/360x360/Products/13092024_1726196087764_1726196098272_493559_POT_08717600337116_C1N1.png",
    "available": true,
    "promoUntil": null
  },
  {
    "id": "641743STK",
    "title": "Garofalo Mozzarella Di Buffala 125g",
    "category": "Vleeswaren, kaas en tapas",
    "price": 2.99,
    "promoPrice": null,
    "pricePerUnit": "23.92 kg",
    "image": "https://www.jumbo.com/dam-images/fit-in/360x360/Products/14022024_1707872685199_1707872696011_8016784161655_1.png",
    "available": true,
    "promoUntil": null
  },
  {
    "id": "633342STK",
    "title": "Jumbo Biologisch Babyvoeding Pastinaak, Spinazie & Kip 6+ Maanden 190 g",
    "category": "Drogisterij en baby",
    "price": 1.18,
    "promoPrice": null,
    "pricePerUnit": "6.21 kg",
    "image": "https://www.jumbo.com/dam-images/fit-in/360x360/Products/22082024_1724340926885_1724340934275_8718452803781_1.png",
    "available": true,
    "promoUntil": null
  },
  {
    "id": "530913FLS",
    "title": "Go-Tan Wok Original Hoisin 240ml",
    "category": "Wereldkeukens, kruiden, pasta en rijst",
    "price": 2.56,
    "promoPrice": null,
    "pricePerUnit": "10.67 l",
    "image": "https://www.jumbo.com/dam-images/fit-in/360x360/Products/10082023_1691677956479_1691677961254_8710605026412_1.png",
    "available": true,
    "promoUntil": null
  },
  {
    "id": "640439BUS",
    "title": "HG Keuken Roestvrijstaal Snel Reiniger 300 ML",
    "category": "Huishouden en dieren",
    "price": 9.09,
    "promoPrice": null,
    "pricePerUnit": "30.3 l",
    "image": "https://www.jumbo.com/dam-images/fit-in/360x360/Products/10012025_1736474830702_1736474834701_640439_BUS_08711577190590_C1N1.png",
    "available": true,
    "promoUntil": null
  },
  {
    "id": "200843FLS",
    "title": "Jumbo Rice & Cotton Wasverzachter 750 ml",
    "category": "Huishouden en dieren",
    "price": 2.39,
    "promoPrice": null,
    "pricePerUnit": "0.08 wb",
    "image": "https://www.jumbo.com/dam-images/fit-in/360x360/Products/09082023_1691584969786_1691584974376_8718452287567_1.png",
    "available": true,
    "promoUntil": null
  },
  {
    "id": "620315STK",
    "title": "Jumbo Babyvoeding Biologisch Peer 4+ Maanden 125 g",
    "category": "Drogisterij en baby",
    "price": 0.98,
    "promoPrice": null,
    "pricePerUnit": "7.84 kg",
    "image": "https://www.jumbo.com/dam-images/fit-in/360x360/Products/14052024_1715708061082_1715708070033_8718452803972_1.png",
    "available": true,
    "promoUntil": null
  },
  {
    "id": "593501ZK",
    "title": "Jumbo Biologisch Naturel Orzo 500 g",
    "category": "Wereldkeukens, kruiden, pasta en rijst",
    "price": 1.79,
    "promoPrice": null,
    "pricePerUnit": "3.58 kg",
    "image": "https://www.jumbo.com/dam-images/fit-in/360x360/Products/24112023_1700836390380_1700836411565_8718452776962_1.png",
    "available": true,
    "promoUntil": null
  },
  {
    "id": "641962KGR",
    "title": "Jumbo Biologisch Rauwe Ham ca. 100 g",
    "category": "Vleeswaren, kaas en tapas",
    "price": 3.69,
    "promoPrice": null,
    "pricePerUnit": "36.9 kg",
    "image": "https://www.jumbo.com/dam-images/fit-in/360x360/Products/04072025_1751617998229_1751618012889_2348969000000_596.png",
    "available": true,
    "promoUntil": null
  },
  {
    "id": "673757ZK",
    "title": "Jumbo Borrelzoutjes Paprika 105g",
    "category": "Koek, snoep, chocolade en chips",
    "price": 2.59,
    "promoPrice": null,
    "pricePerUnit": "24.67 kg",
    "image": "https://www.jumbo.com/dam-images/fit-in/360x360/Products/14022024_1707873374728_1707873383420_8718452707751_1.png",
    "available": true,
    "promoUntil": null
  },
  {
    "id": "698776TUB",
    "title": "Andrélon 1 Minuut WOW Haarmasker Oil & Care 180 ml",
    "category": "Drogisterij en baby",
    "price": 6.99,
    "promoPrice": null,
    "pricePerUnit": "38.83 l",
    "image": "https://www.jumbo.com/dam-images/fit-in/360x360/Products/05062025_1749119591761_1749119597191_8720181645457_1.png",
    "available": true,
    "promoUntil": null
  },
  {
    "id": "404598BUS",
    "title": "AXE Deodorant Bodyspray Anarchy for Him 150 ml",
    "category": "Drogisterij en baby",
    "price": 7.49,
    "promoPrice": null,
    "pricePerUnit": "49.93 l",
    "image": "https://www.jumbo.com/dam-images/fit-in/360x360/Products/24092025_1758676981490_1758677018943_404598_BUS_08720181031595_H1N1.png",
    "available": true,
    "promoUntil": null
  },
  {
    "id": "80082FLS",
    "title": "Barton & Guestier - Tourmaline Côtes de Provence - Rosé 750ML",
    "category": "Bier en wijn",
    "price": 10.99,
    "promoPrice": null,
    "pricePerUnit": "14.65 l",
    "image": "https://www.jumbo.com/dam-images/fit-in/360x360/Products/17042025_1744878791289_1744878794681_3035131115832_1.png",
    "available": true,
    "promoUntil": null
  },
  {
    "id": "206510STK",
    "title": "Jumbo Ultra Mini Incontinentie Inlegkruisjes 28 Stuks",
    "category": "Drogisterij en baby",
    "price": 2.45,
    "promoPrice": null,
    "pricePerUnit": "0.09 pieces",
    "image": "https://www.jumbo.com/dam-images/fit-in/360x360/Products/09082023_1691585108701_1691585117728_8718452302772_1.png",
    "available": true,
    "promoUntil": null
  },
  {
    "id": "677982DSL",
    "title": "AXE Fine Fragrance Collection Douchegel Black Vanilla - 6 x 225 ml",
    "category": "Drogisterij en baby",
    "price": 38.34,
    "promoPrice": 26.83,
    "pricePerUnit": "28.4 l",
    "image": "https://www.jumbo.com/dam-images/fit-in/360x360/Products/08720181602436H1N1830c1486-9b00-4a7f-8a01-98e6eea9b467-1753099394704.png",
    "available": true,
    "promoUntil": "di 7 okt"
  },
  {
    "id": "684327NET",
    "title": "Chocolade Biljetten 99g",
    "category": "Koek, snoep, chocolade en chips",
    "price": 1.49,
    "promoPrice": null,
    "pricePerUnit": "15.05 kg",
    "image": "https://www.jumbo.com/dam-images/fit-in/360x360/Products/05032025_1741160891546_1741160900928_684327_NET_08717677072569_C1N1.png",
    "available": true,
    "promoUntil": null
  },
  {
    "id": "139094FLS",
    "title": "Grand Sud - Merlot - Rosé – 250ML",
    "category": "Bier en wijn",
    "price": 2.49,
    "promoPrice": null,
    "pricePerUnit": "9.96 l",
    "image": "https://www.jumbo.com/dam-images/fit-in/360x360/Products/139094_3263280102605_1_T4_139094FLS1691010852416.png",
    "available": true,
    "promoUntil": null
  },
  {
    "id": "500584FLS",
    "title": "Holyshot Ginger Turmeric & Pineapple 60 ml",
    "category": "Frisdrank en sappen",
    "price": 1.59,
    "promoPrice": null,
    "pricePerUnit": "26.5 l",
    "image": "https://www.jumbo.com/dam-images/fit-in/360x360/Products/25032024_1711381876632_1711381882347_5425032065028_1.png",
    "available": true,
    "promoUntil": null
  },
  {
    "id": "191956STK",
    "title": "Honig Macaroni Vezelrijk 550 g",
    "category": "Wereldkeukens, kruiden, pasta en rijst",
    "price": 1.97,
    "promoPrice": null,
    "pricePerUnit": "3.58 kg",
    "image": "https://www.jumbo.com/dam-images/fit-in/360x360/Products/19062025_1750298986558_1750298992700_191956_STK_08714700999992_H1N1.png",
    "available": true,
    "promoUntil": null
  },
  {
    "id": "584578STK",
    "title": "Jumbo Kipfilet Voordeelverpakking 4 x 200g",
    "category": "Vleeswaren, kaas en tapas",
    "price": 15.64,
    "promoPrice": null,
    "pricePerUnit": "None None",
    "image": "https://www.jumbo.com/dam-images/fit-in/360x360/Products/584578_20219543_1_1_584578STK12eca927f-6f5a-439f-b833-ca954c76f1d61692016541678.png",
    "available": true,
    "promoUntil": null
  },
  {
    "id": "684324ZK",
    "title": "Jumbo Sint Figuurtjes Melk en Puur met Hazelnoot-Pralinévulling 125 g",
    "category": "Koek, snoep, chocolade en chips",
    "price": 3.49,
    "promoPrice": null,
    "pricePerUnit": "27.92 kg",
    "image": "https://www.jumbo.com/dam-images/fit-in/360x360/Products/22082025_1755876791607_1755876796919_8718452900213_1.png",
    "available": true,
    "promoUntil": null
  },
  {
    "id": "677756STK",
    "title": "BBQ Rubs Gift Set",
    "category": "Wereldkeukens, kruiden, pasta en rijst",
    "price": 19.99,
    "promoPrice": null,
    "pricePerUnit": "57.11 kg",
    "image": "https://www.jumbo.com/dam-images/fit-in/360x360/Products/26052025_1748248266469_1748248270392_677756_STK_08719956381027_C1C1.png",
    "available": true,
    "promoUntil": null
  },
  {
    "id": "602544DS",
    "title": "Brand - Krachtig Blond - Fles - 6 x 300ML",
    "category": "Bier en wijn",
    "price": 8.65,
    "promoPrice": null,
    "pricePerUnit": "4.81 l",
    "image": "https://www.jumbo.com/dam-images/fit-in/360x360/Products/0441d4a5287e4a06b441f46a189875d308d45a01-e520-4f97-aa42-d76a8e218b1b-1727702154440.png",
    "available": true,
    "promoUntil": null
  },
  {
    "id": "54773PAK",
    "title": "Al'Fez Pearl Couscous 200 g",
    "category": "Wereldkeukens, kruiden, pasta en rijst",
    "price": 2.79,
    "promoPrice": null,
    "pricePerUnit": "13.95 kg",
    "image": "https://www.jumbo.com/dam-images/fit-in/360x360/Products/14122024_1734145644246_1734145664513_54773_PAK_05010338301057_H1N1.png",
    "available": true,
    "promoUntil": null
  },
  {
    "id": "681278DS",
    "title": "Autodrop Zot Zure Total Loss 280g",
    "category": "Koek, snoep, chocolade en chips",
    "price": 2.81,
    "promoPrice": null,
    "pricePerUnit": "10.04 kg",
    "image": "https://www.jumbo.com/dam-images/fit-in/360x360/Products/21022025_1740114547175_1740114552290_681278_DS_08710452402407_C1N1.png",
    "available": true,
    "promoUntil": null
  },
  {
    "id": "633887FLS",
    "title": "Belvoir Farm Sicilian Lemon & Lime Cordial 500 ml",
    "category": "Frisdrank en sappen",
    "price": 5.29,
    "promoPrice": null,
    "pricePerUnit": "10.58 l",
    "image": "https://www.jumbo.com/dam-images/fit-in/360x360/Products/23112024_1732333712295_1732333720885_633887_FLS_05022019310203_C1N1.png",
    "available": true,
    "promoUntil": null
  },
  {
    "id": "684966BLK",
    "title": "Jack Daniel's Tennessee Whiskey Mixed with Coca-Cola Cherry 330 ml",
    "category": "Bier en wijn",
    "price": 2.99,
    "promoPrice": null,
    "pricePerUnit": "9.06 l",
    "image": "https://www.jumbo.com/dam-images/fit-in/360x360/Products/08052025_1746668071007_1746668076953_684966_BLK_05449000336149_H1N1.png",
    "available": true,
    "promoUntil": null
  },
  {
    "id": "634865BLK",
    "title": "Jopen - 4 Granen Bokbier - Blik - 330ML",
    "category": "Bier en wijn",
    "price": 2.19,
    "promoPrice": null,
    "pricePerUnit": "6.64 l",
    "image": "https://www.jumbo.com/dam-images/fit-in/360x360/Products/08714799301935A1N1c0c20c1a-27b5-4e06-bfb5-4b35685954e8-1723717188802.png",
    "available": true,
    "promoUntil": null
  },
  {
    "id": "599498BAK",
    "title": "Bourgondische Vlees Salade 250 g",
    "category": "Vleeswaren, kaas en tapas",
    "price": 2.69,
    "promoPrice": null,
    "pricePerUnit": "10.76 kg",
    "image": "https://www.jumbo.com/dam-images/fit-in/360x360/Products/26012024_1706265244104_1706265253607_8710948371668_1.png",
    "available": true,
    "promoUntil": null
  },
  {
    "id": "694709STK",
    "title": "Dextro Energy Tabletten Fizzy Sour Berry 3 Stuks",
    "category": "Koek, snoep, chocolade en chips",
    "price": 2.39,
    "promoPrice": null,
    "pricePerUnit": "16.95 kg",
    "image": "https://www.jumbo.com/dam-images/fit-in/360x360/Products/23072025_1753233610409_1753233620563_694709_STK_04046802271640_C1N1.png",
    "available": true,
    "promoUntil": null
  },
  {
    "id": "619975BLK",
    "title": "Euroma Essential N°08 Kaneel",
    "category": "Wereldkeukens, kruiden, pasta en rijst",
    "price": 3.14,
    "promoPrice": null,
    "pricePerUnit": "73.02 kg",
    "image": "https://www.jumbo.com/dam-images/fit-in/360x360/Products/22062024_1719020188766_1719020194318_619975_BLK_08717600345838_C1N1.png",
    "available": true,
    "promoUntil": null
  },
  {
    "id": "640960FLS",
    "title": "HG Groene Aanslagreiniger Concentraat 500ML",
    "category": "Huishouden en dieren",
    "price": 4.59,
    "promoPrice": null,
    "pricePerUnit": "9.18 l",
    "image": "https://www.jumbo.com/dam-images/fit-in/360x360/Products/24122024_1735009636107_1735009640394_640960_FLS_08711577276935_C1N1.png",
    "available": true,
    "promoUntil": null
  },
  {
    "id": "640577BUS",
    "title": "HGX Spray Tegen Vlooien 400 ml",
    "category": "Non-food en servicebalie",
    "price": 14.59,
    "promoPrice": null,
    "pricePerUnit": "36.48 l",
    "image": "https://www.jumbo.com/dam-images/fit-in/360x360/Products/08711577062392C1N1e667f5bd-4b67-4bfa-8638-7aaa60f4c048-1741251881799.png",
    "available": true,
    "promoUntil": null
  },
  {
    "id": "648730STK",
    "title": "Jumbo Chevre Gerijpte Geitenkaas 50+ ca. 80 g",
    "category": "Vleeswaren, kaas en tapas",
    "price": 1.5,
    "promoPrice": null,
    "pricePerUnit": "18.29 kg",
    "image": "https://www.jumbo.com/dam-images/fit-in/360x360/Products/12122024_1734014665972_1734014673160_8718452714070_1.png",
    "available": true,
    "promoUntil": null
  },
  {
    "id": "496928BLK",
    "title": "Gourmet Gold Hartig Torentje Kattenvoer nat met Rund",
    "category": "Huishouden en dieren",
    "price": 0.99,
    "promoPrice": null,
    "pricePerUnit": "11.65 kg",
    "image": "https://www.jumbo.com/dam-images/fit-in/360x360/Products/23092025_1758599990817_1758600005226_496928_BLK_07613287477682_C1N1_s01.png",
    "available": true,
    "promoUntil": null
  },
  {
    "id": "33192FLS",
    "title": "Calinda - Moscatel - 750ML",
    "category": "Bier en wijn",
    "price": 5.99,
    "promoPrice": null,
    "pricePerUnit": "7.99 l",
    "image": "https://www.jumbo.com/dam-images/fit-in/360x360/Products/09082023_1691592921200_1691592952265_8410388002701_1.png",
    "available": true,
    "promoUntil": null
  },
  {
    "id": "596248FLS",
    "title": "Jumbo Oil & Care Shampoo 500 ml",
    "category": "Drogisterij en baby",
    "price": 2.43,
    "promoPrice": null,
    "pricePerUnit": "4.86 l",
    "image": "https://www.jumbo.com/dam-images/fit-in/360x360/Products/25032024_1711381756163_1711381762579_8718452775903_1.png",
    "available": true,
    "promoUntil": null
  },
  {
    "id": "694027CUP",
    "title": "Jumbo Rolletje Kaas met Sweet Pepper Roomkaas 80 g",
    "category": "Vleeswaren, kaas en tapas",
    "price": 2.89,
    "promoPrice": null,
    "pricePerUnit": "36.13 kg",
    "image": "https://www.jumbo.com/dam-images/fit-in/360x360/Products/07072025_1751902648055_1751902653483_8718452923151_1.png",
    "available": true,
    "promoUntil": null
  },
  {
    "id": "690626DS",
    "title": "Clairivo Thermometer Rigide Punt",
    "category": "Drogisterij en baby",
    "price": 6.92,
    "promoPrice": null,
    "pricePerUnit": "6.92 pieces",
    "image": "https://www.jumbo.com/dam-images/fit-in/360x360/Products/02042025_1743598894748_1743598898435_690626_DS_08712113648094_C1N1_s01.png",
    "available": true,
    "promoUntil": null
  },
  {
    "id": "178824STK",
    "title": "Davitamon Energie Boost Forte kauwvitamines, 40 stuks ",
    "category": "Drogisterij en baby",
    "price": 15.39,
    "promoPrice": null,
    "pricePerUnit": "0.38 pieces",
    "image": "https://www.jumbo.com/dam-images/fit-in/360x360/Products/24092025_1758672135296_1758672143311_8710537041200_1.png",
    "available": true,
    "promoUntil": null
  },
  {
    "id": "471650DS",
    "title": "Davitamon Junior 3-12 kauwvitamines framboos, 120 stuks",
    "category": "Drogisterij en baby",
    "price": 23.29,
    "promoPrice": null,
    "pricePerUnit": "0.19 pieces",
    "image": "https://www.jumbo.com/dam-images/fit-in/360x360/Products/24092025_1758672132859_1758672139190_8710537703641_1.png",
    "available": true,
    "promoUntil": null
  },
  {
    "id": "694844DS",
    "title": "Isla Junior Aardbei Keelpastille 20 Stuks",
    "category": "Drogisterij en baby",
    "price": 8.99,
    "promoPrice": null,
    "pricePerUnit": "0.3 pieces",
    "image": "https://www.jumbo.com/dam-images/fit-in/360x360/Products/23042025_1745398917624_1745398924087_694844_DS_04104480469138_C1N1_s01.png",
    "available": true,
    "promoUntil": null
  },
  {
    "id": "443948PAK",
    "title": "Itsu Brilliant Broth Chicken Ramen 500ML",
    "category": "Wereldkeukens, kruiden, pasta en rijst",
    "price": 3.65,
    "promoPrice": null,
    "pricePerUnit": "7.3 l",
    "image": "https://www.jumbo.com/dam-images/fit-in/360x360/Products/12122024_1733973494388_1733973499466_443948_PAK_05060262486931_C1N1.png",
    "available": true,
    "promoUntil": null
  },
  {
    "id": "683287ZK",
    "title": "JIMMY's Popcorn Nacho Cheese 90 g",
    "category": "Koek, snoep, chocolade en chips",
    "price": 1.89,
    "promoPrice": null,
    "pricePerUnit": "21.0 kg",
    "image": "https://www.jumbo.com/dam-images/fit-in/360x360/Products/23052025_1747958434434_1747958442111_8713276011398_1.png",
    "available": true,
    "promoUntil": null
  },
  {
    "id": "699813ZK",
    "title": "BFree Gluten Free Stone Baked Naan Bread 2 Stuks 240 g",
    "category": "Brood en gebak",
    "price": 4.99,
    "promoPrice": null,
    "pricePerUnit": "20.79 kg",
    "image": "https://www.jumbo.com/dam-images/fit-in/360x360/Products/19052025_1747679567795_1747679578342_5391521691392_1.png",
    "available": true,
    "promoUntil": null
  },
  {
    "id": "615595ZK",
    "title": "Garnier SkinActive Hydra Bomb Tissue Masker met Kamille 28g",
    "category": "Drogisterij en baby",
    "price": 3.49,
    "promoPrice": null,
    "pricePerUnit": "124.64 kg",
    "image": "https://www.jumbo.com/dam-images/fit-in/360x360/Products/21022024_1708506309946_1708506315591_615595_ZK_03600541945043_C1N1.png",
    "available": true,
    "promoUntil": null
  },
  {
    "id": "705376FLS",
    "title": "BREEZER Passionfruit & Mango 275ML",
    "category": "Bier en wijn",
    "price": 2.49,
    "promoPrice": null,
    "pricePerUnit": "9.05 l",
    "image": "https://www.jumbo.com/dam-images/fit-in/360x360/Products/17062025_1750162532024_1750162538888_705376_FLS_07610113027837_C1N1.png",
    "available": true,
    "promoUntil": null
  },
  {
    "id": "194097STK",
    "title": "Bisolvon 2-in-1 voor kinderen hoestsiroop 180 g",
    "category": "Drogisterij en baby",
    "price": 14.39,
    "promoPrice": null,
    "pricePerUnit": "79.94 l",
    "image": "https://www.jumbo.com/dam-images/fit-in/360x360/Products/24092025_1758672107433_1758672112424_8712172864572_1.png",
    "available": true,
    "promoUntil": null
  },
  {
    "id": "141343STK",
    "title": "Canesten Gynotablet bij vaginale schimmel, 500 mg",
    "category": "Drogisterij en baby",
    "price": 16.99,
    "promoPrice": null,
    "pricePerUnit": "16.99 pieces",
    "image": "https://www.jumbo.com/dam-images/fit-in/360x360/Products/24092025_1758672106760_1758672110480_8713091028403_1.png",
    "available": true,
    "promoUntil": null
  },
  {
    "id": "473993DS",
    "title": "Corsodyl Tandgel 10 mg/g 50g",
    "category": "Drogisterij en baby",
    "price": 8.19,
    "promoPrice": null,
    "pricePerUnit": "163.8 kg",
    "image": "https://www.jumbo.com/dam-images/fit-in/360x360/Products/24092025_1758672108586_1758672112172_5054563056740_1.png",
    "available": true,
    "promoUntil": null
  },
  {
    "id": "177857STK",
    "title": "Iberogast Solution bij maagklachten, misselijkheid of darmkrampen, 50ml",
    "category": "Drogisterij en baby",
    "price": 20.49,
    "promoPrice": null,
    "pricePerUnit": "409.8 l",
    "image": "https://www.jumbo.com/dam-images/fit-in/360x360/Products/24092025_1758672134159_1758672139172_8713091028823_1.png",
    "available": true,
    "promoUntil": null
  },
  {
    "id": "616767BLK",
    "title": "Euroma Zwolsche stoof by Jonnie Boer",
    "category": "Wereldkeukens, kruiden, pasta en rijst",
    "price": 3.26,
    "promoPrice": null,
    "pricePerUnit": "65.2 kg",
    "image": "https://www.jumbo.com/dam-images/fit-in/360x360/Products/03062024_1717420814730_1717420823012_8717600351945_1.png",
    "available": true,
    "promoUntil": null
  },
  {
    "id": "678401STK",
    "title": "FOLIEBALLON HART 30cm",
    "category": "Non-food en servicebalie",
    "price": 1.89,
    "promoPrice": null,
    "pricePerUnit": "1.89 pieces",
    "image": "https://www.jumbo.com/dam-images/fit-in/360x360/Products/06022025_1738859313212_1738859316816_678401_STK_08713745294918_C1N1.png",
    "available": true,
    "promoUntil": null
  },
  {
    "id": "641418STK",
    "title": "HEMA Bekers Gouden Stip 8 Stuks",
    "category": "Non-food en servicebalie",
    "price": 1.69,
    "promoPrice": null,
    "pricePerUnit": "0.21 pieces",
    "image": "https://www.jumbo.com/dam-images/fit-in/360x360/Products/05112024_1730773072666_1730773076290_641418_STK_08720354509302_C1N1.png",
    "available": true,
    "promoUntil": null
  },
  {
    "id": "693706DS",
    "title": "Hansaplast Hechtpleister Soft 5m x 2,5cm",
    "category": "Drogisterij en baby",
    "price": 4.29,
    "promoPrice": null,
    "pricePerUnit": "4.29 pieces",
    "image": "https://www.jumbo.com/dam-images/fit-in/360x360/Products/15042025_1744718470722_1744718471909_693706_DS_04005801476081_C1N1.png",
    "available": true,
    "promoUntil": null
  },
  {
    "id": "667422STK",
    "title": "HEMA Sfeerlichten Blossom 18 Stuks",
    "category": "Non-food en servicebalie",
    "price": 3.99,
    "promoPrice": null,
    "pricePerUnit": "0.22 pieces",
    "image": "https://www.jumbo.com/dam-images/fit-in/360x360/Products/04122024_1733303950571_1733303956738_667422_STK_08720354502143_C1N1.png",
    "available": true,
    "promoUntil": null
  },
  {
    "id": "419901PAK",
    "title": "FELIX® Soup Filets met Rund, met Kip, met Lam Kattenvoer 6x48g",
    "category": "Huishouden en dieren",
    "price": 2.96,
    "promoPrice": null,
    "pricePerUnit": "10.28 kg",
    "image": "https://www.jumbo.com/dam-images/fit-in/360x360/Products/08072025_1751938074674_1751938099289_419901_PAK_07613287045041_C1N1_s03.png",
    "available": true,
    "promoUntil": null
  },
  {
    "id": "686077FLS",
    "title": "Doppio Passo - Grillo Sicilia DOC - 750ML",
    "category": "Bier en wijn",
    "price": 7.99,
    "promoPrice": null,
    "pricePerUnit": "10.65 l",
    "image": "https://www.jumbo.com/dam-images/fit-in/360x360/Products/06052025_1746545608895_1746545613190_8008863069440_1.png",
    "available": true,
    "promoUntil": null
  },
  {
    "id": "196080BLK",
    "title": "Gourmet Gold Hartig Torentje Kattenvoer nat met Kip en Wortelen",
    "category": "Huishouden en dieren",
    "price": 0.84,
    "promoPrice": null,
    "pricePerUnit": "9.88 kg",
    "image": "https://www.jumbo.com/dam-images/fit-in/360x360/Products/23092025_1758599319768_1758599381310_196080_BLK_07613036024181_C1N1_s02.png",
    "available": true,
    "promoUntil": null
  },
  {
    "id": "648145KGR",
    "title": "Jumbo Geitenkaas 50+ Oud ca. 335 g",
    "category": "Vleeswaren, kaas en tapas",
    "price": 8.37,
    "promoPrice": null,
    "pricePerUnit": "24.99 kg",
    "image": "https://www.jumbo.com/dam-images/fit-in/360x360/Products/12122024_1734014904649_1734014909919_2336030000000_1.png",
    "available": true,
    "promoUntil": null
  },
  {
    "id": "623519DS",
    "title": "Jumbo Latex Handschoenen M Multifunctioneel 20 Stuks",
    "category": "Huishouden en dieren",
    "price": 1.99,
    "promoPrice": null,
    "pricePerUnit": "0.1 pieces",
    "image": "https://www.jumbo.com/dam-images/fit-in/360x360/Products/14052025_1747215233132_1747215241722_8718452699834_1.png",
    "available": true,
    "promoUntil": null
  },
  {
    "id": "676452BLS",
    "title": "GUM Soft-Picks Pro Small 30 Stuks",
    "category": "Drogisterij en baby",
    "price": 8.49,
    "promoPrice": null,
    "pricePerUnit": "0.28 pieces",
    "image": "https://www.jumbo.com/dam-images/fit-in/360x360/Products/28022025_1740716730437_1740716735148_676452_BLS_07630019905824_C1N1.png",
    "available": true,
    "promoUntil": null
  },
  {
    "id": "583791ZK",
    "title": "Jumbo Snackmix Wasabi Smaak 125 g",
    "category": "Koek, snoep, chocolade en chips",
    "price": 1.0,
    "promoPrice": null,
    "pricePerUnit": "8.0 kg",
    "image": "https://www.jumbo.com/dam-images/fit-in/360x360/Products/14022024_1707873373563_1707873387168_8718452741250_596.png",
    "available": true,
    "promoUntil": null
  },
  {
    "id": "711987TRA",
    "title": "Jumbo Stamppot Boerenkool 1 kg",
    "category": "Verse maaltijden en gemak",
    "price": 3.99,
    "promoPrice": null,
    "pricePerUnit": "3.99 kg",
    "image": "https://www.jumbo.com/dam-images/fit-in/360x360/Products/23092025_1758619991240_1758619998686_8718452953004_1.png",
    "available": true,
    "promoUntil": null
  },
  {
    "id": "595919DS",
    "title": "Jumbo Vegan Chili Nuggets 12 Stuks",
    "category": "Diepvries",
    "price": 2.79,
    "promoPrice": null,
    "pricePerUnit": "11.63 kg",
    "image": "https://www.jumbo.com/dam-images/fit-in/360x360/Products/06022024_1707237252437_1707237273265_8718452778959_596.png",
    "available": true,
    "promoUntil": null
  },
  {
    "id": "669001FLS",
    "title": "Belvoir No added Sugar Summer Berries Cordial 500 ml",
    "category": "Frisdrank en sappen",
    "price": 5.29,
    "promoPrice": null,
    "pricePerUnit": "10.58 l",
    "image": "https://www.jumbo.com/dam-images/fit-in/360x360/Products/12122024_1733991544322_1733991551325_669001_FLS_05022019630202_C1N1.png",
    "available": true,
    "promoUntil": null
  },
  {
    "id": "670975BLS",
    "title": "Artiach Filipinos Witte Chocolade 120g",
    "category": "Koek, snoep, chocolade en chips",
    "price": 1.73,
    "promoPrice": null,
    "pricePerUnit": "14.42 kg",
    "image": "https://www.jumbo.com/dam-images/fit-in/360x360/Products/23122024_1734938684248_1734938686734_670975_BLS_08436048965520_C1N1.png",
    "available": true,
    "promoUntil": null
  },
  {
    "id": "85277PAK",
    "title": "De Bron Peppermint Sugarfree 80 g",
    "category": "Koek, snoep, chocolade en chips",
    "price": 1.79,
    "promoPrice": null,
    "pricePerUnit": "22.38 kg",
    "image": "https://www.jumbo.com/dam-images/fit-in/360x360/Products/10082023_1691674996389_1691675020678_8712514098702_1.png",
    "available": true,
    "promoUntil": null
  },
  {
    "id": "633359FLS",
    "title": "Dreft Colour 21 Wasbeurten 945 ML",
    "category": "Huishouden en dieren",
    "price": 10.99,
    "promoPrice": null,
    "pricePerUnit": "0.52 wb",
    "image": "https://www.jumbo.com/dam-images/fit-in/360x360/Products/07082024_1722995640106_1722995642964_633359_FLS_08719558806911_C1N1.png",
    "available": true,
    "promoUntil": null
  },
  {
    "id": "671086BLS",
    "title": "Duracell Rechargeable Batterijen AAA 750mAh",
    "category": "Non-food en servicebalie",
    "price": 15.79,
    "promoPrice": null,
    "pricePerUnit": "3.95 pieces",
    "image": "https://www.jumbo.com/dam-images/fit-in/360x360/Products/29032025_1743210125461_1743210131956_5000394090231_1.png",
    "available": true,
    "promoUntil": null
  },
  {
    "id": "138976POT",
    "title": "Faja Lobi Pinda Sambel Trafasie 200 g",
    "category": "Wereldkeukens, kruiden, pasta en rijst",
    "price": 2.79,
    "promoPrice": null,
    "pricePerUnit": "13.95 kg",
    "image": "https://www.jumbo.com/dam-images/fit-in/360x360/Products/23032024_1711159727439_1711159738153_138976_POT_08712631819648_C1N1.png",
    "available": true,
    "promoUntil": null
  },
  {
    "id": "710526BLK",
    "title": "Frontaal Witte Simmie 330ML",
    "category": "Bier en wijn",
    "price": 3.29,
    "promoPrice": null,
    "pricePerUnit": "9.97 l",
    "image": "https://www.jumbo.com/dam-images/fit-in/360x360/Products/20092025_1758330988072_1758330990894_710526_BLK_08720828456767_C1N1.png",
    "available": true,
    "promoUntil": null
  },
  {
    "id": "501898ZK",
    "title": "Jumbo Biologisch Ongebrande Hazelnoten 175 g",
    "category": "Aardappelen, groente en fruit",
    "price": 3.69,
    "promoPrice": null,
    "pricePerUnit": "21.09 kg",
    "image": "https://www.jumbo.com/dam-images/fit-in/360x360/Products/09082023_1691590100202_1691590200336_8718452633623_1.png",
    "available": true,
    "promoUntil": null
  },
  {
    "id": "621932DS",
    "title": "Jumbo Biologische Erwtencouscous 400g",
    "category": "Wereldkeukens, kruiden, pasta en rijst",
    "price": 3.49,
    "promoPrice": null,
    "pricePerUnit": "8.73 kg",
    "image": "https://www.jumbo.com/dam-images/fit-in/360x360/Products/04062024_1717490780875_1717490795484_8718452836925_596.png",
    "available": true,
    "promoUntil": null
  },
  {
    "id": "708327STK",
    "title": "Jumbo Recepten Verzamelboek",
    "category": "",
    "price": 1.49,
    "promoPrice": null,
    "pricePerUnit": "1.49 pieces",
    "image": "https://www.jumbo.com/dam-images/fit-in/360x360/Products/20082025_1755696814976_1755696822265_8718452934652_1.png",
    "available": true,
    "promoUntil": null
  },
  {
    "id": "680711FLS",
    "title": "AA-Drink Isotone 0.5L",
    "category": "Frisdrank en sappen",
    "price": 1.29,
    "promoPrice": null,
    "pricePerUnit": "2.58 l",
    "image": "https://www.jumbo.com/dam-images/fit-in/360x360/Products/19022025_1739955397572_1739955401361_680711_FLS_08722200962859_C1N1.png",
    "available": true,
    "promoUntil": null
  },
  {
    "id": "419428KGR",
    "title": "Beemster Extra Belegen Stuk 400 g",
    "category": "Vleeswaren, kaas en tapas",
    "price": 8.4,
    "promoPrice": null,
    "pricePerUnit": "20.99 kg",
    "image": "https://www.jumbo.com/dam-images/fit-in/360x360/Products/09082023_1691596485837_1691596496051_2392349000000_1.png",
    "available": true,
    "promoUntil": null
  },
  {
    "id": "650031BLS",
    "title": "GUM Trav-Ler ISO 2 0.9 mm 1 Stuk",
    "category": "Drogisterij en baby",
    "price": 6.19,
    "promoPrice": null,
    "pricePerUnit": "1.03 pieces",
    "image": "https://www.jumbo.com/dam-images/fit-in/360x360/Products/05092025_1757035176126_1757035182228_650031_BLS_07630019900171_C1N1.png",
    "available": true,
    "promoUntil": null
  },
  {
    "id": "153930DS",
    "title": "Jumbo Aanvullend Dierenvoeder Denta Small Dental Kauwsticks 28 Stuks 440 g",
    "category": "Huishouden en dieren",
    "price": 3.13,
    "promoPrice": null,
    "pricePerUnit": "7.11 kg",
    "image": "https://www.jumbo.com/dam-images/fit-in/360x360/Products/13052025_1747132386544_1747132399871_8718452532193_596.png",
    "available": true,
    "promoUntil": null
  },
  {
    "id": "439049ZK",
    "title": "D.F. Hoest Bonbons met Zoethoutwortelextract 200 g",
    "category": "Koek, snoep, chocolade en chips",
    "price": 1.46,
    "promoPrice": null,
    "pricePerUnit": "7.3 kg",
    "image": "https://www.jumbo.com/dam-images/fit-in/360x360/Products/12092023_1694481712868_1694481718452_439049_ZK_08710559020504_C1N1.png",
    "available": true,
    "promoUntil": null
  },
  {
    "id": "686547PAK",
    "title": "Feastables MrBeast Melkchocolade Pindakaas 60g",
    "category": "Koek, snoep, chocolade en chips",
    "price": 2.96,
    "promoPrice": null,
    "pricePerUnit": "49.33 kg",
    "image": "https://www.jumbo.com/dam-images/fit-in/360x360/Products/14032025_1741948634356_1741948638865_686547_PAK_01230000168021_C1N1.png",
    "available": true,
    "promoUntil": null
  },
  {
    "id": "678614BLS",
    "title": "HEMA Schoenveters Plat Zwart 120 cm",
    "category": "Non-food en servicebalie",
    "price": 2.39,
    "promoPrice": null,
    "pricePerUnit": "2.39 pieces",
    "image": "https://www.jumbo.com/dam-images/fit-in/360x360/Products/07022025_1738956776658_1738956779930_8718161660897_1.png",
    "available": true,
    "promoUntil": null
  },
  {
    "id": "683288ZK",
    "title": "JIMMY's Popcorn Butter Flavoured Salt 80 g",
    "category": "Koek, snoep, chocolade en chips",
    "price": 1.89,
    "promoPrice": null,
    "pricePerUnit": "23.63 kg",
    "image": "https://www.jumbo.com/dam-images/fit-in/360x360/Products/23052025_1747958434318_1747958446460_8713276011367_1.png",
    "available": true,
    "promoUntil": null
  },
  {
    "id": "680003ZK",
    "title": "HEMA Folie Ballon 7 30cm",
    "category": "Non-food en servicebalie",
    "price": 0.99,
    "promoPrice": null,
    "pricePerUnit": "0.99 pieces",
    "image": "https://www.jumbo.com/dam-images/fit-in/360x360/Products/09082023_1691587396194_1691587423478_8718537534272_1.png",
    "available": true,
    "promoUntil": null
  },
  {
    "id": "687201STK",
    "title": "HEMA Herensokken Maat 43/46 Zwart 5 Paar",
    "category": "Non-food en servicebalie",
    "price": 6.99,
    "promoPrice": null,
    "pricePerUnit": "1.4 pieces",
    "image": "https://www.jumbo.com/dam-images/fit-in/360x360/Products/19032025_1742373318446_1742373321302_687201_STK_08718161565871_C1N1.png",
    "available": true,
    "promoUntil": null
  },
  {
    "id": "134865ZK",
    "title": "Carbonell Groene olijven zonder pit",
    "category": "Wereldkeukens, kruiden, pasta en rijst",
    "price": 1.08,
    "promoPrice": null,
    "pricePerUnit": "15.43 kg",
    "image": "https://www.jumbo.com/dam-images/fit-in/360x360/Products/09092025_1757421319067_1757421337166_8410010403883_596.png",
    "available": true,
    "promoUntil": null
  },
  {
    "id": "85271PAK",
    "title": "De Bron Choc Wafer 34 g",
    "category": "Koek, snoep, chocolade en chips",
    "price": 0.94,
    "promoPrice": null,
    "pricePerUnit": "27.65 kg",
    "image": "https://www.jumbo.com/dam-images/fit-in/360x360/Products/10082023_1691674903665_1691674908426_8712514820501_1.png",
    "available": true,
    "promoUntil": null
  },
  {
    "id": "698631FLS",
    "title": "Andrélon Shampoo Intense Repair 250 ml",
    "category": "Drogisterij en baby",
    "price": 6.49,
    "promoPrice": null,
    "pricePerUnit": "25.96 l",
    "image": "https://www.jumbo.com/dam-images/fit-in/360x360/Products/17072025_1752748404885_1752748410321_8720181576669_1.png",
    "available": true,
    "promoUntil": null
  },
  {
    "id": "628866RP",
    "title": "Jumbo Melkchocolade Cookie & Cream 190 g",
    "category": "Koek, snoep, chocolade en chips",
    "price": 2.47,
    "promoPrice": null,
    "pricePerUnit": "13.0 kg",
    "image": "https://www.jumbo.com/dam-images/fit-in/360x360/Products/23052025_1748010789080_1748010804180_8718452877126_596.png",
    "available": true,
    "promoUntil": null
  },
  {
    "id": "561379POT",
    "title": "Jumbo Mix voor Shoarma 30 g",
    "category": "Wereldkeukens, kruiden, pasta en rijst",
    "price": 0.99,
    "promoPrice": null,
    "pricePerUnit": "33.0 kg",
    "image": "https://www.jumbo.com/dam-images/fit-in/360x360/Products/14022024_1707872532498_1707872541264_8718452721337_1.png",
    "available": true,
    "promoUntil": null
  },
  {
    "id": "161140FLS",
    "title": "Clearasil Ultra Rapid Action Lotion 200 ml",
    "category": "Drogisterij en baby",
    "price": 8.99,
    "promoPrice": null,
    "pricePerUnit": "44.95 l",
    "image": "https://www.jumbo.com/dam-images/fit-in/360x360/Products/17042024_1713320634488_1713320638458_161140_FLS_05000167094893_C1N1.png",
    "available": true,
    "promoUntil": null
  },
  {
    "id": "432446STK",
    "title": "Davitamon Boost Tiener 12+ kauwvitamines aardbei, 60 stuks",
    "category": "Drogisterij en baby",
    "price": 15.29,
    "promoPrice": null,
    "pricePerUnit": "15.29 pieces",
    "image": "https://www.jumbo.com/dam-images/fit-in/360x360/Products/24092025_1758672136105_1758672145032_8710537704372_1.png",
    "available": true,
    "promoUntil": null
  },
  {
    "id": "711655STK",
    "title": "Jumbo Fijne Mousse met Tonijn Natvoer 4 x 85 g",
    "category": "Huishouden en dieren",
    "price": 2.36,
    "promoPrice": null,
    "pricePerUnit": "None None",
    "image": "https://www.jumbo.com/dam-images/fit-in/360x360/Products/20258481a510067a-aadc-43a7-97b7-a1b1a2fba2da-1753784992115.png",
    "available": true,
    "promoUntil": null
  },
  {
    "id": "208346FLS",
    "title": "Bloemfontein - Pinotage - Shiraz - 750 ML",
    "category": "Bier en wijn",
    "price": 6.49,
    "promoPrice": null,
    "pricePerUnit": "8.65 l",
    "image": "https://www.jumbo.com/dam-images/fit-in/360x360/Products/09082023_1691586736829_1691586749142_2000000002231_1.png",
    "available": true,
    "promoUntil": null
  },
  {
    "id": "208368FLS",
    "title": "Buontalenti - Chianti Riserva - Biologisch - 750ML",
    "category": "Bier en wijn",
    "price": 15.49,
    "promoPrice": null,
    "pricePerUnit": "20.65 l",
    "image": "https://www.jumbo.com/dam-images/fit-in/360x360/Products/29092023_1695996431782_1695996434840_8032937130521_1.png",
    "available": true,
    "promoUntil": null
  },
  {
    "id": "35269STK",
    "title": "Alpenhain Camembert en Croûte Classic 200 g",
    "category": "Vleeswaren, kaas en tapas",
    "price": 3.69,
    "promoPrice": null,
    "pricePerUnit": "18.45 kg",
    "image": "https://www.jumbo.com/dam-images/fit-in/360x360/Products/09082023_1691586619216_1691586627451_4003751012120_1.png",
    "available": true,
    "promoUntil": null
  },
  {
    "id": "610074POT",
    "title": "Flower Brand Atjar Tjampoer 390 g",
    "category": "Wereldkeukens, kruiden, pasta en rijst",
    "price": 1.49,
    "promoPrice": null,
    "pricePerUnit": "3.82 kg",
    "image": "https://www.jumbo.com/dam-images/fit-in/360x360/Products/08042024_1712590511617_1712590554141_8710161000093_1.png",
    "available": true,
    "promoUntil": null
  },
  {
    "id": "633400ZK",
    "title": "Groenteschotel met Quinoa en Linzen",
    "category": "Drogisterij en baby",
    "price": 1.73,
    "promoPrice": null,
    "pricePerUnit": "6.92 kg",
    "image": "https://www.jumbo.com/dam-images/fit-in/360x360/Products/20072024_1721433616753_1721433620506_5900852068218_1.png",
    "available": true,
    "promoUntil": null
  },
  {
    "id": "599321DS",
    "title": "Jumbo Waterbestendige Pleisters 20 Stuks",
    "category": "Drogisterij en baby",
    "price": 1.0,
    "promoPrice": null,
    "pricePerUnit": "0.05 pieces",
    "image": "https://www.jumbo.com/dam-images/fit-in/360x360/Products/23042024_1713879192583_1713879198581_8718452771455_1.png",
    "available": true,
    "promoUntil": null
  },
  {
    "id": "633352STK",
    "title": "Jumbo Biologisch Babyvoeding Risotto met Groenten & Maïs 15+ Maanden 250 g",
    "category": "Drogisterij en baby",
    "price": 1.48,
    "promoPrice": null,
    "pricePerUnit": "5.92 kg",
    "image": "https://www.jumbo.com/dam-images/fit-in/360x360/Products/26082024_1724675598354_1724675603977_8718452803897_1.png",
    "available": true,
    "promoUntil": null
  },
  {
    "id": "698770FLS",
    "title": "Andrélon Shampoo Stralend Blond 250 ml",
    "category": "Drogisterij en baby",
    "price": 6.49,
    "promoPrice": null,
    "pricePerUnit": "25.96 l",
    "image": "https://www.jumbo.com/dam-images/fit-in/360x360/Products/11072025_1752244367261_1752244371945_8720181576683_1.png",
    "available": true,
    "promoUntil": null
  },
  {
    "id": "608235STK",
    "title": "Cheesepop Gepofte Kaasballetjes Cheddar 65 g",
    "category": "Vleeswaren, kaas en tapas",
    "price": 2.99,
    "promoPrice": null,
    "pricePerUnit": "46.0 kg",
    "image": "https://www.jumbo.com/dam-images/fit-in/360x360/Products/12122024_1734014563569_1734014567367_8718754270991_1.png",
    "available": true,
    "promoUntil": null
  },
  {
    "id": "187096POT",
    "title": "Conimex Sambal Oelek 200 g",
    "category": "Wereldkeukens, kruiden, pasta en rijst",
    "price": 1.67,
    "promoPrice": null,
    "pricePerUnit": "8.35 kg",
    "image": "https://www.jumbo.com/dam-images/fit-in/360x360/Products/17092025_1758072289668_1758072325164_187096_POT_08714100734599_H1N1.png",
    "available": true,
    "promoUntil": null
  },
  {
    "id": "423738FLS",
    "title": "Enjoy It - Chardonnay - Alcoholvrij - 250ML",
    "category": "Bier en wijn",
    "price": 1.69,
    "promoPrice": null,
    "pricePerUnit": "6.76 l",
    "image": "https://www.jumbo.com/dam-images/fit-in/360x360/Products/01092023_1693564444994_1693564446916_4062073004121_1.png",
    "available": true,
    "promoUntil": null
  },
  {
    "id": "646950BAK",
    "title": "Jumbo Paddenstoelen Mix Italiaanse Stijl 200 g",
    "category": "Aardappelen, groente en fruit",
    "price": 2.99,
    "promoPrice": null,
    "pricePerUnit": "14.95 kg",
    "image": "https://www.jumbo.com/dam-images/fit-in/360x360/Products/JumboPaddenstoelenmixitaliaansestijltemp86d1ebb2-ce91-465a-bfb5-26f24d5aed05-1730792015812.png",
    "available": true,
    "promoUntil": null
  },
  {
    "id": "645967POT",
    "title": "Al'Fez Shakshuka Tomato Sauce 450g",
    "category": "Wereldkeukens, kruiden, pasta en rijst",
    "price": 2.96,
    "promoPrice": null,
    "pricePerUnit": "6.58 kg",
    "image": "https://www.jumbo.com/dam-images/fit-in/360x360/Products/13122024_1734061753352_1734061763988_645967_POT_05010338000462_H1N1.png",
    "available": true,
    "promoUntil": null
  },
  {
    "id": "669649ZK",
    "title": "Buiteman Traditionele Krokante Koekjes met Zwarte Olijf 100 g",
    "category": "Vleeswaren, kaas en tapas",
    "price": 2.79,
    "promoPrice": null,
    "pricePerUnit": "27.9 kg",
    "image": "https://www.jumbo.com/dam-images/fit-in/360x360/Products/12082025_1754960759712_1754960772319_669649_ZK_08710873993836_C1N1.png",
    "available": true,
    "promoUntil": null
  },
  {
    "id": "670976BLS",
    "title": "Artiach Filipinos Melk Chocolade 120g",
    "category": "Koek, snoep, chocolade en chips",
    "price": 1.73,
    "promoPrice": null,
    "pricePerUnit": "14.42 kg",
    "image": "https://www.jumbo.com/dam-images/fit-in/360x360/Products/23122024_1734939623192_1734939626155_670976_BLS_08436048965513_C1N1.png",
    "available": true,
    "promoUntil": null
  },
  {
    "id": "270993PAK",
    "title": "Arizona Green Tea with Honey & Peach Juice 1,5 L",
    "category": "Frisdrank en sappen",
    "price": 2.59,
    "promoPrice": null,
    "pricePerUnit": "1.73 l",
    "image": "https://www.jumbo.com/dam-images/fit-in/360x360/Products/12122024_1734014441556_1734014446180_613008753788_1.png",
    "available": true,
    "promoUntil": null
  },
  {
    "id": "677763EM",
    "title": "Cornish Sea Salt Fresh & Zesty 55g",
    "category": "Wereldkeukens, kruiden, pasta en rijst",
    "price": 3.29,
    "promoPrice": null,
    "pricePerUnit": "59.82 kg",
    "image": "https://www.jumbo.com/dam-images/fit-in/360x360/Products/08042025_1744075958632_1744075960239_677763_EM_05060155200811_A1N1.png",
    "available": true,
    "promoUntil": null
  },
  {
    "id": "608619BAK",
    "title": "Enkco Classic Borrelballen 12 Stuks 200 g",
    "category": "Vleeswaren, kaas en tapas",
    "price": 1.89,
    "promoPrice": null,
    "pricePerUnit": "9.45 kg",
    "image": "https://www.jumbo.com/dam-images/fit-in/360x360/Products/526399BAK144758abe-acae-4419-8ee2-562e13ecbb8a-1706783859739.png",
    "available": true,
    "promoUntil": null
  },
  {
    "id": "564439ZK",
    "title": "Jade Phoenix Dunne Chinese Eiernoedels 375 g",
    "category": "Wereldkeukens, kruiden, pasta en rijst",
    "price": 1.99,
    "promoPrice": null,
    "pricePerUnit": "5.31 kg",
    "image": "https://www.jumbo.com/dam-images/fit-in/360x360/Products/14022024_1707872686682_1707872692122_9310432881872_1.png",
    "available": true,
    "promoUntil": null
  },
  {
    "id": "386705DS",
    "title": "Jules Destrooper Fijne Amandelkoekjes Melkchocolade 125 g",
    "category": "Koek, snoep, chocolade en chips",
    "price": 1.99,
    "promoPrice": null,
    "pricePerUnit": "15.92 kg",
    "image": "https://www.jumbo.com/dam-images/fit-in/360x360/Products/19082025_1755599582322_1755599586823_5410471915157_1.png",
    "available": true,
    "promoUntil": null
  },
  {
    "id": "603729BLS",
    "title": "Jumbo Flex Soft Tandenborstel 2 Stuks",
    "category": "Drogisterij en baby",
    "price": 1.49,
    "promoPrice": null,
    "pricePerUnit": "0.75 pieces",
    "image": "https://www.jumbo.com/dam-images/fit-in/360x360/Products/17012024_1705505711273_1705505719105_8718452775118_1.png",
    "available": true,
    "promoUntil": null
  },
  {
    "id": "182879STK",
    "title": "Jumbo Steranijs 4 g",
    "category": "Wereldkeukens, kruiden, pasta en rijst",
    "price": 1.45,
    "promoPrice": null,
    "pricePerUnit": "362.5 kg",
    "image": "https://www.jumbo.com/dam-images/fit-in/360x360/Products/09082023_1691581023546_1691581031524_8718452203567_1.png",
    "available": true,
    "promoUntil": null
  },
  {
    "id": "692926DS",
    "title": "Jumbo Safarikoekjes Naturel 175g",
    "category": "Koek, snoep, chocolade en chips",
    "price": 1.69,
    "promoPrice": null,
    "pricePerUnit": "9.66 kg",
    "image": "https://www.jumbo.com/dam-images/fit-in/360x360/Products/18042025_1744945775164_1744945780919_692926_DS_08718452887262_C1N1.png",
    "available": true,
    "promoUntil": null
  },
  {
    "id": "616882DS",
    "title": "Elmex Anti-Cariës Whitening Tandpasta 75 ml",
    "category": "Drogisterij en baby",
    "price": 5.29,
    "promoPrice": null,
    "pricePerUnit": "70.53 l",
    "image": "https://www.jumbo.com/dam-images/fit-in/360x360/Products/16082024_1723770911624_1723770914854_616882_DS_08718951665194_C1N1.png",
    "available": true,
    "promoUntil": null
  },
  {
    "id": "559990PAK",
    "title": "Appelsientje Ananasje 1 L",
    "category": "Frisdrank en sappen",
    "price": 2.89,
    "promoPrice": null,
    "pricePerUnit": "2.89 l",
    "image": "https://www.jumbo.com/dam-images/fit-in/360x360/Products/17092025_1758074440299_1758074486981_559990_PAK_08720157469070_C1N1.png",
    "available": true,
    "promoUntil": null
  },
  {
    "id": "635348ZK",
    "title": "De Kleine Keuken Biologisch Broodbeleg Zoete Aardappel & Appel 6+ Maanden 100 g",
    "category": "Drogisterij en baby",
    "price": 2.39,
    "promoPrice": null,
    "pricePerUnit": "23.9 kg",
    "image": "https://www.jumbo.com/dam-images/fit-in/360x360/Products/26072024_1721989999089_1721990004488_8718734493433_1.png",
    "available": true,
    "promoUntil": null
  },
  {
    "id": "18099ZK",
    "title": "Duyvis Cashew Noten Zeezout 125 gr",
    "category": "Koek, snoep, chocolade en chips",
    "price": 3.39,
    "promoPrice": null,
    "pricePerUnit": "27.12 kg",
    "image": "https://www.jumbo.com/dam-images/fit-in/360x360/Products/08052025_1746711226117_1746711232871_8710398159038_1.png",
    "available": true,
    "promoUntil": null
  },
  {
    "id": "443899PAK",
    "title": "Haust Snack Cups Naturel Ovaal 130 g",
    "category": "Koek, snoep, chocolade en chips",
    "price": 1.36,
    "promoPrice": null,
    "pricePerUnit": "10.46 kg",
    "image": "https://www.jumbo.com/dam-images/fit-in/360x360/Products/29092023_1695995260214_1695995267929_8710445024128_1.png",
    "available": true,
    "promoUntil": null
  },
  {
    "id": "639398TRA",
    "title": "Huls Gesneden Cervelaat 175g",
    "category": "Vleeswaren, kaas en tapas",
    "price": 4.99,
    "promoPrice": null,
    "pricePerUnit": "28.51 kg",
    "image": "https://www.jumbo.com/dam-images/fit-in/360x360/Products/26052025_1748222664304_1748222672876_639398_TRA_08725800007500_C1N1.png",
    "available": true,
    "promoUntil": null
  },
  {
    "id": "496372STK",
    "title": "Bisolvon Elixer Forte hoestdrank 125 ml (8 mg/ 5 ml)",
    "category": "Drogisterij en baby",
    "price": 9.99,
    "promoPrice": null,
    "pricePerUnit": "79.92 l",
    "image": "https://www.jumbo.com/dam-images/fit-in/360x360/Products/24092025_1758672092359_1758672096415_8712172864350_1.png",
    "available": true,
    "promoUntil": null
  },
  {
    "id": "194172STK",
    "title": "Daro Alle hoest siroop, 150 ml",
    "category": "Drogisterij en baby",
    "price": 13.29,
    "promoPrice": null,
    "pricePerUnit": "13.29 pieces",
    "image": "https://www.jumbo.com/dam-images/fit-in/360x360/Products/24092025_1758672107516_1758672112463_8714319186288_1.png",
    "available": true,
    "promoUntil": null
  },
  {
    "id": "711882TRA",
    "title": "Jumbo Familieschotel Tomaat Mozzarella 900 g",
    "category": "Verse maaltijden en gemak",
    "price": 7.99,
    "promoPrice": 5.99,
    "pricePerUnit": "6.66 kg",
    "image": "https://www.jumbo.com/dam-images/fit-in/360x360/Products/22092025_1758566030192_1758566039993_8718452951796_1.png",
    "available": true,
    "promoUntil": "di 7 okt"
  },
  {
    "id": "710987ZK",
    "title": "Jumbo Kruidnoten Witte Chocolade & Kokos 200 g",
    "category": "Koek, snoep, chocolade en chips",
    "price": 2.79,
    "promoPrice": null,
    "pricePerUnit": "13.95 kg",
    "image": "https://www.jumbo.com/dam-images/fit-in/360x360/Products/25072025_1753432375186_1753432387794_8718452899876_596.png",
    "available": true,
    "promoUntil": null
  },
  {
    "id": "656696KGR",
    "title": "Jumbo Leijdenaar Kaas 40+ ca. 150 g",
    "category": "Vleeswaren, kaas en tapas",
    "price": 2.17,
    "promoPrice": null,
    "pricePerUnit": "14.49 kg",
    "image": "https://www.jumbo.com/dam-images/fit-in/360x360/Products/14102024_1728894968508_1728894976041_2354109000000_1.png",
    "available": true,
    "promoUntil": null
  },
  {
    "id": "363231FLS",
    "title": "Heinz Tomaten polpa",
    "category": "Wereldkeukens, kruiden, pasta en rijst",
    "price": 1.29,
    "promoPrice": null,
    "pricePerUnit": "3.23 kg",
    "image": "https://www.jumbo.com/dam-images/fit-in/360x360/Products/02082025_1754100721477_1754100731098_363231_FLS_08715700112817_H1N1.png",
    "available": true,
    "promoUntil": null
  },
  {
    "id": "680212ZK",
    "title": "HEMA Keukentang RVS Siliconen",
    "category": "Non-food en servicebalie",
    "price": 7.59,
    "promoPrice": null,
    "pricePerUnit": "7.59 pieces",
    "image": "https://www.jumbo.com/dam-images/fit-in/360x360/Products/09082023_1691587040895_1691587047896_8713745817476_1.png",
    "available": true,
    "promoUntil": null
  },
  {
    "id": "566773STK",
    "title": "Goudse Kaas Jong Belegen 48+ Plak 4 x 190 g",
    "category": "Vleeswaren, kaas en tapas",
    "price": 9.96,
    "promoPrice": null,
    "pricePerUnit": "None None",
    "image": "https://www.jumbo.com/dam-images/fit-in/360x360/Products/20222086041b599f-ff4b-4090-ae0d-7e2431e15d22-1744367493790.png",
    "available": true,
    "promoUntil": null
  },
  {
    "id": "620384ZK",
    "title": "Gourmet Perle Zee Delicatesse, Met Zeevis En Garnaal, Met Zalm En Garnaal, Met Schol En Garnaal, Met Tonijn En Garnaal, 85g Pouch",
    "category": "Huishouden en dieren",
    "price": 3.46,
    "promoPrice": null,
    "pricePerUnit": "10.18 kg",
    "image": "https://www.jumbo.com/dam-images/fit-in/360x360/Products/09072025_1752022851631_1752022876719_620384_ZK_07613030946021_C1N1_s05.png",
    "available": true,
    "promoUntil": null
  },
  {
    "id": "376598STK",
    "title": "Grolsch - Pils & 0.0% Alcoholvrij - Kratten",
    "category": "Bier en wijn",
    "price": 40.65,
    "promoPrice": null,
    "pricePerUnit": "None None",
    "image": "https://www.jumbo.com/dam-images/fit-in/360x360/Products/376598STK1e689c417-ce99-4b01-9f0f-da6f17ac82b1-1739971312244.png",
    "available": true,
    "promoUntil": null
  },
  {
    "id": "710525FLS",
    "title": "Gulpener - Blond - Fles - 300ML",
    "category": "Bier en wijn",
    "price": 1.6,
    "promoPrice": null,
    "pricePerUnit": "5.33 l",
    "image": "https://www.jumbo.com/dam-images/fit-in/360x360/Products/23072025_1753262375444_1753262376129_710525_FLS_08725500171051_A1N1.png",
    "available": true,
    "promoUntil": null
  },
  {
    "id": "633343STK",
    "title": "Jumbo Biologisch Babyvoeding Appel, Banaan & Kers 8+ Maanden 190 g",
    "category": "Drogisterij en baby",
    "price": 1.11,
    "promoPrice": null,
    "pricePerUnit": "5.84 kg",
    "image": "https://www.jumbo.com/dam-images/fit-in/360x360/Products/26082024_1724675597777_1724675605223_8718452807895_1.png",
    "available": true,
    "promoUntil": null
  },
  {
    "id": "592061STK",
    "title": "Jumbo Biologisch Knijpfruit Appel & Aardbei 6+ Maanden 90 g",
    "category": "Drogisterij en baby",
    "price": 0.93,
    "promoPrice": null,
    "pricePerUnit": "10.33 kg",
    "image": "https://www.jumbo.com/dam-images/fit-in/360x360/Products/05042024_1712334969327_1712334974934_8718452744527_1.png",
    "available": true,
    "promoUntil": null
  },
  {
    "id": "703830STK",
    "title": "Jumbo Biologisch Paté met Kip",
    "category": "Huishouden en dieren",
    "price": 3.88,
    "promoPrice": null,
    "pricePerUnit": "None None",
    "image": "https://www.jumbo.com/dam-images/fit-in/360x360/Products/20259136066c48b7-2276-45ab-a582-53488d9d71c3-1749628243981.png",
    "available": true,
    "promoUntil": null
  },
  {
    "id": "586419STK",
    "title": "Jumbo Opvolgmelk Standaard 2 - 6-12 maanden  - bundel 1600g",
    "category": "Drogisterij en baby",
    "price": 17.8,
    "promoPrice": null,
    "pricePerUnit": "None None",
    "image": "https://www.jumbo.com/dam-images/fit-in/360x360/Products/586419STK1819b975f-b360-4949-bc08-388d94429eab-1692274620234.png",
    "available": true,
    "promoUntil": null
  },
  {
    "id": "688906STK",
    "title": "Jumbo Vers Sap Sinaasappel & Kiwi 3 x 250ML",
    "category": "Aardappelen, groente en fruit",
    "price": 5.97,
    "promoPrice": null,
    "pricePerUnit": "None None",
    "image": "https://www.jumbo.com/dam-images/fit-in/360x360/Products/20259068e0a4814e-6312-468b-96a9-92e6bd188a31-1743407056378.png",
    "available": true,
    "promoUntil": null
  },
  {
    "id": "471636ZK",
    "title": "Bonzo Funtastix Hondensnacks",
    "category": "Huishouden en dieren",
    "price": 2.76,
    "promoPrice": null,
    "pricePerUnit": "15.77 kg",
    "image": "https://www.jumbo.com/dam-images/fit-in/360x360/Products/30052025_1748571728247_1748571763093_471636_ZK_07613287501929_H1N1_s02.png",
    "available": true,
    "promoUntil": null
  },
  {
    "id": "576135DS",
    "title": "Desperados Mojito Bier Fles 6 x 330ml",
    "category": "Bier en wijn",
    "price": 9.99,
    "promoPrice": null,
    "pricePerUnit": "5.05 l",
    "image": "https://www.jumbo.com/dam-images/fit-in/360x360/Products/07012025_1736267694881_1736267702717_8712000061135_1.png",
    "available": true,
    "promoUntil": null
  },
  {
    "id": "588448FLS",
    "title": "De Kuyper - Espresso Martini - Cocktail - 500ML",
    "category": "Bier en wijn",
    "price": 11.99,
    "promoPrice": null,
    "pricePerUnit": "23.98 l",
    "image": "https://www.jumbo.com/dam-images/fit-in/360x360/Products/07032024_1709780266340_1709780275931_588448_FLS_08710625019142_C1N1.png",
    "available": true,
    "promoUntil": null
  },
  {
    "id": "703472DS",
    "title": "Crosta Mollica Flatbread Knoflook & Mozzarella 229g",
    "category": "Diepvries",
    "price": 3.99,
    "promoPrice": null,
    "pricePerUnit": "17.42 kg",
    "image": "https://www.jumbo.com/dam-images/fit-in/360x360/Products/06062025_1749201156166_1749201175797_703472_DS_05060198649615_C1N1.png",
    "available": true,
    "promoUntil": null
  },
  {
    "id": "562384FLS",
    "title": "Duvel - Tripel Hop Citra IPA - Fles - 330ML",
    "category": "Bier en wijn",
    "price": 2.5,
    "promoPrice": null,
    "pricePerUnit": "7.58 l",
    "image": "https://www.jumbo.com/dam-images/fit-in/360x360/Products/10082023_1691677664089_1691677670950_5411681401164_1.png",
    "available": true,
    "promoUntil": null
  },
  {
    "id": "568686ZK",
    "title": "Fairtrade Original Organic Mihoen Rice Vermicelli 225 g",
    "category": "Wereldkeukens, kruiden, pasta en rijst",
    "price": 3.19,
    "promoPrice": null,
    "pricePerUnit": "14.18 kg",
    "image": "https://www.jumbo.com/dam-images/fit-in/360x360/Products/09042025_1744164515183_1744164520754_568686_ZK_08711741359730_C1N1.png",
    "available": true,
    "promoUntil": null
  },
  {
    "id": "676453BLS",
    "title": "GUM Soft-Picks Pro Medium 30 Stuks",
    "category": "Drogisterij en baby",
    "price": 8.49,
    "promoPrice": null,
    "pricePerUnit": "0.28 pieces",
    "image": "https://www.jumbo.com/dam-images/fit-in/360x360/Products/28022025_1740716739001_1740716744287_676453_BLS_07630019905855_C1N1.png",
    "available": true,
    "promoUntil": null
  },
  {
    "id": "422702ZK",
    "title": "Cheetos Goals Kaas Chips 100 gr",
    "category": "Koek, snoep, chocolade en chips",
    "price": 1.99,
    "promoPrice": null,
    "pricePerUnit": "19.9 kg",
    "image": "https://www.jumbo.com/dam-images/fit-in/360x360/Products/27032025_1743068012488_1743068019480_8710398517920_1.png",
    "available": true,
    "promoUntil": null
  },
  {
    "id": "617036PAK",
    "title": "Daawat Extra Long Basmati Rice 500 g",
    "category": "Wereldkeukens, kruiden, pasta en rijst",
    "price": 2.09,
    "promoPrice": null,
    "pricePerUnit": "4.18 kg",
    "image": "https://www.jumbo.com/dam-images/fit-in/360x360/Products/03042025_1743683570268_1743683576946_8719632250173_1.png",
    "available": true,
    "promoUntil": null
  },
  {
    "id": "614745PAK",
    "title": "Hands Off Espresso Martini 100 g",
    "category": "Koek, snoep, chocolade en chips",
    "price": 3.19,
    "promoPrice": null,
    "pricePerUnit": "33.58 kg",
    "image": "https://www.jumbo.com/dam-images/fit-in/360x360/Products/26052025_1748232077040_1748232079672_614745_PAK_08718754740913_C1N1.png",
    "available": true,
    "promoUntil": null
  },
  {
    "id": "417796ZK",
    "title": "Jumbo Premium Luiers Maat 3 6-10 kg 26 Stuks",
    "category": "Drogisterij en baby",
    "price": 5.56,
    "promoPrice": null,
    "pricePerUnit": "0.21 pieces",
    "image": "https://www.jumbo.com/dam-images/fit-in/360x360/Products/09082023_1691588007147_1691588074869_8718452509393_1.png",
    "available": true,
    "promoUntil": null
  },
  {
    "id": "609191PAK",
    "title": "CoolBest FruitDrink Orange 1L",
    "category": "Frisdrank en sappen",
    "price": 2.39,
    "promoPrice": null,
    "pricePerUnit": "2.39 l",
    "image": "https://www.jumbo.com/dam-images/fit-in/360x360/Products/04092025_1756996411629_1756996416806_8720157401261_1.png",
    "available": true,
    "promoUntil": null
  },
  {
    "id": "498949ZK",
    "title": "Conimex Rijstnoedels 5mm 225 g",
    "category": "Wereldkeukens, kruiden, pasta en rijst",
    "price": 3.16,
    "promoPrice": null,
    "pricePerUnit": "14.04 kg",
    "image": "https://www.jumbo.com/dam-images/fit-in/360x360/Products/23052024_1716453199155_1716453209994_8712100837654_1.png",
    "available": true,
    "promoUntil": null
  },
  {
    "id": "310584STK",
    "title": "Dampo Kids siroop Alle Hoest 100ml",
    "category": "Drogisterij en baby",
    "price": 11.19,
    "promoPrice": null,
    "pricePerUnit": "111.9 l",
    "image": "https://www.jumbo.com/dam-images/fit-in/360x360/Products/24092025_1758672135478_1758672141164_8713304953249_1.png",
    "available": true,
    "promoUntil": null
  },
  {
    "id": "515128ZK",
    "title": "BitesWeLove Flip Its Salt & Pepper Lentil Puffs 75 g",
    "category": "Koek, snoep, chocolade en chips",
    "price": 2.29,
    "promoPrice": null,
    "pricePerUnit": "30.53 kg",
    "image": "https://www.jumbo.com/dam-images/fit-in/360x360/Products/24042024_1713969252106_1713969268274_8711299015904_596.png",
    "available": true,
    "promoUntil": null
  },
  {
    "id": "655330KGR",
    "title": "Jumbo Bleu d'Auvergne (BOB) Blauwschimmelkaas 50+ ca. 140 g",
    "category": "Vleeswaren, kaas en tapas",
    "price": 2.94,
    "promoPrice": null,
    "pricePerUnit": "20.99 kg",
    "image": "https://www.jumbo.com/dam-images/fit-in/360x360/Products/25102024_1729866970452_1729866980487_2348760000000_1.png",
    "available": true,
    "promoUntil": null
  },
  {
    "id": "374196BAK",
    "title": "Jumbo Bourgondische Vleessalade 150 g",
    "category": "Vleeswaren, kaas en tapas",
    "price": 2.35,
    "promoPrice": null,
    "pricePerUnit": "15.67 kg",
    "image": "https://www.jumbo.com/dam-images/fit-in/360x360/Products/18062025_1750257312648_1750257320389_8718452487943_1.png",
    "available": true,
    "promoUntil": null
  },
  {
    "id": "691161FLS",
    "title": "Jumbo Mocktail Mojito 500ML",
    "category": "Aardappelen, groente en fruit",
    "price": 2.59,
    "promoPrice": null,
    "pricePerUnit": "5.18 l",
    "image": "https://www.jumbo.com/dam-images/fit-in/360x360/Products/31072025_1753961672978_1753961675482_8718452925537_1.png",
    "available": true,
    "promoUntil": null
  },
  {
    "id": "612726DS",
    "title": "Jumbo Opzetborstels Sensitive 4 Stuks",
    "category": "Drogisterij en baby",
    "price": 6.65,
    "promoPrice": null,
    "pricePerUnit": "1.66 pieces",
    "image": "https://www.jumbo.com/dam-images/fit-in/360x360/Products/05042024_1712334969764_1712334976695_8718452784523_596.png",
    "available": true,
    "promoUntil": null
  },
  {
    "id": "595914KGR",
    "title": "Jumbo Pittige Peperkaas Jong Belegen 50+ ca. 270 g",
    "category": "Vleeswaren, kaas en tapas",
    "price": 5.1,
    "promoPrice": null,
    "pricePerUnit": "18.9 kg",
    "image": "https://www.jumbo.com/dam-images/fit-in/360x360/Products/12122024_1734014580910_1734014588357_2353179000000_1.png",
    "available": true,
    "promoUntil": null
  },
  {
    "id": "642000FLS",
    "title": "Jumbo Shot Purple Vibe 125ML",
    "category": "Frisdrank en sappen",
    "price": 1.0,
    "promoPrice": null,
    "pricePerUnit": "8.0 l",
    "image": "https://www.jumbo.com/dam-images/fit-in/360x360/Products/15042025_1744731176851_1744731181749_8718452856473_1.png",
    "available": true,
    "promoUntil": null
  },
  {
    "id": "585937FLS",
    "title": "Jumbo Shot Gember 40% 60ML",
    "category": "Frisdrank en sappen",
    "price": 1.99,
    "promoPrice": null,
    "pricePerUnit": "33.17 l",
    "image": "https://www.jumbo.com/dam-images/fit-in/360x360/Products/01042025_1743521632431_1743521638475_8718452863839_1.png",
    "available": true,
    "promoUntil": null
  },
  {
    "id": "379315BLK",
    "title": "BARKLEYS™ Liquorice Tastefully Intense Mints 50 g",
    "category": "Koek, snoep, chocolade en chips",
    "price": 1.89,
    "promoPrice": null,
    "pricePerUnit": "37.8 kg",
    "image": "https://www.jumbo.com/dam-images/fit-in/360x360/Products/11102023_1696987590684_1696987603449_379315_BLK_08717438741499_C1N1.png",
    "available": true,
    "promoUntil": null
  },
  {
    "id": "461094DS",
    "title": "Corega Beugel & Bitjes Reiniger 30 Stuks",
    "category": "Drogisterij en baby",
    "price": 7.99,
    "promoPrice": null,
    "pricePerUnit": "0.27 pieces",
    "image": "https://www.jumbo.com/dam-images/fit-in/360x360/Products/21112023_1700534051286_1700534055355_461094_DS_05054563108258_C1N1.png",
    "available": true,
    "promoUntil": null
  },
  {
    "id": "669824BLK",
    "title": "Gebrouwen Door Vrouwen Misty Mango 330ML",
    "category": "Bier en wijn",
    "price": 2.99,
    "promoPrice": null,
    "pricePerUnit": "9.06 l",
    "image": "https://www.jumbo.com/dam-images/fit-in/360x360/Products/08719689872427A1N15a8390d9-7cc1-4820-bf5f-12b03511438f-1741005773844.png",
    "available": true,
    "promoUntil": null
  },
  {
    "id": "688125STK",
    "title": "Jumbo Gesneden Verspakket Satépannetje met Rijst 4 Personen",
    "category": "Wereldkeukens, kruiden, pasta en rijst",
    "price": 10.99,
    "promoPrice": null,
    "pricePerUnit": "None None",
    "image": "https://www.jumbo.com/dam-images/fit-in/360x360/Products/20058494a7eccf44-d7c4-4e26-9737-22b48d761678-1742912326814.png",
    "available": true,
    "promoUntil": null
  },
  {
    "id": "182376STK",
    "title": "Jumbo Nootmuskaat Heel 10 g",
    "category": "Wereldkeukens, kruiden, pasta en rijst",
    "price": 0.99,
    "promoPrice": null,
    "pricePerUnit": "99.0 kg",
    "image": "https://www.jumbo.com/dam-images/fit-in/360x360/Products/09082023_1691584437256_1691584463860_8718452203574_1.png",
    "available": true,
    "promoUntil": null
  },
  {
    "id": "438175DS",
    "title": "Autodrop Jumbo's Zot Zoete Zacht Wagens 235 g",
    "category": "Koek, snoep, chocolade en chips",
    "price": 2.96,
    "promoPrice": null,
    "pricePerUnit": "12.6 kg",
    "image": "https://www.jumbo.com/dam-images/fit-in/360x360/Products/28092024_1727487407333_1727487417793_438175_DS_08710452400144_C1N1.png",
    "available": true,
    "promoUntil": null
  },
  {
    "id": "619978BLK",
    "title": "Euroma Essential N°09 Chili",
    "category": "Wereldkeukens, kruiden, pasta en rijst",
    "price": 2.99,
    "promoPrice": null,
    "pricePerUnit": "66.44 kg",
    "image": "https://www.jumbo.com/dam-images/fit-in/360x360/Products/22062024_1719020194313_1719020200675_619978_BLK_08717600345890_C1N1.png",
    "available": true,
    "promoUntil": null
  },
  {
    "id": "705479BLK",
    "title": "Absolut Vodka Sprite Pineapple 250ML",
    "category": "Bier en wijn",
    "price": 2.39,
    "promoPrice": null,
    "pricePerUnit": "9.56 l",
    "image": "https://www.jumbo.com/dam-images/fit-in/360x360/Products/18062025_1750271667270_1750271672219_5449000336248_1.png",
    "available": true,
    "promoUntil": null
  },
  {
    "id": "689505CUP",
    "title": "Jumbo Pittige Garnalen in Rode Curry 80 g",
    "category": "Vleeswaren, kaas en tapas",
    "price": 2.59,
    "promoPrice": null,
    "pricePerUnit": "32.38 kg",
    "image": "https://www.jumbo.com/dam-images/fit-in/360x360/Products/16062025_1750077167255_1750077174603_8718452923922_1.png",
    "available": true,
    "promoUntil": null
  },
  {
    "id": "431120FLS",
    "title": "7UP Refreshing Lemon & Lime Taste 500ml",
    "category": "Frisdrank en sappen",
    "price": 1.55,
    "promoPrice": null,
    "pricePerUnit": "3.1 l",
    "image": "https://www.jumbo.com/dam-images/fit-in/360x360/Products/25032024_1711381635774_1711381642503_8715600245004_596.png",
    "available": true,
    "promoUntil": null
  },
  {
    "id": "653329ZK",
    "title": "Brets Pesto Mozzarella 125g",
    "category": "Koek, snoep, chocolade en chips",
    "price": 2.49,
    "promoPrice": null,
    "pricePerUnit": "19.92 kg",
    "image": "https://www.jumbo.com/dam-images/fit-in/360x360/Products/11112024_1731339258542_1731339267305_3497917003120_1.png",
    "available": true,
    "promoUntil": null
  },
  {
    "id": "671230DS",
    "title": "HEMA Stempelset Alfabet 26 Stuks",
    "category": "Non-food en servicebalie",
    "price": 3.0,
    "promoPrice": null,
    "pricePerUnit": "0.12 pieces",
    "image": "https://www.jumbo.com/dam-images/fit-in/360x360/Products/08042025_1744078062435_1744078067027_671230_DS_08718537664412_C1N1.png",
    "available": true,
    "promoUntil": null
  },
  {
    "id": "546099ZK",
    "title": "Chupa Chups XXL Aardbei 5 stuks",
    "category": "Koek, snoep, chocolade en chips",
    "price": 2.76,
    "promoPrice": null,
    "pricePerUnit": "19.03 kg",
    "image": "https://www.jumbo.com/dam-images/fit-in/360x360/Products/20062024_1718868800566_1718868804501_8723400824626_1.png",
    "available": true,
    "promoUntil": null
  },
  {
    "id": "569836DS",
    "title": "De Kleine Keuken Biologische Spelt Koekjes Gezoet met Appelsap 8+ Maanden 6 x 2 Stuks 150 g",
    "category": "Drogisterij en baby",
    "price": 3.03,
    "promoPrice": null,
    "pricePerUnit": "20.2 kg",
    "image": "https://www.jumbo.com/dam-images/fit-in/360x360/Products/02092025_1756801967374_1756801975413_8718734494065_1.png",
    "available": true,
    "promoUntil": null
  },
  {
    "id": "678447CUP",
    "title": "Emmi Fondü Cheese Dip 170 g",
    "category": "Vleeswaren, kaas en tapas",
    "price": 2.89,
    "promoPrice": null,
    "pricePerUnit": "17.0 kg",
    "image": "https://www.jumbo.com/dam-images/fit-in/360x360/Products/07022025_1738920265155_1738920273966_678447_CUP_07610900871759_C1N1.png",
    "available": true,
    "promoUntil": null
  },
  {
    "id": "679845ZK",
    "title": "HEMA Folie Ballon 3 30cm",
    "category": "Non-food en servicebalie",
    "price": 0.99,
    "promoPrice": null,
    "pricePerUnit": "0.99 pieces",
    "image": "https://www.jumbo.com/dam-images/fit-in/360x360/Products/09082023_1691587395943_1691587425355_8718537534234_1.png",
    "available": true,
    "promoUntil": null
  },
  {
    "id": "671332DS",
    "title": "HEMA Stempelset party 26 stuks",
    "category": "Non-food en servicebalie",
    "price": 3.99,
    "promoPrice": null,
    "pricePerUnit": "0.15 pieces",
    "image": "https://www.jumbo.com/dam-images/fit-in/360x360/Products/18032025_1742264847207_1742264851021_671332_DS_08718537664443_C1N1.png",
    "available": true,
    "promoUntil": null
  },
  {
    "id": "577098STK",
    "title": "Ella's Kitchen Aardbeien, rabarber + appels 4+ biologisch 120 g",
    "category": "Drogisterij en baby",
    "price": 1.93,
    "promoPrice": null,
    "pricePerUnit": "16.08 kg",
    "image": "https://www.jumbo.com/dam-images/fit-in/360x360/Products/25022025_1740474235126_1740474238031_5060503500853_1.png",
    "available": true,
    "promoUntil": null
  },
  {
    "id": "455114KGR",
    "title": "Jumbo Biologisch Geitenkaas 48+ ca. 125 g",
    "category": "Vleeswaren, kaas en tapas",
    "price": 2.49,
    "promoPrice": null,
    "pricePerUnit": "19.96 kg",
    "image": "https://www.jumbo.com/dam-images/fit-in/360x360/Products/09082023_1691588859137_1691588871022_2348691000000_1.png",
    "available": true,
    "promoUntil": null
  },
  {
    "id": "501895ZK",
    "title": "Jumbo Biologisch Ongebrande Walnoten 110 g",
    "category": "Aardappelen, groente en fruit",
    "price": 2.69,
    "promoPrice": null,
    "pricePerUnit": "24.45 kg",
    "image": "https://www.jumbo.com/dam-images/fit-in/360x360/Products/09082023_1691590100145_1691590186009_8718452633562_1.png",
    "available": true,
    "promoUntil": null
  },
  {
    "id": "596899CUP",
    "title": "Jumbo Olijven Nocellara 100 g",
    "category": "Vleeswaren, kaas en tapas",
    "price": 2.29,
    "promoPrice": null,
    "pricePerUnit": "22.9 kg",
    "image": "https://www.jumbo.com/dam-images/fit-in/360x360/Products/05032024_1709652976972_1709652986366_8718452785797_1.png",
    "available": true,
    "promoUntil": null
  },
  {
    "id": "629373CUP",
    "title": "Jumbo Pulled Pork Spread 150g",
    "category": "Vleeswaren, kaas en tapas",
    "price": 2.69,
    "promoPrice": null,
    "pricePerUnit": "17.93 kg",
    "image": "https://www.jumbo.com/dam-images/fit-in/360x360/Products/21052024_1716280448904_1716280455663_8718452810826_1.png",
    "available": true,
    "promoUntil": null
  },
  {
    "id": "381546POT",
    "title": "Al'Fez Apricot & Coriander Tagine Sauce 450 g",
    "category": "Wereldkeukens, kruiden, pasta en rijst",
    "price": 3.19,
    "promoPrice": null,
    "pricePerUnit": "7.09 kg",
    "image": "https://www.jumbo.com/dam-images/fit-in/360x360/Products/14122024_1734146212811_1734146223119_381546_POT_05010338102333_H1N1.png",
    "available": true,
    "promoUntil": null
  },
  {
    "id": "668901BLK",
    "title": "Brouwerij 't IJ Nijpa 330ML",
    "category": "Bier en wijn",
    "price": 2.89,
    "promoPrice": null,
    "pricePerUnit": "8.76 l",
    "image": "https://www.jumbo.com/dam-images/fit-in/360x360/Products/11122024_1733923474617_1733923482872_668901_BLK_08717545264058_C1N1.png",
    "available": true,
    "promoUntil": null
  },
  {
    "id": "665917ZK",
    "title": "Chipsi Rijstsnack Brong Brong 100g",
    "category": "Wereldkeukens, kruiden, pasta en rijst",
    "price": 3.19,
    "promoPrice": null,
    "pricePerUnit": "31.9 kg",
    "image": "https://www.jumbo.com/dam-images/fit-in/360x360/Products/27112024_1732695442658_1732695448016_665917_ZK_08717953187390_C1N1.png",
    "available": true,
    "promoUntil": null
  },
  {
    "id": "702320DS",
    "title": "Durex Intensity Condooms 5 Stuks",
    "category": "Drogisterij en baby",
    "price": 9.99,
    "promoPrice": null,
    "pricePerUnit": "2.0 pieces",
    "image": "https://www.jumbo.com/dam-images/fit-in/360x360/Products/02062025_1748871903304_1748871923858_702320_DS_08710552315546_C1N1.png",
    "available": true,
    "promoUntil": null
  },
  {
    "id": "689670DS",
    "title": "Gillette Venus Pro Smooth Sensitive Mesjes Voor Vrouwen, Gevoelige Huid",
    "category": "Drogisterij en baby",
    "price": 94.99,
    "promoPrice": null,
    "pricePerUnit": "6.79 pieces",
    "image": "https://www.jumbo.com/dam-images/fit-in/360x360/Products/15082025_1755216173826_1755216178739_8700216618533_1.png",
    "available": true,
    "promoUntil": null
  },
  {
    "id": "680220STK",
    "title": "HEMA Enveloppen Extra Sterk C4 10 Stuks",
    "category": "Non-food en servicebalie",
    "price": 2.79,
    "promoPrice": null,
    "pricePerUnit": "0.28 pieces",
    "image": "https://www.jumbo.com/dam-images/fit-in/360x360/Products/09082023_1691590148437_1691590222366_8716618099368_1.png",
    "available": true,
    "promoUntil": null
  },
  {
    "id": "217593STK",
    "title": "Jumbo Glacé Cakejes met Framboossmaak 330 g",
    "category": "Koek, snoep, chocolade en chips",
    "price": 1.79,
    "promoPrice": null,
    "pricePerUnit": "5.42 kg",
    "image": "https://www.jumbo.com/dam-images/fit-in/360x360/Products/09092025_1757421312646_1757421317195_8718452270118_1.png",
    "available": true,
    "promoUntil": null
  },
  {
    "id": "568974STK",
    "title": "Jumbo Paté met Rund",
    "category": "Huishouden en dieren",
    "price": 3.16,
    "promoPrice": null,
    "pricePerUnit": "None None",
    "image": "https://www.jumbo.com/dam-images/fit-in/360x360/Products/20222222c79800c9-95f9-416a-a618-c43ca1c84d12-1750333798588.png",
    "available": true,
    "promoUntil": null
  },
  {
    "id": "692927DS",
    "title": "Jumbo Safarikoekjes met Melkchocolade 225 g",
    "category": "Koek, snoep, chocolade en chips",
    "price": 2.39,
    "promoPrice": null,
    "pricePerUnit": "10.62 kg",
    "image": "https://www.jumbo.com/dam-images/fit-in/360x360/Products/18042025_1744945776792_1744945783994_692927_DS_08718452889976_C1N1.png",
    "available": true,
    "promoUntil": null
  },
  {
    "id": "404604BUS",
    "title": "AXE Deodorant Bodyspray Leather & Cookies 150 ml",
    "category": "Drogisterij en baby",
    "price": 7.49,
    "promoPrice": null,
    "pricePerUnit": "49.93 l",
    "image": "https://www.jumbo.com/dam-images/fit-in/360x360/Products/23092025_1758600431225_1758600462066_404604_BUS_08720181029325_C1N1.png",
    "available": true,
    "promoUntil": null
  },
  {
    "id": "675884CUP",
    "title": "Ben & Jerry's IJs Brookies 100 ml",
    "category": "Diepvries",
    "price": 2.19,
    "promoPrice": null,
    "pricePerUnit": "21.9 l",
    "image": "https://www.jumbo.com/dam-images/fit-in/360x360/Products/15072025_1752577909614_1752577959467_675884_CUP_08711327667730_H1N1.png",
    "available": true,
    "promoUntil": null
  },
  {
    "id": "667190FLS",
    "title": "Bundaberg Passionfruit 375ML",
    "category": "Frisdrank en sappen",
    "price": 2.49,
    "promoPrice": null,
    "pricePerUnit": "6.64 l",
    "image": "https://www.jumbo.com/dam-images/fit-in/360x360/Products/03122024_1733229169686_1733229173309_667190_FLS_09311493004293_C1N1.png",
    "available": true,
    "promoUntil": null
  },
  {
    "id": "669746FLS",
    "title": "Fuze Tea Sparkling Lemon Black Tea 400 ml",
    "category": "Frisdrank en sappen",
    "price": 1.45,
    "promoPrice": null,
    "pricePerUnit": "3.63 l",
    "image": "https://www.jumbo.com/dam-images/fit-in/360x360/Products/17122024_1734463977009_1734463981398_5000112648065_1.png",
    "available": true,
    "promoUntil": null
  },
  {
    "id": "680267ZK",
    "title": "HEMA Folie Ballon 1 30cm",
    "category": "Non-food en servicebalie",
    "price": 0.99,
    "promoPrice": null,
    "pricePerUnit": "0.99 pieces",
    "image": "https://www.jumbo.com/dam-images/fit-in/360x360/Products/09082023_1691587395853_1691587413242_8718537534210_1.png",
    "available": true,
    "promoUntil": null
  },
  {
    "id": "640428FLS",
    "title": "HG Kookplaatreiniger 500ml",
    "category": "Huishouden en dieren",
    "price": 5.79,
    "promoPrice": null,
    "pricePerUnit": "11.58 l",
    "image": "https://www.jumbo.com/dam-images/fit-in/360x360/Products/14062025_1749863179015_1749863183110_640428_FLS_08711577189402_C1N1.png",
    "available": true,
    "promoUntil": null
  },
  {
    "id": "693710DS",
    "title": "Hansaplast Second Skin Protection 6 stuks",
    "category": "Drogisterij en baby",
    "price": 6.49,
    "promoPrice": null,
    "pricePerUnit": "1.08 pieces",
    "image": "https://www.jumbo.com/dam-images/fit-in/360x360/Products/15042025_1744719773493_1744719774658_693710_DS_04006000007076_C1N1.png",
    "available": true,
    "promoUntil": null
  },
  {
    "id": "626915DS",
    "title": "Honig Basis voor Kipschotel Jachtsaus 48g",
    "category": "Wereldkeukens, kruiden, pasta en rijst",
    "price": 1.99,
    "promoPrice": null,
    "pricePerUnit": "41.46 kg",
    "image": "https://www.jumbo.com/dam-images/fit-in/360x360/Products/20122024_1734666497764_1734666502653_626915_DS_08714700171039_C1N1.png",
    "available": true,
    "promoUntil": null
  },
  {
    "id": "650085CUP",
    "title": "Jumbo Citrus Roomkaas Basilicum en Sinaasappelschil 100 g",
    "category": "Vleeswaren, kaas en tapas",
    "price": 2.39,
    "promoPrice": null,
    "pricePerUnit": "23.9 kg",
    "image": "https://www.jumbo.com/dam-images/fit-in/360x360/Products/07072025_1751902647615_1751902656181_8718452903023_1.png",
    "available": true,
    "promoUntil": null
  },
  {
    "id": "638522ZK",
    "title": "Jumbo Kookbuiltjes Witte Rijst 2 x 125 g",
    "category": "Wereldkeukens, kruiden, pasta en rijst",
    "price": 1.19,
    "promoPrice": null,
    "pricePerUnit": "4.76 kg",
    "image": "https://www.jumbo.com/dam-images/fit-in/360x360/Products/12122024_1734017703045_1734017709454_8718452825370_1.png",
    "available": true,
    "promoUntil": null
  },
  {
    "id": "26190PAK",
    "title": "Jumbo Mokka Smaak Schuimpjes 150 g",
    "category": "Koek, snoep, chocolade en chips",
    "price": 2.19,
    "promoPrice": null,
    "pricePerUnit": "14.6 kg",
    "image": "https://www.jumbo.com/dam-images/fit-in/360x360/Products/13052025_1747139605923_1747139610231_8718452802722_1.png",
    "available": true,
    "promoUntil": null
  },
  {
    "id": "583789ZK",
    "title": "Jumbo Snackmix Pinda & Rozijn 125 g",
    "category": "Koek, snoep, chocolade en chips",
    "price": 1.0,
    "promoPrice": null,
    "pricePerUnit": "8.0 kg",
    "image": "https://www.jumbo.com/dam-images/fit-in/360x360/Products/14022024_1707873373497_1707873393245_8718452741236_596.png",
    "available": true,
    "promoUntil": null
  },
  {
    "id": "653325ZK",
    "title": "Brets Saveur Cheddar Jalapeño 125 g",
    "category": "Koek, snoep, chocolade en chips",
    "price": 2.49,
    "promoPrice": null,
    "pricePerUnit": "19.92 kg",
    "image": "https://www.jumbo.com/dam-images/fit-in/360x360/Products/21112024_1732214222688_1732214239164_3497917003564_1.png",
    "available": true,
    "promoUntil": null
  },
  {
    "id": "705651STK",
    "title": "Duracell Plus AAA 4 Stuks",
    "category": "Non-food en servicebalie",
    "price": 8.19,
    "promoPrice": null,
    "pricePerUnit": "2.05 pieces",
    "image": "https://www.jumbo.com/dam-images/fit-in/360x360/Products/21082025_1755779698304_1755779702848_5000394176645_1.png",
    "available": true,
    "promoUntil": null
  },
  {
    "id": "610073ZK",
    "title": "EkMak Oma's Eiernoedels 250 g",
    "category": "Wereldkeukens, kruiden, pasta en rijst",
    "price": 1.69,
    "promoPrice": null,
    "pricePerUnit": "6.76 kg",
    "image": "https://www.jumbo.com/dam-images/fit-in/360x360/Products/12122024_1734014363127_1734014367908_5904072000119_1.png",
    "available": true,
    "promoUntil": null
  },
  {
    "id": "195424STK",
    "title": "Jumbo Eiermie 250 g",
    "category": "Wereldkeukens, kruiden, pasta en rijst",
    "price": 1.42,
    "promoPrice": null,
    "pricePerUnit": "5.68 kg",
    "image": "https://www.jumbo.com/dam-images/fit-in/360x360/Products/09082023_1691590482992_1691590652782_8718452272235_1.png",
    "available": true,
    "promoUntil": null
  },
  {
    "id": "603718BLS",
    "title": "Jumbo Kids Tandenborstel Soft 1 Stuk",
    "category": "Drogisterij en baby",
    "price": 1.69,
    "promoPrice": null,
    "pricePerUnit": "1.69 pieces",
    "image": "https://www.jumbo.com/dam-images/fit-in/360x360/Products/25012024_1706168104498_1706168109057_8718452775163_1.png",
    "available": true,
    "promoUntil": null
  },
  {
    "id": "559140FLS",
    "title": "Andrélon Pro Nature Shea Strong Repair Conditioner 400 ml",
    "category": "Drogisterij en baby",
    "price": 8.99,
    "promoPrice": null,
    "pricePerUnit": "22.48 l",
    "image": "https://www.jumbo.com/dam-images/fit-in/360x360/Products/20092025_1758336841149_1758336865382_559140_FLS_08720182568205_C1N1.png",
    "available": true,
    "promoUntil": null
  },
  {
    "id": "375966DS",
    "title": "Consenza Gluten Free Loempia Kip 2 x 180 g",
    "category": "Diepvries",
    "price": 7.59,
    "promoPrice": null,
    "pricePerUnit": "21.08 kg",
    "image": "https://www.jumbo.com/dam-images/fit-in/360x360/Products/14082025_1755156794458_1755156800859_8717496860064_1.png",
    "available": true,
    "promoUntil": null
  },
  {
    "id": "703953BLK",
    "title": "De Klok Sterk Blond 500ML",
    "category": "Bier en wijn",
    "price": 1.39,
    "promoPrice": null,
    "pricePerUnit": "2.78 l",
    "image": "https://www.jumbo.com/dam-images/fit-in/360x360/Products/11062025_1749630501971_1749630507071_703953_BLK_08716700019465_C1N1.png",
    "available": true,
    "promoUntil": null
  },
  {
    "id": "677983DSL",
    "title": "AXE 3-in-1 Douchegel Africa 250 ML x 6 stuks",
    "category": "Drogisterij en baby",
    "price": 35.94,
    "promoPrice": 25.15,
    "pricePerUnit": "23.96 l",
    "image": "https://www.jumbo.com/dam-images/fit-in/360x360/Products/871044728130719e7fd40d-caa2-462b-b93d-744b290cdd0a-1743404324265.png",
    "available": true,
    "promoUntil": "di 7 okt"
  },
  {
    "id": "434291BLS",
    "title": "Jordan Sticks Fluoride Mint Double Ended Regular 100 Stuks",
    "category": "Drogisterij en baby",
    "price": 3.25,
    "promoPrice": null,
    "pricePerUnit": "0.03 pieces",
    "image": "https://www.jumbo.com/dam-images/fit-in/360x360/Products/14042025_1744630803211_1744630804357_434291_BLS_07046110069202_A1N1.png",
    "available": true,
    "promoUntil": null
  },
  {
    "id": "593266ZK",
    "title": "Chan's Massala 300 g",
    "category": "Wereldkeukens, kruiden, pasta en rijst",
    "price": 2.99,
    "promoPrice": null,
    "pricePerUnit": "9.97 kg",
    "image": "https://www.jumbo.com/dam-images/fit-in/360x360/Products/12122024_1734014363221_1734014369937_8713344001023_1.png",
    "available": true,
    "promoUntil": null
  },
  {
    "id": "672221FLS",
    "title": "Fanta Zero Sugar Tutti Frutti Taste 1,5 L",
    "category": "Frisdrank en sappen",
    "price": 2.85,
    "promoPrice": null,
    "pricePerUnit": "1.9 l",
    "image": "https://www.jumbo.com/dam-images/fit-in/360x360/Products/10012025_1736477511372_1736477518056_672221_FLS_05000112680836_H1N1.png",
    "available": true,
    "promoUntil": null
  },
  {
    "id": "396489ZK",
    "title": "Food2Smile Very Berry Gluten- en Suikervrij 90 g",
    "category": "Koek, snoep, chocolade en chips",
    "price": 1.95,
    "promoPrice": null,
    "pricePerUnit": "21.67 kg",
    "image": "https://www.jumbo.com/dam-images/fit-in/360x360/Products/05092023_1693880858146_1693880863026_396489_ZK_08719325464436_C1N1.png",
    "available": true,
    "promoUntil": null
  },
  {
    "id": "695626POT",
    "title": "Grand'Italia Pesto Peperoni e Noci 90 g",
    "category": "Wereldkeukens, kruiden, pasta en rijst",
    "price": 2.49,
    "promoPrice": null,
    "pricePerUnit": "27.67 kg",
    "image": "https://www.jumbo.com/dam-images/fit-in/360x360/Products/13092025_1757730450028_1757730456932_695626_POT_00000080024170_C1N1.png",
    "available": true,
    "promoUntil": null
  },
  {
    "id": "679837STK",
    "title": "HEMA Pizza Cutter RVS Dot 1 Stuk",
    "category": "Non-food en servicebalie",
    "price": 5.99,
    "promoPrice": null,
    "pricePerUnit": "5.99 pieces",
    "image": "https://www.jumbo.com/dam-images/fit-in/360x360/Products/14022025_1739525624685_1739525627316_679837_STK_08720354519714_C1N1.png",
    "available": true,
    "promoUntil": null
  },
  {
    "id": "480801PAK",
    "title": "Jumbo Bapao Vegetarisch Groente 115 g",
    "category": "Verse maaltijden en gemak",
    "price": 1.09,
    "promoPrice": null,
    "pricePerUnit": "9.48 kg",
    "image": "https://www.jumbo.com/dam-images/fit-in/360x360/Products/10082023_1691676550361_1691676572686_8718452623587_1.png",
    "available": true,
    "promoUntil": null
  },
  {
    "id": "640443DS",
    "title": "Iglo Bladspinazie à la crème 450 g",
    "category": "Diepvries",
    "price": 2.66,
    "promoPrice": null,
    "pricePerUnit": "5.91 kg",
    "image": "https://www.jumbo.com/dam-images/fit-in/360x360/Products/23072025_1753232981463_1753233004521_640443_DS_08720195572077_H1N1.png",
    "available": true,
    "promoUntil": null
  },
  {
    "id": "538512BLK",
    "title": "Alfa Edel Pils Premium Dutch Lager Blik 50 cl",
    "category": "Bier en wijn",
    "price": 1.39,
    "promoPrice": null,
    "pricePerUnit": "2.78 l",
    "image": "https://www.jumbo.com/dam-images/fit-in/360x360/Products/16052025_1747353681348_1747353685495_8711527001983_1.png",
    "available": true,
    "promoUntil": null
  },
  {
    "id": "306260POT",
    "title": "De Vergulde Hand Scheerzeep Extra Fris 75 g",
    "category": "Drogisterij en baby",
    "price": 4.79,
    "promoPrice": null,
    "pricePerUnit": "63.87 kg",
    "image": "https://www.jumbo.com/dam-images/fit-in/360x360/Products/18092023_1695038035133_1695038044843_8714319192852_1.png",
    "available": true,
    "promoUntil": null
  },
  {
    "id": "576908CUP",
    "title": "Jumbo Gezouten Hotmix 220 g",
    "category": "Koek, snoep, chocolade en chips",
    "price": 3.49,
    "promoPrice": null,
    "pricePerUnit": "15.86 kg",
    "image": "https://www.jumbo.com/dam-images/fit-in/360x360/Products/14022024_1707873714983_1707873719630_8718452727032_1.png",
    "available": true,
    "promoUntil": null
  },
  {
    "id": "711397STK",
    "title": "Jumbo Paté met Kip & Kruiden 3 x 100 g",
    "category": "Huishouden en dieren",
    "price": 1.95,
    "promoPrice": null,
    "pricePerUnit": "None None",
    "image": "https://www.jumbo.com/dam-images/fit-in/360x360/Products/2025839951885013-57e8-4d2f-b552-cc3cdbf37cc9-1753710850873.png",
    "available": true,
    "promoUntil": null
  },
  {
    "id": "711392STK",
    "title": "Jumbo Paté met Kip 4 x 400 g",
    "category": "Huishouden en dieren",
    "price": 3.36,
    "promoPrice": null,
    "pricePerUnit": "None None",
    "image": "https://www.jumbo.com/dam-images/fit-in/360x360/Products/2025944883273aaf-9fb0-4f18-8b9b-a4fe689e9d66-1753710747852.png",
    "available": true,
    "promoUntil": null
  },
  {
    "id": "711985TRA",
    "title": "Jumbo Stamppot Boerenkool met Rookworst in Jus 500 g",
    "category": "Verse maaltijden en gemak",
    "price": 4.45,
    "promoPrice": null,
    "pricePerUnit": "8.9 kg",
    "image": "https://www.jumbo.com/dam-images/fit-in/360x360/Products/22092025_1758555238609_1758555247777_8718452953080_1.png",
    "available": true,
    "promoUntil": null
  },
  {
    "id": "482588BUS",
    "title": "AXE Deodorant Bodyspray Epic Fresh 150 ml",
    "category": "Drogisterij en baby",
    "price": 7.49,
    "promoPrice": null,
    "pricePerUnit": "49.93 l",
    "image": "https://www.jumbo.com/dam-images/fit-in/360x360/Products/24032025_1742812347430_1742812352765_8720181192104_1.png",
    "available": true,
    "promoUntil": null
  },
  {
    "id": "583028BLK",
    "title": "Dolma's",
    "category": "Vleeswaren, kaas en tapas",
    "price": 1.99,
    "promoPrice": null,
    "pricePerUnit": "9.95 kg",
    "image": "https://www.jumbo.com/dam-images/fit-in/360x360/Products/16052024_1715871309479_1715871315883_8718247443574_1.png",
    "available": true,
    "promoUntil": null
  },
  {
    "id": "618850STK",
    "title": "Efepaşa Güven Knoflookworst 200 g",
    "category": "Vleeswaren, kaas en tapas",
    "price": 4.54,
    "promoPrice": null,
    "pricePerUnit": "22.7 kg",
    "image": "https://www.jumbo.com/dam-images/fit-in/360x360/Products/17092025_1758137547448_1758137551430_4017979028009_1.png",
    "available": true,
    "promoUntil": null
  },
  {
    "id": "601014DS",
    "title": "Fazer Willja Haverrijst Biologisch 400 g",
    "category": "Wereldkeukens, kruiden, pasta en rijst",
    "price": 1.99,
    "promoPrice": null,
    "pricePerUnit": "4.98 kg",
    "image": "https://www.jumbo.com/dam-images/fit-in/360x360/Products/10042025_1744248984190_1744248997389_601014_DS_07312560036317_A1N1.png",
    "available": true,
    "promoUntil": null
  },
  {
    "id": "592060STK",
    "title": "Jumbo Biologisch Knijpfruit Appel & Banaan 6+ Maanden 90 g",
    "category": "Drogisterij en baby",
    "price": 0.94,
    "promoPrice": null,
    "pricePerUnit": "10.44 kg",
    "image": "https://www.jumbo.com/dam-images/fit-in/360x360/Products/05042024_1712334969188_1712334975653_8718452744510_1.png",
    "available": true,
    "promoUntil": null
  },
  {
    "id": "603712BLS",
    "title": "Jumbo Interdentale Borsteltjes Medium 50 Stuks",
    "category": "Drogisterij en baby",
    "price": 3.99,
    "promoPrice": null,
    "pricePerUnit": "0.08 pieces",
    "image": "https://www.jumbo.com/dam-images/fit-in/360x360/Products/17012024_1705505710835_1705505720606_8718452776191_1.png",
    "available": true,
    "promoUntil": null
  },
  {
    "id": "418915STK",
    "title": "Carelastin Azelastine 1 mg/ml neusspray, 10 ml",
    "category": "Drogisterij en baby",
    "price": 9.49,
    "promoPrice": null,
    "pricePerUnit": "179.06 kg",
    "image": "https://www.jumbo.com/dam-images/fit-in/360x360/Products/24092025_1758672107909_1758672112181_8712207080175_1.png",
    "available": true,
    "promoUntil": null
  },
  {
    "id": "214436FLS",
    "title": "Cheval de Katarzyna - Cabernet Sauvignon - 750ML",
    "category": "Bier en wijn",
    "price": 7.49,
    "promoPrice": null,
    "pricePerUnit": "9.99 l",
    "image": "https://www.jumbo.com/dam-images/fit-in/360x360/Products/09082023_1691588242727_1691588248062_3800218585743_1.png",
    "available": true,
    "promoUntil": null
  },
  {
    "id": "430162FLS",
    "title": "Jopen - Mooie Nel North Sea IPA - Fles - 750 ML",
    "category": "Bier en wijn",
    "price": 5.99,
    "promoPrice": null,
    "pricePerUnit": "7.99 l",
    "image": "https://www.jumbo.com/dam-images/fit-in/360x360/Products/05122023_1701742942738_1701742945312_430162_FLS_08714799404124_A1N1.png",
    "available": true,
    "promoUntil": null
  },
  {
    "id": "491460ZK",
    "title": "Grand'Italia Tortellini ai Formaggi 220 g",
    "category": "Wereldkeukens, kruiden, pasta en rijst",
    "price": 2.96,
    "promoPrice": null,
    "pricePerUnit": "13.45 kg",
    "image": "https://www.jumbo.com/dam-images/fit-in/360x360/Products/13122024_1734062729728_1734062743123_491460_ZK_08000050023259_H1N1.png",
    "available": true,
    "promoUntil": null
  },
  {
    "id": "640435FLS",
    "title": "HG Afvoer Keukenontstopper 1 L",
    "category": "Huishouden en dieren",
    "price": 9.29,
    "promoPrice": null,
    "pricePerUnit": "9.29 l",
    "image": "https://www.jumbo.com/dam-images/fit-in/360x360/Products/11072024_1720661898432_1720661902037_573091_FLS_08711577074241_C1N1.png",
    "available": true,
    "promoUntil": null
  },
  {
    "id": "667438STK",
    "title": "HEMA Tafelkleed Papier Wit",
    "category": "Non-food en servicebalie",
    "price": 3.99,
    "promoPrice": null,
    "pricePerUnit": "3.99 pieces",
    "image": "https://www.jumbo.com/dam-images/fit-in/360x360/Products/04122024_1733304304648_1733304308158_667438_STK_08713745396469_C1N1.png",
    "available": true,
    "promoUntil": null
  },
  {
    "id": "644111TRA",
    "title": "Huls Gesneden Choriz0 175g",
    "category": "Vleeswaren, kaas en tapas",
    "price": 5.24,
    "promoPrice": null,
    "pricePerUnit": "29.94 kg",
    "image": "https://www.jumbo.com/dam-images/fit-in/360x360/Products/14052025_1747187693207_1747187703959_644111_TRA_08725800007562_C1N1.png",
    "available": true,
    "promoUntil": null
  },
  {
    "id": "669645ZK",
    "title": "JP Bakkers Toast Vijg & Rozijn 100 g",
    "category": "Vleeswaren, kaas en tapas",
    "price": 1.99,
    "promoPrice": null,
    "pricePerUnit": "19.9 kg",
    "image": "https://www.jumbo.com/dam-images/fit-in/360x360/Products/18032025_1742266531161_1742266541929_669645_ZK_08710759714845_C1N1.png",
    "available": true,
    "promoUntil": null
  },
  {
    "id": "551124DS",
    "title": "Fairtrade Original Indonesische Bami Goreng Kruidenpasta 75 g",
    "category": "Wereldkeukens, kruiden, pasta en rijst",
    "price": 2.09,
    "promoPrice": null,
    "pricePerUnit": "27.87 kg",
    "image": "https://www.jumbo.com/dam-images/fit-in/360x360/Products/18012024_1705553173475_1705553179869_551124_DS_08711741359662_C1N1.png",
    "available": true,
    "promoUntil": null
  },
  {
    "id": "670751STK",
    "title": "HEMA Kinderlijm 100ML",
    "category": "Non-food en servicebalie",
    "price": 1.99,
    "promoPrice": null,
    "pricePerUnit": "19.9 l",
    "image": "https://www.jumbo.com/dam-images/fit-in/360x360/Products/25042025_1745547602942_1745547605343_670751_STK_08718537684427_C1N1.png",
    "available": true,
    "promoUntil": null
  },
  {
    "id": "674101EM",
    "title": "Clevers IJs Witte Chocolade Pistache 500 ml",
    "category": "Diepvries",
    "price": 5.95,
    "promoPrice": null,
    "pricePerUnit": "11.9 l",
    "image": "https://www.jumbo.com/dam-images/fit-in/360x360/Products/08720589422506C1N1f5f0a0ae-4f44-4fdd-8ddb-90cde7d5166a-1746535477329.png",
    "available": true,
    "promoUntil": null
  },
  {
    "id": "666377STK",
    "title": "Jumbo Boerenmetworst Kruidnagel 175g",
    "category": "Vleeswaren, kaas en tapas",
    "price": 2.55,
    "promoPrice": null,
    "pricePerUnit": "14.57 kg",
    "image": "https://www.jumbo.com/dam-images/fit-in/360x360/Products/18092023_1695039546102_1695039555340_8718452234387_1.png",
    "available": true,
    "promoUntil": null
  },
  {
    "id": "648717STK",
    "title": "Jumbo Emmentaler Kaas 45+ Kleinverpakking 90 g",
    "category": "Vleeswaren, kaas en tapas",
    "price": 1.5,
    "promoPrice": null,
    "pricePerUnit": "18.75 kg",
    "image": "https://www.jumbo.com/dam-images/fit-in/360x360/Products/09082023_1691592967078_1691592970182_8718452711413_1.png",
    "available": true,
    "promoUntil": null
  },
  {
    "id": "671064STK",
    "title": "Jumbo Fuet 150 g",
    "category": "Vleeswaren, kaas en tapas",
    "price": 3.19,
    "promoPrice": null,
    "pricePerUnit": "21.27 kg",
    "image": "https://www.jumbo.com/dam-images/fit-in/360x360/Products/14042025_1744644769684_1744644780256_8718452890125_1.png",
    "available": true,
    "promoUntil": null
  },
  {
    "id": "645772KGR",
    "title": "Jumbo Klumper Rauwe Ham ca. 110 g",
    "category": "Vleeswaren, kaas en tapas",
    "price": 3.19,
    "promoPrice": null,
    "pricePerUnit": "29.0 kg",
    "image": "https://www.jumbo.com/dam-images/fit-in/360x360/Products/04072025_1751617977655_1751617987078_2378327000000_1.png",
    "available": false,
    "promoUntil": null
  },
  {
    "id": "689593ZK",
    "title": "Jumbo Salie 15 g",
    "category": "Aardappelen, groente en fruit",
    "price": 1.19,
    "promoPrice": null,
    "pricePerUnit": "79.33 kg",
    "image": "https://www.jumbo.com/dam-images/fit-in/360x360/Products/12062025_1749742493817_1749742498714_8718452897018_1.png",
    "available": true,
    "promoUntil": null
  },
  {
    "id": "417487ZK",
    "title": "Jumbo Premium Luiers Maat 5 11-16 kg 22 Stuks",
    "category": "Drogisterij en baby",
    "price": 6.2,
    "promoPrice": null,
    "pricePerUnit": "0.28 pieces",
    "image": "https://www.jumbo.com/dam-images/fit-in/360x360/Products/09082023_1691588005998_1691588087563_8718452509416_1.png",
    "available": true,
    "promoUntil": null
  },
  {
    "id": "521783FLS",
    "title": "Guarda Rios - Vinha do Riacho Tinto - 750 ML",
    "category": "Bier en wijn",
    "price": 9.99,
    "promoPrice": null,
    "pricePerUnit": "13.32 l",
    "image": "https://www.jumbo.com/dam-images/fit-in/360x360/Products/09082023_1691596458833_1691596461093_5602182312138_1.png",
    "available": true,
    "promoUntil": null
  },
  {
    "id": "679984STK",
    "title": "Deegroller Hout",
    "category": "Non-food en servicebalie",
    "price": 8.49,
    "promoPrice": null,
    "pricePerUnit": "8.49 pieces",
    "image": "https://www.jumbo.com/dam-images/fit-in/360x360/Products/09082023_1691587396588_1691587399798_8713475434486_1.png",
    "available": true,
    "promoUntil": null
  },
  {
    "id": "455148ZK",
    "title": "Hikari Miso Shinshu Shiro Miso (White/Yellow Miso) 400 g",
    "category": "Wereldkeukens, kruiden, pasta en rijst",
    "price": 2.79,
    "promoPrice": null,
    "pricePerUnit": "6.98 kg",
    "image": "https://www.jumbo.com/dam-images/fit-in/360x360/Products/24102024_1729758846221_1729758853356_4902663007524_1.png",
    "available": true,
    "promoUntil": null
  },
  {
    "id": "386710DS",
    "title": "Jumbo Dip&Nip Cookies Salted Caramel 11 Stuks 200 g",
    "category": "Koek, snoep, chocolade en chips",
    "price": 2.49,
    "promoPrice": null,
    "pricePerUnit": "12.45 kg",
    "image": "https://www.jumbo.com/dam-images/fit-in/360x360/Products/09082023_1691587285153_1691587295812_8718452480326_1.png",
    "available": true,
    "promoUntil": null
  },
  {
    "id": "603896STK",
    "title": "Jumbo Mango Avocado Kokos Smoothie 3 x 250 ml",
    "category": "Aardappelen, groente en fruit",
    "price": 5.97,
    "promoPrice": null,
    "pricePerUnit": "None None",
    "image": "https://www.jumbo.com/dam-images/fit-in/360x360/Products/603896STKd4d65d13-cfcb-458c-864b-7db7a28b4552-1733299268988.png",
    "available": true,
    "promoUntil": null
  },
  {
    "id": "74369STK",
    "title": "A.Vogel Dormeasan nachtrust extra sterk tabletten, 30 stuks",
    "category": "Drogisterij en baby",
    "price": 17.49,
    "promoPrice": null,
    "pricePerUnit": "0.58 pieces",
    "image": "https://www.jumbo.com/dam-images/fit-in/360x360/Products/24092025_1758672133707_1758672140025_8711596581119_1.png",
    "available": true,
    "promoUntil": null
  },
  {
    "id": "433186FLS",
    "title": "Berne Abdijbier - Abt Tripel - Fles - 330ML",
    "category": "Bier en wijn",
    "price": 3.49,
    "promoPrice": null,
    "pricePerUnit": "10.58 l",
    "image": "https://www.jumbo.com/dam-images/fit-in/360x360/Products/433186_8717953247896_1_T1_433186FLS1691166431908.png",
    "available": true,
    "promoUntil": null
  },
  {
    "id": "515126FLS",
    "title": "De Koninck - Bolleke Pale Ale - Fles - 330ML",
    "category": "Bier en wijn",
    "price": 1.99,
    "promoPrice": null,
    "pricePerUnit": "6.03 l",
    "image": "https://www.jumbo.com/dam-images/fit-in/360x360/Products/10082023_1691676800682_1691676809944_54107038_1.png",
    "available": true,
    "promoUntil": null
  },
  {
    "id": "624093POT",
    "title": "Bio Today Hummus Tomaat 185 g",
    "category": "Vleeswaren, kaas en tapas",
    "price": 3.99,
    "promoPrice": null,
    "pricePerUnit": "19.0 kg",
    "image": "https://www.jumbo.com/dam-images/fit-in/360x360/Products/06022025_1738870374924_1738870387468_8718858937462_1.png",
    "available": true,
    "promoUntil": null
  },
  {
    "id": "94326POT",
    "title": "Carbonell Zwarte olijven gesneden",
    "category": "Wereldkeukens, kruiden, pasta en rijst",
    "price": 1.29,
    "promoPrice": null,
    "pricePerUnit": "17.2 kg",
    "image": "https://www.jumbo.com/dam-images/fit-in/360x360/Products/18082025_1755478826210_1755478827797_94326_POT_08410010403845_A1N1.png",
    "available": true,
    "promoUntil": null
  },
  {
    "id": "85304PAK",
    "title": "De Bron Butter Toffees Sugarfree 70 g",
    "category": "Koek, snoep, chocolade en chips",
    "price": 1.78,
    "promoPrice": null,
    "pricePerUnit": "25.43 kg",
    "image": "https://www.jumbo.com/dam-images/fit-in/360x360/Products/10062025_1749569567903_1749569576829_8712514911919_1.png",
    "available": true,
    "promoUntil": null
  },
  {
    "id": "561499PAK",
    "title": "Ella's Kitchen Maize Sticks tomaat + basilicum 7+ biologisch 16g",
    "category": "Drogisterij en baby",
    "price": 1.95,
    "promoPrice": null,
    "pricePerUnit": "121.88 kg",
    "image": "https://www.jumbo.com/dam-images/fit-in/360x360/Products/29042025_1745895564238_1745895567600_561499_PAK_05060503505087_C1N1.png",
    "available": true,
    "promoUntil": null
  },
  {
    "id": "575976ZK",
    "title": "Jumbo Borrelzoutjes Paprika Rijstzoutjes 125 g",
    "category": "Koek, snoep, chocolade en chips",
    "price": 2.99,
    "promoPrice": null,
    "pricePerUnit": "23.92 kg",
    "image": "https://www.jumbo.com/dam-images/fit-in/360x360/Products/14022024_1707873433497_1707873440221_8718452707713_1.png",
    "available": true,
    "promoUntil": null
  },
  {
    "id": "561923DSL",
    "title": "Andrélon Shampoo & Conditioner 2 in 1 300 ml x 6",
    "category": "Drogisterij en baby",
    "price": 32.94,
    "promoPrice": 23.05,
    "pricePerUnit": "12.81 l",
    "image": "https://www.jumbo.com/dam-images/fit-in/360x360/Products/561923DSL-1692282786242.png",
    "available": true,
    "promoUntil": "di 7 okt"
  },
  {
    "id": "489651FLS",
    "title": "Coppa Cocktails - Sex on the Beach - 700ML",
    "category": "Bier en wijn",
    "price": 13.99,
    "promoPrice": null,
    "pricePerUnit": "19.99 l",
    "image": "https://www.jumbo.com/dam-images/fit-in/360x360/Products/22112024_1732245128185_1732245142533_489651_FLS_08712436103843_C1N1.png",
    "available": true,
    "promoUntil": null
  },
  {
    "id": "686683ZK",
    "title": "Amoy Stir Fry Sauce Hoi Sin 120 g",
    "category": "Wereldkeukens, kruiden, pasta en rijst",
    "price": 2.07,
    "promoPrice": null,
    "pricePerUnit": "17.25 kg",
    "image": "https://www.jumbo.com/dam-images/fit-in/360x360/Products/14032025_1741958737721_1741958742440_686683_ZK_05000111046862_C1N1.png",
    "available": true,
    "promoUntil": null
  },
  {
    "id": "604412FLS",
    "title": "Four Lines - Verdejo - 750 ML",
    "category": "Bier en wijn",
    "price": 7.99,
    "promoPrice": null,
    "pricePerUnit": "10.65 l",
    "image": "https://www.jumbo.com/dam-images/fit-in/360x360/Products/24042024_1713947768547_1713947771329_8414219000041_1.png",
    "available": true,
    "promoUntil": null
  },
  {
    "id": "562741POT",
    "title": "Jumbo Mix voor Gehakt Slagersrecept 70 g",
    "category": "Wereldkeukens, kruiden, pasta en rijst",
    "price": 1.85,
    "promoPrice": null,
    "pricePerUnit": "26.43 kg",
    "image": "https://www.jumbo.com/dam-images/fit-in/360x360/Products/14022024_1707873028071_1707873039439_8718452721467_1.png",
    "available": true,
    "promoUntil": null
  },
  {
    "id": "640368DS",
    "title": "HG Nespresso Reinigingscups 6 Stuks",
    "category": "Huishouden en dieren",
    "price": 10.69,
    "promoPrice": null,
    "pricePerUnit": "1.78 pieces",
    "image": "https://www.jumbo.com/dam-images/fit-in/360x360/Products/15072024_1721049208191_1721049213734_640368_DS_08711577257415_C1N1.png",
    "available": true,
    "promoUntil": null
  },
  {
    "id": "618983CUP",
    "title": "Hertog Cookie Crumble 825ML",
    "category": "Diepvries",
    "price": 5.45,
    "promoPrice": null,
    "pricePerUnit": "6.61 l",
    "image": "https://www.jumbo.com/dam-images/fit-in/360x360/Products/03042025_1743642103801_1743642177586_618983_CUP_08711327616998_H1N1.png",
    "available": true,
    "promoUntil": null
  },
  {
    "id": "641685FLS",
    "title": "Jumbo Smoothie Ananas Kokos met Appel 250ML",
    "category": "Frisdrank en sappen",
    "price": 1.59,
    "promoPrice": null,
    "pricePerUnit": "6.36 l",
    "image": "https://www.jumbo.com/dam-images/fit-in/360x360/Products/21022025_1740151973987_1740151979041_8718452846733_1.png",
    "available": true,
    "promoUntil": null
  },
  {
    "id": "370004DS",
    "title": "Driehoek Kristal Soda - 600gr",
    "category": "Huishouden en dieren",
    "price": 2.59,
    "promoPrice": null,
    "pricePerUnit": "4.32 kg",
    "image": "https://www.jumbo.com/dam-images/fit-in/360x360/Products/05082025_1754356418222_1754356425112_370004_DS_08719189416824_C1N1.png",
    "available": true,
    "promoUntil": null
  },
  {
    "id": "649998BLK",
    "title": "Euroma Baharat by Jonnie Boer",
    "category": "Wereldkeukens, kruiden, pasta en rijst",
    "price": 3.26,
    "promoPrice": null,
    "pricePerUnit": "67.92 kg",
    "image": "https://www.jumbo.com/dam-images/fit-in/360x360/Products/21112024_1732214243050_1732214247189_8717600351785_1.png",
    "available": true,
    "promoUntil": null
  },
  {
    "id": "202975DSL",
    "title": "Gillette Venus Simply 3 Scheermesjes 6 x 4 stuks",
    "category": "Drogisterij en baby",
    "price": 29.94,
    "promoPrice": 20.95,
    "pricePerUnit": "0.87 pieces",
    "image": "https://www.jumbo.com/dam-images/fit-in/360x360/Products/202975DSL-1692282662165.png",
    "available": true,
    "promoUntil": "di 7 okt"
  },
  {
    "id": "100803DSL",
    "title": "Gourmet Gold Mousse Kattenvoer nat met Tonijn 24 x 85g",
    "category": "Huishouden en dieren",
    "price": 19.44,
    "promoPrice": null,
    "pricePerUnit": "9.53 kg",
    "image": "https://www.jumbo.com/dam-images/fit-in/360x360/Products/GourmetTonijnbc8d9c7e-8fd3-4a01-9132-5c9509d8ba8e-1703680499247.png",
    "available": true,
    "promoUntil": null
  },
  {
    "id": "423405FLS",
    "title": "Jumbo Baby Wasgel 250 ml",
    "category": "Drogisterij en baby",
    "price": 1.99,
    "promoPrice": null,
    "pricePerUnit": "7.96 l",
    "image": "https://www.jumbo.com/dam-images/fit-in/360x360/Products/09082023_1691588150482_1691588186409_8718452544561_1.png",
    "available": true,
    "promoUntil": null
  },
  {
    "id": "507966TRA",
    "title": "Jumbo Prosciutto Al Tartufo 80 g",
    "category": "Vleeswaren, kaas en tapas",
    "price": 4.49,
    "promoPrice": null,
    "pricePerUnit": "56.13 kg",
    "image": "https://www.jumbo.com/dam-images/fit-in/360x360/Products/09082023_1691590486192_1691590628061_8718452658343_1.png",
    "available": true,
    "promoUntil": null
  },
  {
    "id": "709508DS",
    "title": "Jumbo Yoghurt Appel Rozijn en Granola 235 g",
    "category": "Aardappelen, groente en fruit",
    "price": 2.99,
    "promoPrice": null,
    "pricePerUnit": "12.72 kg",
    "image": "https://www.jumbo.com/dam-images/fit-in/360x360/Products/17092025_1758112418171_1758112426194_8718452950102_1.png",
    "available": true,
    "promoUntil": null
  },
  {
    "id": "230339STK",
    "title": "Always Platinum Normal (Maat 1) Maandverband Met Vleugels 12",
    "category": "Drogisterij en baby",
    "price": 2.99,
    "promoPrice": null,
    "pricePerUnit": "0.25 pieces",
    "image": "https://www.jumbo.com/dam-images/fit-in/360x360/Products/15082025_1755216054131_1755216058299_8001090899071_1.png",
    "available": true,
    "promoUntil": null
  },
  {
    "id": "679708FLS",
    "title": "De Kuyper Pink Martini 500ML",
    "category": "Bier en wijn",
    "price": 11.99,
    "promoPrice": null,
    "pricePerUnit": "23.98 l",
    "image": "https://www.jumbo.com/dam-images/fit-in/360x360/Products/13022025_1739457299670_1739457312235_679708_FLS_08710625851384_C1N1.png",
    "available": true,
    "promoUntil": null
  },
  {
    "id": "128637TUB",
    "title": "Elnett Satin Haarspray Normale Fixatie 300 ml",
    "category": "Drogisterij en baby",
    "price": 10.49,
    "promoPrice": null,
    "pricePerUnit": "34.97 l",
    "image": "https://www.jumbo.com/dam-images/fit-in/360x360/Products/11042024_1712799428060_1712799429690_128637_TUB_03600523793013_C1N1.png",
    "available": true,
    "promoUntil": null
  },
  {
    "id": "539103BLK",
    "title": "Dors - ¡Salud! Bier - Blik - 500 ML",
    "category": "Bier en wijn",
    "price": 1.49,
    "promoPrice": null,
    "pricePerUnit": "2.98 l",
    "image": "https://www.jumbo.com/dam-images/fit-in/360x360/Products/14022024_1707872685715_1707872689944_8718452653713_1.png",
    "available": true,
    "promoUntil": null
  },
  {
    "id": "539059BLK",
    "title": "Bullit Energy Drink Suikervrij Citrus Splash 250ml",
    "category": "Frisdrank en sappen",
    "price": 0.99,
    "promoPrice": null,
    "pricePerUnit": "3.96 l",
    "image": "https://www.jumbo.com/dam-images/fit-in/360x360/Products/24072024_1721788710302_1721788715354_539059_BLK_09008703000793_C1N1.png",
    "available": true,
    "promoUntil": null
  },
  {
    "id": "690086DS",
    "title": "Jumbo Amylmetacresol Dichloorbenzylalcohol 0,6/1,2 mg Honing & Citroen Zuigtabletten 24 Stuks",
    "category": "Drogisterij en baby",
    "price": 3.49,
    "promoPrice": null,
    "pricePerUnit": "0.15 pieces",
    "image": "https://www.jumbo.com/dam-images/fit-in/360x360/Products/31032025_1743429345848_1743429350504_690086_DS_08718452748259_C1N1_s01.png",
    "available": true,
    "promoUntil": null
  },
  {
    "id": "672338ZK",
    "title": "Chio Brezli Original",
    "category": "Koek, snoep, chocolade en chips",
    "price": 1.97,
    "promoPrice": null,
    "pricePerUnit": "9.85 kg",
    "image": "https://www.jumbo.com/dam-images/fit-in/360x360/Products/07032025_1741318535005_1741318561697_672338_ZK_05997312706018_H1N1_R.png",
    "available": true,
    "promoUntil": null
  },
  {
    "id": "473254STK",
    "title": "Davitamon Energie Boost bruistabletten, 20 stuks",
    "category": "Drogisterij en baby",
    "price": 12.29,
    "promoPrice": null,
    "pricePerUnit": "0.61 pieces",
    "image": "https://www.jumbo.com/dam-images/fit-in/360x360/Products/23092025_1758585659705_1758585665735_8710537040074_1.png",
    "available": true,
    "promoUntil": null
  },
  {
    "id": "622168DS",
    "title": "Difrax Handgreepfles groot Difrax",
    "category": "Drogisterij en baby",
    "price": 11.49,
    "promoPrice": null,
    "pricePerUnit": "11.49 pieces",
    "image": "https://www.jumbo.com/dam-images/fit-in/360x360/Products/08032025_1741395678937_1741395682735_8711736436453_1.png",
    "available": true,
    "promoUntil": null
  },
  {
    "id": "295048FLS",
    "title": "Ecosym Dag Gel 100 ml",
    "category": "Drogisterij en baby",
    "price": 5.49,
    "promoPrice": null,
    "pricePerUnit": "54.9 l",
    "image": "https://www.jumbo.com/dam-images/fit-in/360x360/Products/15082025_1755223567512_1755223576761_295048_FLS_08711744041281_C1N1.png",
    "available": true,
    "promoUntil": null
  },
  {
    "id": "695265ZK",
    "title": "Go-Tan Vermicelli Glass Noodles Soe-Oen 100g",
    "category": "Wereldkeukens, kruiden, pasta en rijst",
    "price": 1.38,
    "promoPrice": null,
    "pricePerUnit": "13.8 kg",
    "image": "https://www.jumbo.com/dam-images/fit-in/360x360/Products/25042025_1745554782629_1745554787247_695265_ZK_08710605092035_C1N1.png",
    "available": true,
    "promoUntil": null
  },
  {
    "id": "635340ZK",
    "title": "Goodies Knijpfruit Smoothie Aardbei & Appel 100 g",
    "category": "Drogisterij en baby",
    "price": 0.98,
    "promoPrice": null,
    "pricePerUnit": "9.8 kg",
    "image": "https://www.jumbo.com/dam-images/fit-in/360x360/Products/23052025_1748014409200_1748014449001_8713500013402_596.png",
    "available": true,
    "promoUntil": null
  },
  {
    "id": "672239DS",
    "title": "Handgebrand Meergranen Crackers Zwarte Peper 80 g",
    "category": "Vleeswaren, kaas en tapas",
    "price": 2.25,
    "promoPrice": null,
    "pricePerUnit": "28.13 kg",
    "image": "https://www.jumbo.com/dam-images/fit-in/360x360/Products/25022025_1740474237285_1740474242723_8720941908174_1.png",
    "available": true,
    "promoUntil": null
  },
  {
    "id": "640422FLS",
    "title": "HG vlekverwijderaar extreem sterk 500ml",
    "category": "Huishouden en dieren",
    "price": 9.49,
    "promoPrice": null,
    "pricePerUnit": "18.98 l",
    "image": "https://www.jumbo.com/dam-images/fit-in/360x360/Products/14062025_1749863239897_1749863243832_640422_FLS_08711577037994_C1N1.png",
    "available": true,
    "promoUntil": null
  },
  {
    "id": "715381ZK",
    "title": "Haribo Duo's Fruity 200 g",
    "category": "Koek, snoep, chocolade en chips",
    "price": 2.15,
    "promoPrice": null,
    "pricePerUnit": "10.75 kg",
    "image": "https://www.jumbo.com/dam-images/fit-in/360x360/Products/22082025_1755860923845_1755860940791_715381_ZK_04001686118313_H1N1.png",
    "available": true,
    "promoUntil": null
  },
  {
    "id": "192751STK",
    "title": "Harlekijntjes Zachte Zoete Droprepen 2 Stuks 66 g",
    "category": "Koek, snoep, chocolade en chips",
    "price": 1.09,
    "promoPrice": null,
    "pricePerUnit": "16.52 kg",
    "image": "https://www.jumbo.com/dam-images/fit-in/360x360/Products/09082023_1691586676606_1691586682474_8717524965440_1.png",
    "available": true,
    "promoUntil": null
  },
  {
    "id": "648130STK",
    "title": "Jumbo Geitenkaas 50+ Jong Belegen 3 Plakken",
    "category": "Vleeswaren, kaas en tapas",
    "price": 1.75,
    "promoPrice": null,
    "pricePerUnit": "23.33 kg",
    "image": "https://www.jumbo.com/dam-images/fit-in/360x360/Products/31122024_1735648370926_1735648376450_8718452738465_1.png",
    "available": true,
    "promoUntil": null
  },
  {
    "id": "511790DS",
    "title": "Fairtrade Original Indiase Butter Chicken 75 g",
    "category": "Wereldkeukens, kruiden, pasta en rijst",
    "price": 2.37,
    "promoPrice": null,
    "pricePerUnit": "31.6 kg",
    "image": "https://www.jumbo.com/dam-images/fit-in/360x360/Products/18102023_1697592618254_1697592625034_511790_DS_08711741359358_C1N1.png",
    "available": true,
    "promoUntil": null
  },
  {
    "id": "584532FLS",
    "title": "Garnier Loving Blends - Shampoo - Magnetic Charcoal - Vette hoofdhuid & droge lengtes - 300 ml",
    "category": "Drogisterij en baby",
    "price": 5.99,
    "promoPrice": null,
    "pricePerUnit": "19.97 l",
    "image": "https://www.jumbo.com/dam-images/fit-in/360x360/Products/06072024_1720227957991_1720227962085_584532_FLS_03600542512480_C1N1.png",
    "available": true,
    "promoUntil": null
  },
  {
    "id": "688749ZK",
    "title": "Jumbo Snackmix Nacho Cheese Style 200g",
    "category": "Koek, snoep, chocolade en chips",
    "price": 2.49,
    "promoPrice": null,
    "pricePerUnit": "12.45 kg",
    "image": "https://www.jumbo.com/dam-images/fit-in/360x360/Products/05082025_1754357898027_1754357918622_688749_ZK_08718452904396_C1N1.png",
    "available": true,
    "promoUntil": null
  },
  {
    "id": "669796STK",
    "title": "HEMA Sokken Sporty Stripes 39/42 Wit",
    "category": "Non-food en servicebalie",
    "price": 11.99,
    "promoPrice": null,
    "pricePerUnit": "2.4 pieces",
    "image": "https://www.jumbo.com/dam-images/fit-in/360x360/Products/08718537611553C1N1d76143c6-ee05-4cf8-8cbd-2e74b9c097bd-1751873170855.png",
    "available": true,
    "promoUntil": null
  },
  {
    "id": "443317DS",
    "title": "Jos Poell Toast Volkoren 90 g",
    "category": "Koek, snoep, chocolade en chips",
    "price": 0.95,
    "promoPrice": null,
    "pricePerUnit": "10.56 kg",
    "image": "https://www.jumbo.com/dam-images/fit-in/360x360/Products/20092025_1758331998463_1758331999901_443317_DS_08710759089301_A1N1.png",
    "available": true,
    "promoUntil": null
  },
  {
    "id": "575949CUP",
    "title": "Jumbo Ongebrande Noten Huismix 140 g",
    "category": "Koek, snoep, chocolade en chips",
    "price": 3.49,
    "promoPrice": null,
    "pricePerUnit": "24.93 kg",
    "image": "https://www.jumbo.com/dam-images/fit-in/360x360/Products/16072024_1721133253987_1721133258884_8718452739004_1.png",
    "available": true,
    "promoUntil": null
  },
  {
    "id": "232754STK",
    "title": "Bepanthen Verzorgende crème bij geïrriteerde en droge huid, 30g",
    "category": "Drogisterij en baby",
    "price": 5.79,
    "promoPrice": null,
    "pricePerUnit": "193.0 kg",
    "image": "https://www.jumbo.com/dam-images/fit-in/360x360/Products/24092025_1758672091266_1758672094538_8713091021671_1.png",
    "available": true,
    "promoUntil": null
  },
  {
    "id": "687706ZK",
    "title": "Croky Snacks Patatas Fritas Paprika 100g",
    "category": "Koek, snoep, chocolade en chips",
    "price": 1.79,
    "promoPrice": null,
    "pricePerUnit": "17.9 kg",
    "image": "https://www.jumbo.com/dam-images/fit-in/360x360/Products/17062025_1750156466081_1750156482664_5414359985164_596.png",
    "available": true,
    "promoUntil": null
  },
  {
    "id": "419451PAK",
    "title": "FELIX® Elke Dag Feest Vis Selectie in Gelei Kattenvoer 12x85g",
    "category": "Huishouden en dieren",
    "price": 6.62,
    "promoPrice": null,
    "pricePerUnit": "6.49 kg",
    "image": "https://www.jumbo.com/dam-images/fit-in/360x360/Products/22072025_1753149166966_1753149214524_419451_PAK_07613039840757_C1N1_s02.png",
    "available": true,
    "promoUntil": null
  },
  {
    "id": "560273PAK",
    "title": "Appelsientje Goudappel 300ml",
    "category": "Frisdrank en sappen",
    "price": 1.49,
    "promoPrice": null,
    "pricePerUnit": "4.97 l",
    "image": "https://www.jumbo.com/dam-images/fit-in/360x360/Products/14042025_1744633966085_1744633969904_8720157400325_1.png",
    "available": true,
    "promoUntil": null
  },
  {
    "id": "695124TUB",
    "title": "Hansaplast Wondhelende Zalf 20g",
    "category": "Drogisterij en baby",
    "price": 4.99,
    "promoPrice": null,
    "pricePerUnit": "249.5 kg",
    "image": "https://www.jumbo.com/dam-images/fit-in/360x360/Products/24042025_1745495311691_1745495312132_695124_TUB_04005900649225_C1N1.png",
    "available": true,
    "promoUntil": null
  },
  {
    "id": "552003BLK",
    "title": "Carbonell Zwarte olijven zonder pit",
    "category": "Wereldkeukens, kruiden, pasta en rijst",
    "price": 1.97,
    "promoPrice": null,
    "pricePerUnit": "13.13 kg",
    "image": "https://www.jumbo.com/dam-images/fit-in/360x360/Products/01082025_1754048051370_1754048062875_8410010403913_596.png",
    "available": true,
    "promoUntil": null
  },
  {
    "id": "695075STK",
    "title": "HEMA Beugelpot 1,08L",
    "category": "Non-food en servicebalie",
    "price": 6.49,
    "promoPrice": null,
    "pricePerUnit": "6.49 pieces",
    "image": "https://www.jumbo.com/dam-images/fit-in/360x360/Products/24042025_1745494109991_1745494114371_695075_STK_08713475875692_C1N1.png",
    "available": true,
    "promoUntil": null
  },
  {
    "id": "196719PAK",
    "title": "Jumbo Boemboe Rendang 95 g",
    "category": "Wereldkeukens, kruiden, pasta en rijst",
    "price": 0.98,
    "promoPrice": null,
    "pricePerUnit": "10.32 kg",
    "image": "https://www.jumbo.com/dam-images/fit-in/360x360/Products/04122024_1733329976688_1733329996247_8718452765683_596.png",
    "available": true,
    "promoUntil": null
  },
  {
    "id": "695499KGR",
    "title": "Jumbo Grillgehakt Jalapeno Cheddar ca. 130 g",
    "category": "Vleeswaren, kaas en tapas",
    "price": 3.24,
    "promoPrice": null,
    "pricePerUnit": "24.9 kg",
    "image": "https://www.jumbo.com/dam-images/fit-in/360x360/Products/07072025_1751902636775_1751902645024_2369374000000_1.png",
    "available": true,
    "promoUntil": null
  },
  {
    "id": "668781STK",
    "title": "Blond & Friet-mayonaise Foodpairing Bundel",
    "category": "Koek, snoep, chocolade en chips",
    "price": 7.87,
    "promoPrice": null,
    "pricePerUnit": "None None",
    "image": "https://www.jumbo.com/dam-images/fit-in/360x360/Products/200584012e5366cf-bba9-4764-90fb-de21fcb9acde-1734102878219.png",
    "available": true,
    "promoUntil": null
  },
  {
    "id": "621593FLS",
    "title": "Destop Gel Express 950 ML",
    "category": "Huishouden en dieren",
    "price": 6.99,
    "promoPrice": null,
    "pricePerUnit": "7.36 l",
    "image": "https://www.jumbo.com/dam-images/fit-in/360x360/Products/19042024_1713493178677_1713493181474_621593_FLS_03665468000329_C1N1.png",
    "available": true,
    "promoUntil": null
  },
  {
    "id": "707510ZK",
    "title": "Frisia Sweet 'n Sour with Fruit Flavours 180 g",
    "category": "Koek, snoep, chocolade en chips",
    "price": 1.87,
    "promoPrice": null,
    "pricePerUnit": "10.39 kg",
    "image": "https://www.jumbo.com/dam-images/fit-in/360x360/Products/02072025_1751414459965_1751414469632_5411011561308_1.png",
    "available": true,
    "promoUntil": null
  },
  {
    "id": "672042BLK",
    "title": "Euroma Pumpkin Baking Spice by Jonnie Boer 52g",
    "category": "Wereldkeukens, kruiden, pasta en rijst",
    "price": 3.26,
    "promoPrice": null,
    "pricePerUnit": "62.69 kg",
    "image": "https://www.jumbo.com/dam-images/fit-in/360x360/Products/07012025_1736215795494_1736215805224_672042_BLK_08717600358128_C1N1.png",
    "available": true,
    "promoUntil": null
  },
  {
    "id": "536737PAK",
    "title": "Grolsch Herfstbok 6x330ML",
    "category": "Bier en wijn",
    "price": 8.85,
    "promoPrice": null,
    "pricePerUnit": "4.47 l",
    "image": "https://www.jumbo.com/dam-images/fit-in/360x360/Products/08716700018864H1N1f2063b5b-bae1-4251-909b-ac9e01665de1-1758098634463.png",
    "available": true,
    "promoUntil": null
  },
  {
    "id": "482530STK",
    "title": "Daktarin crème bij schimmel 20 mg/ g, 15 g",
    "category": "Drogisterij en baby",
    "price": 10.49,
    "promoPrice": null,
    "pricePerUnit": "699.33 kg",
    "image": "https://www.jumbo.com/dam-images/fit-in/360x360/Products/11062025_1749600084857_1749600090485_3574661411491_1.png",
    "available": true,
    "promoUntil": null
  },
  {
    "id": "685585BUS",
    "title": "Dove Deo Spray Coconut & Jasmine 150 ML",
    "category": "Drogisterij en baby",
    "price": 6.29,
    "promoPrice": null,
    "pricePerUnit": "41.93 l",
    "image": "https://www.jumbo.com/dam-images/fit-in/360x360/Products/10032025_1741618497456_1741618506298_685585_BUS_08720181291494_C1N1.png",
    "available": true,
    "promoUntil": null
  },
  {
    "id": "557604FLS",
    "title": "Fuze Tea Infused Iced Green Tea 400 ml",
    "category": "Frisdrank en sappen",
    "price": 1.45,
    "promoPrice": null,
    "pricePerUnit": "3.63 l",
    "image": "https://www.jumbo.com/dam-images/fit-in/360x360/Products/13082024_1723516032855_1723516040579_557604_FLS_05000112650457_H1N1.png",
    "available": true,
    "promoUntil": null
  },
  {
    "id": "672401DS",
    "title": "Handgebrand Australian Gold Macadamia's Gezouten 90 g",
    "category": "Vleeswaren, kaas en tapas",
    "price": 3.99,
    "promoPrice": null,
    "pricePerUnit": "44.33 kg",
    "image": "https://www.jumbo.com/dam-images/fit-in/360x360/Products/25022025_1740474237668_1740474244387_8720941907818_1.png",
    "available": true,
    "promoUntil": null
  },
  {
    "id": "559139FLS",
    "title": "Andrélon Pro Nature Shea Strong Repair Shampoo 400 ml",
    "category": "Drogisterij en baby",
    "price": 8.99,
    "promoPrice": null,
    "pricePerUnit": "22.48 l",
    "image": "https://www.jumbo.com/dam-images/fit-in/360x360/Products/27032025_1743046112057_1743046138182_559139_FLS_08720182568199_C1N1.png",
    "available": true,
    "promoUntil": null
  },
  {
    "id": "620385ZK",
    "title": "Gourmet Perle Mini Filets In Saus, Volledig Nat Diervoeder Voor Volwassen Katten, Met Kip, Met Rund, Met Konijn, Met Zalm, 85g  Maaltijdzakje",
    "category": "Huishouden en dieren",
    "price": 3.46,
    "promoPrice": null,
    "pricePerUnit": "10.18 kg",
    "image": "https://www.jumbo.com/dam-images/fit-in/360x360/Products/21052025_1747792867139_1747792885683_620385_ZK_05000161032433_C1N1_s01.png",
    "available": true,
    "promoUntil": null
  },
  {
    "id": "484911FLS",
    "title": "Crocodile Dandy - Rosé - 750ML",
    "category": "Bier en wijn",
    "price": 8.99,
    "promoPrice": null,
    "pricePerUnit": "11.99 l",
    "image": "https://www.jumbo.com/dam-images/fit-in/360x360/Products/18092023_1695057721525_1695057723160_3760238693968_1.png",
    "available": true,
    "promoUntil": null
  },
  {
    "id": "507902FLS",
    "title": "Jumbo Lemonade Watermeloen Ananas Kers 400ML",
    "category": "Aardappelen, groente en fruit",
    "price": 2.19,
    "promoPrice": null,
    "pricePerUnit": "5.48 l",
    "image": "https://www.jumbo.com/dam-images/fit-in/360x360/Products/28062024_1719585375689_1719585379138_8718452674640_1.png",
    "available": true,
    "promoUntil": null
  },
  {
    "id": "628895CUP",
    "title": "Jumbo Knoflookboter 100 g",
    "category": "Vleeswaren, kaas en tapas",
    "price": 1.35,
    "promoPrice": null,
    "pricePerUnit": "13.5 kg",
    "image": "https://www.jumbo.com/dam-images/fit-in/360x360/Products/24102024_1729787647518_1729787657684_8718452842513_1.png",
    "available": true,
    "promoUntil": null
  },
  {
    "id": "916242BLK",
    "title": "Gourmet Gold Mousse Kattenvoer nat met Rund",
    "category": "Huishouden en dieren",
    "price": 0.75,
    "promoPrice": null,
    "pricePerUnit": "8.82 kg",
    "image": "https://www.jumbo.com/dam-images/fit-in/360x360/Products/12062025_1749692092733_1749692144153_916242_BLK_03010470170469_C1N1_s01.png",
    "available": true,
    "promoUntil": null
  },
  {
    "id": "542923BLK",
    "title": "Gourmet Gold Malse Lekkernijen Kattenvoer nat met Zeevis",
    "category": "Huishouden en dieren",
    "price": 0.84,
    "promoPrice": null,
    "pricePerUnit": "9.88 kg",
    "image": "https://www.jumbo.com/dam-images/fit-in/360x360/Products/05042025_1743816212873_1743816225811_542923_BLK_08445290502414_C1N1_s02.png",
    "available": true,
    "promoUntil": null
  },
  {
    "id": "524912PAK",
    "title": "Jumbo Peutermelk Vanaf 2 Jaar 2 x 400 g",
    "category": "Drogisterij en baby",
    "price": 8.9,
    "promoPrice": null,
    "pricePerUnit": "11.13 kg",
    "image": "https://www.jumbo.com/dam-images/fit-in/360x360/Products/09082023_1691591746837_1691591764904_8718452690138_1.png",
    "available": true,
    "promoUntil": null
  },
  {
    "id": "618968FLS",
    "title": "Jumbo Vers Geperst Sap Sinaasappel & Kiwi 500 ml",
    "category": "Aardappelen, groente en fruit",
    "price": 2.49,
    "promoPrice": null,
    "pricePerUnit": "4.98 l",
    "image": "https://www.jumbo.com/dam-images/fit-in/360x360/Products/04112024_1730752388030_1730752390555_8718452863600_1.png",
    "available": true,
    "promoUntil": null
  },
  {
    "id": "170366ZK",
    "title": "Cheetos Spinners Paprika Chips 110 g",
    "category": "Koek, snoep, chocolade en chips",
    "price": 2.29,
    "promoPrice": null,
    "pricePerUnit": "20.82 kg",
    "image": "https://www.jumbo.com/dam-images/fit-in/360x360/Products/8710398502490T59658758e24-6db5-4761-95fa-7da8e975c7a0-1754310408454.png",
    "available": true,
    "promoUntil": null
  },
  {
    "id": "589547PAK",
    "title": "Grześki Wafel met Hazelnootcrème in Melkchocolade 36 g",
    "category": "Wereldkeukens, kruiden, pasta en rijst",
    "price": 0.49,
    "promoPrice": null,
    "pricePerUnit": "13.61 kg",
    "image": "https://www.jumbo.com/dam-images/fit-in/360x360/Products/12122024_1734014402419_1734014405866_5900394006204_1.png",
    "available": true,
    "promoUntil": null
  },
  {
    "id": "570370ZK",
    "title": "Jumbo Popcorn Karamel-Zeezout 150 g",
    "category": "Koek, snoep, chocolade en chips",
    "price": 0.89,
    "promoPrice": null,
    "pricePerUnit": "5.93 kg",
    "image": "https://www.jumbo.com/dam-images/fit-in/360x360/Products/26032025_1743017569636_1743017578536_8718452731824_1.png",
    "available": true,
    "promoUntil": null
  },
  {
    "id": "419902PAK",
    "title": "Cesar Selectie in Gelei 12 x 100 g",
    "category": "Huishouden en dieren",
    "price": 8.79,
    "promoPrice": null,
    "pricePerUnit": "7.32 kg",
    "image": "https://www.jumbo.com/dam-images/fit-in/360x360/Products/27082024_1724733450646_1724733455728_419902_PAK_08410136022753_H1N1.png",
    "available": true,
    "promoUntil": null
  },
  {
    "id": "542195BLK",
    "title": "Brouwerij Kees - Caramel Fudge Stout - Blik - 330ML",
    "category": "Bier en wijn",
    "price": 3.99,
    "promoPrice": null,
    "pricePerUnit": "12.09 l",
    "image": "https://www.jumbo.com/dam-images/fit-in/360x360/Products/20092025_1758334496346_1758334499337_542195_BLK_08720297861123_C1N1.png",
    "available": true,
    "promoUntil": null
  },
  {
    "id": "611290FLS",
    "title": "Chimay - Tripel Cinq Cents - Fles - 330ML",
    "category": "Bier en wijn",
    "price": 2.29,
    "promoPrice": null,
    "pricePerUnit": "6.94 l",
    "image": "https://www.jumbo.com/dam-images/fit-in/360x360/Products/09082023169158536255216915853682825410908000029190d232f5-67fc-4b40-93bb-a900518ba7c0-1708671461893.png",
    "available": true,
    "promoUntil": null
  },
  {
    "id": "680850DS",
    "title": "A. Vogel Echinaforce sterk bij griep en verkoudheid, 1200mg 30 tabletten",
    "category": "Drogisterij en baby",
    "price": 10.99,
    "promoPrice": null,
    "pricePerUnit": "366.33 kg",
    "image": "https://www.jumbo.com/dam-images/fit-in/360x360/Products/24092025_1758672137907_1758672144349_8711596589474_1.png",
    "available": true,
    "promoUntil": null
  },
  {
    "id": "486691BUS",
    "title": "Jozo Low Sodium Salt Fine 90 g",
    "category": "Wereldkeukens, kruiden, pasta en rijst",
    "price": 1.88,
    "promoPrice": null,
    "pricePerUnit": "20.89 kg",
    "image": "https://www.jumbo.com/dam-images/fit-in/360x360/Products/08072025_1751941496799_1751941499642_486691_BUS_08715800001066_C1N1.png",
    "available": true,
    "promoUntil": null
  },
  {
    "id": "672954EM",
    "title": "Clevers IJs Cookies 500ML",
    "category": "Diepvries",
    "price": 5.95,
    "promoPrice": null,
    "pricePerUnit": "11.9 l",
    "image": "https://www.jumbo.com/dam-images/fit-in/360x360/Products/14012025_1736820364296_1736820368270_672954_EM_08720589422001_C1N1.png",
    "available": true,
    "promoUntil": null
  },
  {
    "id": "22824PAK",
    "title": "DryNites Matrasbeschermer 7 Stuks",
    "category": "Drogisterij en baby",
    "price": 7.99,
    "promoPrice": null,
    "pricePerUnit": "1.14 pieces",
    "image": "https://www.jumbo.com/dam-images/fit-in/360x360/Products/03072025_1751506812429_1751506815370_22824_PAK_05029053532592_C1N1.png",
    "available": true,
    "promoUntil": null
  },
  {
    "id": "688809STK",
    "title": "Fuerza Juiced Melon Mania Flavour 4 x 250 ml",
    "category": "Frisdrank en sappen",
    "price": 3.16,
    "promoPrice": null,
    "pricePerUnit": "None None",
    "image": "https://www.jumbo.com/dam-images/fit-in/360x360/Products/20259020c5984a22-5809-400c-adb7-b19b03e742c3-1743065344661.png",
    "available": true,
    "promoUntil": null
  },
  {
    "id": "678584STK",
    "title": "HEMA Dames Sokken Wit 43/46 5 Paar",
    "category": "Non-food en servicebalie",
    "price": 6.99,
    "promoPrice": null,
    "pricePerUnit": "1.4 pieces",
    "image": "https://www.jumbo.com/dam-images/fit-in/360x360/Products/07022025_1738939501198_1738939505506_678584_STK_08718161565833_C1N1.png",
    "available": true,
    "promoUntil": null
  },
  {
    "id": "640420FLS",
    "title": "HG Douche En Wasbak Spray 500ml",
    "category": "Huishouden en dieren",
    "price": 3.59,
    "promoPrice": null,
    "pricePerUnit": "7.18 l",
    "image": "https://www.jumbo.com/dam-images/fit-in/360x360/Products/16072024_1721109447383_1721109451282_640420_FLS_08711577189686_C1N1.png",
    "available": true,
    "promoUntil": null
  },
  {
    "id": "575978ZK",
    "title": "Jumbo Borrelzoutjes Japanse Bollenmix 250 g",
    "category": "Koek, snoep, chocolade en chips",
    "price": 2.75,
    "promoPrice": null,
    "pricePerUnit": "11.0 kg",
    "image": "https://www.jumbo.com/dam-images/fit-in/360x360/Products/14022024_1707873433577_1707873440139_8718452707690_1.png",
    "available": true,
    "promoUntil": null
  },
  {
    "id": "687054ZK",
    "title": "Jumbo Calamares Vriesvers Voorgefrituurd 400 g",
    "category": "Diepvries",
    "price": 5.99,
    "promoPrice": null,
    "pricePerUnit": "14.98 kg",
    "image": "https://www.jumbo.com/dam-images/fit-in/360x360/Products/26052025_1748277173672_1748277179983_8718452871063_1.png",
    "available": true,
    "promoUntil": null
  },
  {
    "id": "544261FLS",
    "title": "AXE Anti-Transpirant Roller Black 50 ml",
    "category": "Drogisterij en baby",
    "price": 6.99,
    "promoPrice": null,
    "pricePerUnit": "139.8 l",
    "image": "https://www.jumbo.com/dam-images/fit-in/360x360/Products/16062025_1750091566619_1750091570137_59092537_1.png",
    "available": true,
    "promoUntil": null
  },
  {
    "id": "579838PAK",
    "title": "Jumbo Huishoudspons 1 Stuk",
    "category": "Huishouden en dieren",
    "price": 1.19,
    "promoPrice": null,
    "pricePerUnit": "1.19 pieces",
    "image": "https://www.jumbo.com/dam-images/fit-in/360x360/Products/14052025_1747215231003_1747215238676_8718452699988_1.png",
    "available": true,
    "promoUntil": null
  },
  {
    "id": "696044DS",
    "title": "Jumbo Paracetamol 120mg zetp 10st",
    "category": "Drogisterij en baby",
    "price": 2.39,
    "promoPrice": null,
    "pricePerUnit": "0.24 pieces",
    "image": "https://www.jumbo.com/dam-images/fit-in/360x360/Products/24092025_1758672063605_1758672067413_8718449035546_1.png",
    "available": true,
    "promoUntil": null
  },
  {
    "id": "711391STK",
    "title": "Jumbo Paté met Kalf & Lever 4 x 400 g",
    "category": "Huishouden en dieren",
    "price": 3.4,
    "promoPrice": null,
    "pricePerUnit": "None None",
    "image": "https://www.jumbo.com/dam-images/fit-in/360x360/Products/2025943647dbac89-8269-48fa-bfde-5a59a1fc8d13-1753710718651.png",
    "available": true,
    "promoUntil": null
  },
  {
    "id": "523931ZK",
    "title": "Jumbo Snack Rijk aan Kip Botjes 60 g",
    "category": "Huishouden en dieren",
    "price": 1.49,
    "promoPrice": null,
    "pricePerUnit": "24.83 kg",
    "image": "https://www.jumbo.com/dam-images/fit-in/360x360/Products/10082023_1691677737797_1691677766248_8718452653942_1.png",
    "available": true,
    "promoUntil": null
  },
  {
    "id": "612723DS",
    "title": "Jumbo Total Opzetborstels Clean 4 Stuks",
    "category": "Drogisterij en baby",
    "price": 6.65,
    "promoPrice": null,
    "pricePerUnit": "1.66 pieces",
    "image": "https://www.jumbo.com/dam-images/fit-in/360x360/Products/05042024_1712334969747_1712334977106_8718452784530_596.png",
    "available": true,
    "promoUntil": null
  },
  {
    "id": "671084TUB",
    "title": "Jumbo Styling Gel Extra Strong 200ML",
    "category": "Drogisterij en baby",
    "price": 3.99,
    "promoPrice": null,
    "pricePerUnit": "19.95 l",
    "image": "https://www.jumbo.com/dam-images/fit-in/360x360/Products/01042025_1743521632736_1743521636975_8718452857609_1.png",
    "available": true,
    "promoUntil": null
  },
  {
    "id": "381985ZK",
    "title": "Jumbo Luiers Maat 4+ 10-15 kg 38 Stuks",
    "category": "Drogisterij en baby",
    "price": 5.99,
    "promoPrice": null,
    "pricePerUnit": "0.16 pieces",
    "image": "https://www.jumbo.com/dam-images/fit-in/360x360/Products/29092023_1695995173974_1695995182449_8718452493784_1.png",
    "available": true,
    "promoUntil": null
  },
  {
    "id": "496477STK",
    "title": "Betadine Oplossing 30 ml (100 mg/ml) ",
    "category": "Drogisterij en baby",
    "price": 6.99,
    "promoPrice": null,
    "pricePerUnit": "0.35 pieces",
    "image": "https://www.jumbo.com/dam-images/fit-in/360x360/Products/24092025_1758672136561_1758672143446_8712207037612_1.png",
    "available": true,
    "promoUntil": null
  },
  {
    "id": "473255STK",
    "title": "Davitamon Vitamine C Forte bruistabletten, 15 stuks",
    "category": "Drogisterij en baby",
    "price": 5.99,
    "promoPrice": null,
    "pricePerUnit": "0.4 pieces",
    "image": "https://www.jumbo.com/dam-images/fit-in/360x360/Products/24092025_1758672091869_1758672096183_8710537707793_1.png",
    "available": true,
    "promoUntil": null
  },
  {
    "id": "162610POT",
    "title": "Hoisin Sauce",
    "category": "Wereldkeukens, kruiden, pasta en rijst",
    "price": 2.93,
    "promoPrice": null,
    "pricePerUnit": "13.95 kg",
    "image": "https://www.jumbo.com/dam-images/fit-in/360x360/Products/12122024_1734014661167_1734014668067_78895141924_1.png",
    "available": true,
    "promoUntil": null
  },
  {
    "id": "573221POT",
    "title": "Jumbo Tapenade Zwarte Olijven 140 g",
    "category": "Vleeswaren, kaas en tapas",
    "price": 2.25,
    "promoPrice": null,
    "pricePerUnit": "16.07 kg",
    "image": "https://www.jumbo.com/dam-images/fit-in/360x360/Products/18022025_1739896392433_1739896402482_8718452727629_1.png",
    "available": true,
    "promoUntil": null
  },
  {
    "id": "603937STK",
    "title": "Jumbo Verse Smoothies",
    "category": "Aardappelen, groente en fruit",
    "price": 5.97,
    "promoPrice": null,
    "pricePerUnit": "None None",
    "image": "https://www.jumbo.com/dam-images/fit-in/360x360/Products/603937STK0dff84c4-e398-49e1-a356-50462f527e02-1733299529082.png",
    "available": true,
    "promoUntil": null
  },
  {
    "id": "567984STK",
    "title": "Jumbo Verse Smoothies",
    "category": "Frisdrank en sappen",
    "price": 5.97,
    "promoPrice": null,
    "pricePerUnit": "None None",
    "image": "https://www.jumbo.com/dam-images/fit-in/360x360/Products/567984_20222505_1_T1_567984STK1691076559949.png",
    "available": true,
    "promoUntil": null
  },
  {
    "id": "637147ZK",
    "title": "Croky Tubes Sweet Chili Flavour 100 g",
    "category": "Koek, snoep, chocolade en chips",
    "price": 1.59,
    "promoPrice": null,
    "pricePerUnit": "15.9 kg",
    "image": "https://www.jumbo.com/dam-images/fit-in/360x360/Products/14112024_1731594816713_1731594826660_5414359994678_596.png",
    "available": true,
    "promoUntil": null
  },
  {
    "id": "363675DS",
    "title": "Fairtrade Original Thaise Massaman Curry Kruidenpasta 70 g",
    "category": "Wereldkeukens, kruiden, pasta en rijst",
    "price": 2.47,
    "promoPrice": null,
    "pricePerUnit": "35.29 kg",
    "image": "https://www.jumbo.com/dam-images/fit-in/360x360/Products/06022024_1707191270250_1707191277375_363675_DS_08711741355213_C1N1.png",
    "available": true,
    "promoUntil": null
  },
  {
    "id": "441956ZK",
    "title": "FixFirst Vingerbobs 5 Stuks",
    "category": "Drogisterij en baby",
    "price": 2.0,
    "promoPrice": null,
    "pricePerUnit": "0.4 pieces",
    "image": "https://www.jumbo.com/dam-images/fit-in/360x360/Products/10082023_1691675595705_1691675615301_8719325506242_1.png",
    "available": true,
    "promoUntil": null
  },
  {
    "id": "703861FLS",
    "title": "Covelt Dixap Zomerfruit 6 Maanden 400 ML",
    "category": "Drogisterij en baby",
    "price": 3.83,
    "promoPrice": null,
    "pricePerUnit": "9.58 l",
    "image": "https://www.jumbo.com/dam-images/fit-in/360x360/Products/10062025_1749561181189_1749561194459_703861_FLS_08711544124283_C1N1.png",
    "available": true,
    "promoUntil": null
  },
  {
    "id": "294102STK",
    "title": "Faja Lobi Moksie Speciaal Trafasie 360 ml",
    "category": "Wereldkeukens, kruiden, pasta en rijst",
    "price": 2.96,
    "promoPrice": null,
    "pricePerUnit": "8.22 l",
    "image": "https://www.jumbo.com/dam-images/fit-in/360x360/Products/23032024_1711165423729_1711165431622_294102_STK_08712631816746_C1N1.png",
    "available": true,
    "promoUntil": null
  },
  {
    "id": "681650DS",
    "title": "Jumbo Hooikoortstabletten Cetirizine diHCl 10 mg 7 Stuks",
    "category": "Drogisterij en baby",
    "price": 1.7,
    "promoPrice": null,
    "pricePerUnit": "0.24 pieces",
    "image": "https://www.jumbo.com/dam-images/fit-in/360x360/Products/10042025_1744250959668_1744250962302_681650_DS_08718452748242_C1N1_s01.png",
    "available": true,
    "promoUntil": null
  },
  {
    "id": "678617BLS",
    "title": "HEMA Fijnschrijvers 0,4 mm 12 Stuks",
    "category": "Non-food en servicebalie",
    "price": 2.69,
    "promoPrice": null,
    "pricePerUnit": "0.22 pieces",
    "image": "https://www.jumbo.com/dam-images/fit-in/360x360/Products/07022025_1738939773550_1738939777510_678617_BLS_08716618228126_C1N1.png",
    "available": true,
    "promoUntil": null
  },
  {
    "id": "678611STK",
    "title": "HEMA Multi Use Messen - 10 Stuks",
    "category": "Non-food en servicebalie",
    "price": 2.89,
    "promoPrice": null,
    "pricePerUnit": "0.29 pieces",
    "image": "https://www.jumbo.com/dam-images/fit-in/360x360/Products/07022025_1738939696637_1738939698693_678611_STK_08720354347300_C1N1.png",
    "available": true,
    "promoUntil": null
  },
  {
    "id": "656169FLS",
    "title": "Hikari Miso Sweet & savoury miso glaze & marinade 370g",
    "category": "Wereldkeukens, kruiden, pasta en rijst",
    "price": 4.94,
    "promoPrice": null,
    "pricePerUnit": "13.35 kg",
    "image": "https://www.jumbo.com/dam-images/fit-in/360x360/Products/07102024_1728311080789_1728311083796_656169_FLS_04902663018858_C1N1.png",
    "available": true,
    "promoUntil": null
  },
  {
    "id": "568876ZK",
    "title": "Italiano Salmiak Mix 170 g",
    "category": "Koek, snoep, chocolade en chips",
    "price": 2.27,
    "promoPrice": null,
    "pricePerUnit": "13.35 kg",
    "image": "https://www.jumbo.com/dam-images/fit-in/360x360/Products/14022024_1707872892651_1707872900060_8719700009580_1.png",
    "available": true,
    "promoUntil": null
  },
  {
    "id": "683279FLS",
    "title": "Dove Men Care Showgel Eucalyptus Mint 250 ML",
    "category": "Drogisterij en baby",
    "price": 5.35,
    "promoPrice": null,
    "pricePerUnit": "21.4 l",
    "image": "https://www.jumbo.com/dam-images/fit-in/360x360/Products/03092025_1756861509133_1756861552513_683279_FLS_08720181444630_H1N1.png",
    "available": true,
    "promoUntil": null
  },
  {
    "id": "689502CUP",
    "title": "Jumbo Dip Trio Guacamole, Salsa en Mangochutney 150 g",
    "category": "Vleeswaren, kaas en tapas",
    "price": 2.79,
    "promoPrice": null,
    "pricePerUnit": "18.6 kg",
    "image": "https://www.jumbo.com/dam-images/fit-in/360x360/Products/16062025_1750077167217_1750077174710_8718452923892_1.png",
    "available": true,
    "promoUntil": null
  },
  {
    "id": "563314DSL",
    "title": "Andrélon Men Shampoo Iedere Dag 300 ml x 6",
    "category": "Drogisterij en baby",
    "price": 35.94,
    "promoPrice": 25.15,
    "pricePerUnit": "13.97 l",
    "image": "https://www.jumbo.com/dam-images/fit-in/360x360/Products/563314DSL1933b2950-85b2-40fb-8ceb-163da6927f75-1702547442245.png",
    "available": true,
    "promoUntil": "di 7 okt"
  },
  {
    "id": "672300ZK",
    "title": "Aviko Wavy Blends Paprika 600 g",
    "category": "Diepvries",
    "price": 2.66,
    "promoPrice": null,
    "pricePerUnit": "4.43 kg",
    "image": "https://www.jumbo.com/dam-images/fit-in/360x360/Products/25022025_1740475987108_1740475995200_8710449500086_1.png",
    "available": true,
    "promoUntil": null
  },
  {
    "id": "549770FLS",
    "title": "Calvet - Sauternes – 375ML",
    "category": "Bier en wijn",
    "price": 9.09,
    "promoPrice": null,
    "pricePerUnit": "24.24 l",
    "image": "https://www.jumbo.com/dam-images/fit-in/360x360/Products/10082023_1691678329034_1691678344685_3159560601411_1.png",
    "available": true,
    "promoUntil": null
  },
  {
    "id": "72645STK",
    "title": "Davitamon B-Complex forte dragees, 100 stuks",
    "category": "Drogisterij en baby",
    "price": 13.29,
    "promoPrice": null,
    "pricePerUnit": "0.13 pieces",
    "image": "https://www.jumbo.com/dam-images/fit-in/360x360/Products/24092025_1758672132264_1758672138548_8710537003710_1.png",
    "available": true,
    "promoUntil": null
  },
  {
    "id": "689007ZK",
    "title": "Jumbo Salty Choco Mix 200 g",
    "category": "Koek, snoep, chocolade en chips",
    "price": 2.49,
    "promoPrice": null,
    "pricePerUnit": "12.45 kg",
    "image": "https://www.jumbo.com/dam-images/fit-in/360x360/Products/05082025_1754356760499_1754356780673_689007_ZK_08718452884858_C1N1.png",
    "available": true,
    "promoUntil": null
  },
  {
    "id": "683744TRA",
    "title": "Hertog Jan Lentebock Fles 6x300ML",
    "category": "Bier en wijn",
    "price": 7.99,
    "promoPrice": null,
    "pricePerUnit": "4.44 l",
    "image": "https://www.jumbo.com/dam-images/fit-in/360x360/Products/08725000439668abd5cb8c-7b9e-4d78-b5e3-214ee0218cbd-1713341088611.png",
    "available": true,
    "promoUntil": null
  },
  {
    "id": "699820FLS",
    "title": "Active O2 Apple Kiwi 500ML",
    "category": "Frisdrank en sappen",
    "price": 1.39,
    "promoPrice": null,
    "pricePerUnit": "2.78 l",
    "image": "https://www.jumbo.com/dam-images/fit-in/360x360/Products/20052025_1747715654967_1747715663686_699820_FLS_04005906005056_C1N1.png",
    "available": true,
    "promoUntil": null
  },
  {
    "id": "648350STK",
    "title": "Biodermal Spierverkoeler BioFreeze Roll-on 89ML",
    "category": "Drogisterij en baby",
    "price": 14.99,
    "promoPrice": null,
    "pricePerUnit": "168.43 l",
    "image": "https://www.jumbo.com/dam-images/fit-in/360x360/Products/30082024_1725008043058_1725008047373_648350_STK_00731124402653_C1N1.png",
    "available": true,
    "promoUntil": null
  },
  {
    "id": "515145ZK",
    "title": "BitesWeLove Flip Its Paprika Lentil Puffs 75 g",
    "category": "Koek, snoep, chocolade en chips",
    "price": 2.29,
    "promoPrice": null,
    "pricePerUnit": "30.53 kg",
    "image": "https://www.jumbo.com/dam-images/fit-in/360x360/Products/24042024_1713969252346_1713969271306_8711299015911_596.png",
    "available": true,
    "promoUntil": null
  },
  {
    "id": "701187ZK",
    "title": "BitesWeLove Crunchy Corn Nacho Cheese 100 g",
    "category": "Koek, snoep, chocolade en chips",
    "price": 1.99,
    "promoPrice": null,
    "pricePerUnit": "19.9 kg",
    "image": "https://www.jumbo.com/dam-images/fit-in/360x360/Products/06082025_1754445666705_1754445680345_701187_ZK_08711299015386_C1N1.png",
    "available": true,
    "promoUntil": null
  },
  {
    "id": "419427PAK",
    "title": "FELIX® Heerlijke Reepjes Vis Selectie Kattenvoer 12x80g",
    "category": "Huishouden en dieren",
    "price": 6.75,
    "promoPrice": null,
    "pricePerUnit": "7.03 kg",
    "image": "https://www.jumbo.com/dam-images/fit-in/360x360/Products/23092025_1758592462332_1758592489322_419427_PAK_07613038045757_C1N1_s03.png",
    "available": true,
    "promoUntil": null
  },
  {
    "id": "679895STK",
    "title": "HEMA Aardappelstamper RVS Dot 1 Stuk",
    "category": "Non-food en servicebalie",
    "price": 6.59,
    "promoPrice": null,
    "pricePerUnit": "6.59 pieces",
    "image": "https://www.jumbo.com/dam-images/fit-in/360x360/Products/14022025_1739528753444_1739528755240_679895_STK_08720354519660_C1N1.png",
    "available": true,
    "promoUntil": null
  },
  {
    "id": "170603POT",
    "title": "Hegron Styling Gel Extra Strong 1000 ml ",
    "category": "Drogisterij en baby",
    "price": 2.58,
    "promoPrice": null,
    "pricePerUnit": "2.58 l",
    "image": "https://www.jumbo.com/dam-images/fit-in/360x360/Products/31032025_1743409966719_1743409972728_8710444883146_1.png",
    "available": true,
    "promoUntil": null
  },
  {
    "id": "701053FLS",
    "title": "Conimex Woksaus Yakitori 175ml",
    "category": "Wereldkeukens, kruiden, pasta en rijst",
    "price": 2.66,
    "promoPrice": null,
    "pricePerUnit": "15.2 l",
    "image": "https://www.jumbo.com/dam-images/fit-in/360x360/Products/26052025_1748256589148_1748256617495_701053_FLS_08720182986481_H1N1.png",
    "available": true,
    "promoUntil": null
  },
  {
    "id": "537143BLK",
    "title": "Fizzy Peachtree 250 ml",
    "category": "Bier en wijn",
    "price": 2.29,
    "promoPrice": null,
    "pricePerUnit": "9.16 l",
    "image": "https://www.jumbo.com/dam-images/fit-in/360x360/Products/13022024_1707834861301_1707834870093_8710625524172_1.png",
    "available": true,
    "promoUntil": null
  },
  {
    "id": "434371FLS",
    "title": "Gooische Bierbrouwerij - Gooische Bubbel - Fles 330ML",
    "category": "Bier en wijn",
    "price": 2.99,
    "promoPrice": null,
    "pricePerUnit": "9.06 l",
    "image": "https://www.jumbo.com/dam-images/fit-in/360x360/Products/12122024_1734014542777_1734014546327_87320091_1.png",
    "available": true,
    "promoUntil": null
  },
  {
    "id": "581034BAK",
    "title": "Bistro de Gelaarsde Kat Dip Knoflook Kaas & Kruiden 185 g",
    "category": "Vleeswaren, kaas en tapas",
    "price": 2.59,
    "promoPrice": null,
    "pricePerUnit": "14.0 kg",
    "image": "https://www.jumbo.com/dam-images/fit-in/360x360/Products/14022024_1707873434349_1707873445145_8717953112408_1.png",
    "available": true,
    "promoUntil": null
  },
  {
    "id": "547255FLS",
    "title": "Jumbo Shot Wortel 125ML",
    "category": "Frisdrank en sappen",
    "price": 1.0,
    "promoPrice": null,
    "pricePerUnit": "8.0 l",
    "image": "https://www.jumbo.com/dam-images/fit-in/360x360/Products/04112024_1730752387396_1730752391687_8718452863808_1.png",
    "available": true,
    "promoUntil": null
  },
  {
    "id": "586313ZK",
    "title": "De Kleine Keuken Biologische Knijpmix Aardbei Zoete Aardappel & Haver 6+ Maanden 100 g",
    "category": "Drogisterij en baby",
    "price": 1.48,
    "promoPrice": null,
    "pricePerUnit": "14.8 kg",
    "image": "https://www.jumbo.com/dam-images/fit-in/360x360/Products/24122024_1735036375954_1735036380252_8718734494157_1.png",
    "available": true,
    "promoUntil": null
  },
  {
    "id": "621894BOX",
    "title": "Difrax Flessenspeen Kers - Medium 3+ m",
    "category": "Drogisterij en baby",
    "price": 6.99,
    "promoPrice": null,
    "pricePerUnit": "3.5 pieces",
    "image": "https://www.jumbo.com/dam-images/fit-in/360x360/Products/24072024_1721813095965_1721813100948_621894_BOX_08711736028207_C1N1_s01.png",
    "available": true,
    "promoUntil": null
  },
  {
    "id": "533233BLK",
    "title": "Fernandes Cream Ginger 250ml",
    "category": "Frisdrank en sappen",
    "price": 1.09,
    "promoPrice": null,
    "pricePerUnit": "4.36 l",
    "image": "https://www.jumbo.com/dam-images/fit-in/360x360/Products/21022024_1708522628738_1708522632530_8710642037167_1.png",
    "available": true,
    "promoUntil": null
  },
  {
    "id": "444916DS",
    "title": "Haust Toast 'n Chips Knoflook 125 g",
    "category": "Koek, snoep, chocolade en chips",
    "price": 1.68,
    "promoPrice": null,
    "pricePerUnit": "13.44 kg",
    "image": "https://www.jumbo.com/dam-images/fit-in/360x360/Products/09082023_1691588272909_1691588280060_8710445024142_1.png",
    "available": true,
    "promoUntil": null
  },
  {
    "id": "202835STK",
    "title": "Fairtrade Original Thaise Witte Rijstnoedels 225 g",
    "category": "Wereldkeukens, kruiden, pasta en rijst",
    "price": 3.13,
    "promoPrice": null,
    "pricePerUnit": "13.91 kg",
    "image": "https://www.jumbo.com/dam-images/fit-in/360x360/Products/16122023_1702695579952_1702695584373_202835_STK_08711741353905_C1N1.png",
    "available": true,
    "promoUntil": null
  },
  {
    "id": "701354FLS",
    "title": "Andrélon Shampoo Extra Glans 250 ml",
    "category": "Drogisterij en baby",
    "price": 6.49,
    "promoPrice": null,
    "pricePerUnit": "25.96 l",
    "image": "https://www.jumbo.com/dam-images/fit-in/360x360/Products/11072025_1752244367597_1752244372406_8720181576621_1.png",
    "available": true,
    "promoUntil": null
  },
  {
    "id": "194126DS",
    "title": "Dropshot Black Magic - 8 x 20ML",
    "category": "Bier en wijn",
    "price": 11.92,
    "promoPrice": null,
    "pricePerUnit": "74.5 l",
    "image": "https://www.jumbo.com/dam-images/fit-in/360x360/Products/18092023_1695034510702_1695034521637_8710625060083_1.png",
    "available": true,
    "promoUntil": null
  },
  {
    "id": "434294FLS",
    "title": "Garnier SkinActive Pure Active Micellair Water 400 ml",
    "category": "Drogisterij en baby",
    "price": 8.99,
    "promoPrice": null,
    "pricePerUnit": "22.48 l",
    "image": "https://www.jumbo.com/dam-images/fit-in/360x360/Products/12122024_1734014623953_1734014628563_3600541595019_1.png",
    "available": true,
    "promoUntil": null
  },
  {
    "id": "623521PAK",
    "title": "Jumbo Melkchocolade Kokos 190 g",
    "category": "Koek, snoep, chocolade en chips",
    "price": 2.49,
    "promoPrice": null,
    "pricePerUnit": "13.11 kg",
    "image": "https://www.jumbo.com/dam-images/fit-in/360x360/Products/23052025_1748010788663_1748010805480_8718452877157_596.png",
    "available": true,
    "promoUntil": null
  },
  {
    "id": "434314FLS",
    "title": "Grutte Pier - Blond - Fles - 330ML",
    "category": "Bier en wijn",
    "price": 3.09,
    "promoPrice": null,
    "pricePerUnit": "9.36 l",
    "image": "https://www.jumbo.com/dam-images/fit-in/360x360/Products/20092025_1758331062070_1758331066625_434314_FLS_08717953215727_C1N1.png",
    "available": true,
    "promoUntil": null
  },
  {
    "id": "648821KGR",
    "title": "Jumbo Vieux Pané Gewassen Korstkaas 50+ ca. 145 g",
    "category": "Vleeswaren, kaas en tapas",
    "price": 3.97,
    "promoPrice": null,
    "pricePerUnit": "27.39 kg",
    "image": "https://www.jumbo.com/dam-images/fit-in/360x360/Products/07102024_1728293721350_1728293728798_2369927000000_1.png",
    "available": true,
    "promoUntil": null
  },
  {
    "id": "443595ZK",
    "title": "Conimex Kroepoek Pittige Cassave 75 g",
    "category": "Wereldkeukens, kruiden, pasta en rijst",
    "price": 1.5,
    "promoPrice": null,
    "pricePerUnit": "20.0 kg",
    "image": "https://www.jumbo.com/dam-images/fit-in/360x360/Products/26042025_1745631407711_1745631449993_443595_ZK_08710522975664_C1N1.png",
    "available": true,
    "promoUntil": null
  },
  {
    "id": "678536STK",
    "title": "HEMA Stylingborstel",
    "category": "Drogisterij en baby",
    "price": 5.99,
    "promoPrice": null,
    "pricePerUnit": "5.99 pieces",
    "image": "https://www.jumbo.com/dam-images/fit-in/360x360/Products/07022025_1738933104203_1738933109061_678536_STK_08720354246191_C1N1.png",
    "available": true,
    "promoUntil": null
  },
  {
    "id": "599281DS",
    "title": "Imodium Harde Capsules bij Diarrree 6 Stuks",
    "category": "Drogisterij en baby",
    "price": 4.39,
    "promoPrice": null,
    "pricePerUnit": "0.73 pieces",
    "image": "https://www.jumbo.com/dam-images/fit-in/360x360/Products/24092025_1758672092923_1758672098667_3574661694528_1.png",
    "available": true,
    "promoUntil": null
  },
  {
    "id": "182379STK",
    "title": "Jumbo Kruidnagel 5 g",
    "category": "Wereldkeukens, kruiden, pasta en rijst",
    "price": 1.75,
    "promoPrice": null,
    "pricePerUnit": "350.0 kg",
    "image": "https://www.jumbo.com/dam-images/fit-in/360x360/Products/09082023_1691581023295_1691581049642_8718452203536_1.png",
    "available": true,
    "promoUntil": null
  },
  {
    "id": "511510KGR",
    "title": "Jumbo Parmigiano Reggiano DOP Italiaanse Harde Kaas Stuk ca. 180 g",
    "category": "Vleeswaren, kaas en tapas",
    "price": 5.87,
    "promoPrice": null,
    "pricePerUnit": "32.59 kg",
    "image": "https://www.jumbo.com/dam-images/fit-in/360x360/Products/07022025_1738945990084_1738945995346_2378366000000_1.png",
    "available": true,
    "promoUntil": null
  },
  {
    "id": "528983ZK",
    "title": "Always Always Cotton Protection Long Maandverband",
    "category": "Drogisterij en baby",
    "price": 3.09,
    "promoPrice": null,
    "pricePerUnit": "0.34 pieces",
    "image": "https://www.jumbo.com/dam-images/fit-in/360x360/Products/14082025_1755200014494_1755200019123_8006540231173_1.png",
    "available": true,
    "promoUntil": null
  },
  {
    "id": "460889ZK",
    "title": "Aviko Churros 300 g",
    "category": "Diepvries",
    "price": 2.99,
    "promoPrice": null,
    "pricePerUnit": "9.97 kg",
    "image": "https://www.jumbo.com/dam-images/fit-in/360x360/Products/15102024_1728999188962_1728999203571_8710449955527_1.png",
    "available": true,
    "promoUntil": null
  },
  {
    "id": "423739ZK",
    "title": "Croky Snack Bolognese Rings 75g",
    "category": "Koek, snoep, chocolade en chips",
    "price": 1.59,
    "promoPrice": null,
    "pricePerUnit": "21.2 kg",
    "image": "https://www.jumbo.com/dam-images/fit-in/360x360/Products/03062025_1748914618612_1748914620586_423739_ZK_05414359994326_A1N1.png",
    "available": true,
    "promoUntil": null
  },
  {
    "id": "227434TUB",
    "title": "Conimex Boemboe Ajam Smoor 95 g",
    "category": "Wereldkeukens, kruiden, pasta en rijst",
    "price": 1.97,
    "promoPrice": null,
    "pricePerUnit": "20.74 kg",
    "image": "https://www.jumbo.com/dam-images/fit-in/360x360/Products/13082025_1755047163738_1755047217147_227434_TUB_08711200403370_C1N1.png",
    "available": true,
    "promoUntil": null
  },
  {
    "id": "640737FLS",
    "title": "HG Gelontstopper 1L",
    "category": "Huishouden en dieren",
    "price": 8.39,
    "promoPrice": null,
    "pricePerUnit": "8.39 l",
    "image": "https://www.jumbo.com/dam-images/fit-in/360x360/Products/14062025_1749866006058_1749866010163_640737_FLS_08711577266042_C1N1.png",
    "available": true,
    "promoUntil": null
  },
  {
    "id": "612700DS",
    "title": "Fitmeals High Protein Pancakes Naturel 160g",
    "category": "Verse maaltijden en gemak",
    "price": 2.79,
    "promoPrice": null,
    "pricePerUnit": "17.44 kg",
    "image": "https://www.jumbo.com/dam-images/fit-in/360x360/Products/08042024_1712556819125_1712556826003_612700_DS_08720938614422_A3C1.png",
    "available": true,
    "promoUntil": null
  },
  {
    "id": "680000ZK",
    "title": "HEMA Folie Ballon 8 30cm",
    "category": "Non-food en servicebalie",
    "price": 0.99,
    "promoPrice": null,
    "pricePerUnit": "0.99 pieces",
    "image": "https://www.jumbo.com/dam-images/fit-in/360x360/Products/09082023_1691587396140_1691587413259_8718537534289_1.png",
    "available": true,
    "promoUntil": null
  },
  {
    "id": "174034ZK",
    "title": "Jumbo Kleine Knagers Diervoeder voor Kleine Knaagdieren 550g",
    "category": "Huishouden en dieren",
    "price": 2.19,
    "promoPrice": null,
    "pricePerUnit": "3.98 kg",
    "image": "https://www.jumbo.com/dam-images/fit-in/360x360/Products/19032025_1742402009944_1742402019254_8718452749362_1.png",
    "available": true,
    "promoUntil": null
  },
  {
    "id": "603683BLS",
    "title": "Jumbo 3in1 Medium Tandenborstel 1 Stuk",
    "category": "Drogisterij en baby",
    "price": 1.99,
    "promoPrice": null,
    "pricePerUnit": "1.99 pieces",
    "image": "https://www.jumbo.com/dam-images/fit-in/360x360/Products/26012024_1706283304544_1706283309263_8718452775132_1.png",
    "available": true,
    "promoUntil": null
  },
  {
    "id": "632204DS",
    "title": "Jumbo Biologisch Spinazie à la Crème Gesneden 450 g",
    "category": "Diepvries",
    "price": 1.39,
    "promoPrice": null,
    "pricePerUnit": "3.09 kg",
    "image": "https://www.jumbo.com/dam-images/fit-in/360x360/Products/16072024_1721144061480_1721144070750_8718452810093_1.png",
    "available": true,
    "promoUntil": null
  },
  {
    "id": "473257STK",
    "title": "Davitamon Elke Dag bruistabletten, 15 stuks",
    "category": "Drogisterij en baby",
    "price": 10.99,
    "promoPrice": null,
    "pricePerUnit": "0.73 pieces",
    "image": "https://www.jumbo.com/dam-images/fit-in/360x360/Products/24092025_1758672091945_1758672096294_8710537042382_1.png",
    "available": true,
    "promoUntil": null
  },
  {
    "id": "652691FLS",
    "title": "Jumbo Shampoo Mild voor de Ogen met Conditioner 250 ml",
    "category": "Drogisterij en baby",
    "price": 2.59,
    "promoPrice": null,
    "pricePerUnit": "10.36 l",
    "image": "https://www.jumbo.com/dam-images/fit-in/360x360/Products/25102024_1729856106118_1729856113770_8718452855681_1.png",
    "available": true,
    "promoUntil": null
  },
  {
    "id": "629348STK",
    "title": "Jumbo Smoothie Mango Passievrucht 3 x 250ML",
    "category": "Aardappelen, groente en fruit",
    "price": 5.97,
    "promoPrice": null,
    "pricePerUnit": "None None",
    "image": "https://www.jumbo.com/dam-images/fit-in/360x360/Products/629348STK11592cf6-4f67-4f38-9b16-b0ff4559713d-1733299463865.png",
    "available": true,
    "promoUntil": null
  },
  {
    "id": "675375STK",
    "title": "Honingraat Figuren 5 Stuks",
    "category": "Non-food en servicebalie",
    "price": 1.99,
    "promoPrice": null,
    "pricePerUnit": "1.99 pieces",
    "image": "https://www.jumbo.com/dam-images/fit-in/360x360/Products/01072025_1751383989921_1751383996260_8721225775017_1.png",
    "available": true,
    "promoUntil": null
  },
  {
    "id": "605326FLS",
    "title": "Dove Men+Care Sport Care 3-in-1 Douchegel Active+Fresh 250 ml",
    "category": "Drogisterij en baby",
    "price": 5.35,
    "promoPrice": null,
    "pricePerUnit": "21.4 l",
    "image": "https://www.jumbo.com/dam-images/fit-in/360x360/Products/15052025_1747275610160_1747275624086_605326_FLS_08710522394823_C1N1.png",
    "available": true,
    "promoUntil": null
  },
  {
    "id": "637900FLS",
    "title": "Freez Blue Hawaii 275ml",
    "category": "Wereldkeukens, kruiden, pasta en rijst",
    "price": 1.89,
    "promoPrice": null,
    "pricePerUnit": "6.87 l",
    "image": "https://www.jumbo.com/dam-images/fit-in/360x360/Products/00762571500197A1N11c291c15-605a-47f6-af35-b2254bfbdb2c-1724226806122.png",
    "available": true,
    "promoUntil": null
  },
  {
    "id": "680016POT",
    "title": "HEMA Schoencrème Zwart 50 ML",
    "category": "Non-food en servicebalie",
    "price": 3.19,
    "promoPrice": null,
    "pricePerUnit": "63.8 l",
    "image": "https://www.jumbo.com/dam-images/fit-in/360x360/Products/14022025_1739540508651_1739540513516_680016_POT_08716618886005_C1N1.png",
    "available": true,
    "promoUntil": null
  },
  {
    "id": "620379STK",
    "title": "Jumbo Biologisch Babyvoeding Aardappel Stoofpotje met Groenten 18+ Maanden 250 g",
    "category": "Drogisterij en baby",
    "price": 1.46,
    "promoPrice": null,
    "pricePerUnit": "5.84 kg",
    "image": "https://www.jumbo.com/dam-images/fit-in/360x360/Products/04062024_1717500849731_1717500855839_8718452803941_1.png",
    "available": true,
    "promoUntil": null
  },
  {
    "id": "593938ZK",
    "title": "Jumbo Huishoudhandschoen L 1 Stuk",
    "category": "Huishouden en dieren",
    "price": 0.65,
    "promoPrice": null,
    "pricePerUnit": "0.65 pieces",
    "image": "https://www.jumbo.com/dam-images/fit-in/360x360/Products/14052025_1747215232715_1747215238985_8718452699803_1.png",
    "available": true,
    "promoUntil": null
  },
  {
    "id": "314319ZK",
    "title": "Bambix Berenkoekjes met Honing 1+ Yaar 6 x 2 Stuks 150 g",
    "category": "Drogisterij en baby",
    "price": 2.29,
    "promoPrice": null,
    "pricePerUnit": "15.27 kg",
    "image": "https://www.jumbo.com/dam-images/fit-in/360x360/Products/02052024_1714646048457_1714646057936_5410441990061_1.png",
    "available": true,
    "promoUntil": null
  },
  {
    "id": "302217FLS",
    "title": "Bloom - Gin & Rose Lemon - 275ML",
    "category": "Bier en wijn",
    "price": 3.39,
    "promoPrice": null,
    "pricePerUnit": "12.33 l",
    "image": "https://www.jumbo.com/dam-images/fit-in/360x360/Products/09082023_1691586204013_1691586207789_5010296007664_1.png",
    "available": true,
    "promoUntil": null
  },
  {
    "id": "177839STK",
    "title": "Bronchostop Hoestpastilles, 20 stuks",
    "category": "Drogisterij en baby",
    "price": 10.69,
    "promoPrice": null,
    "pricePerUnit": "0.53 pieces",
    "image": "https://www.jumbo.com/dam-images/fit-in/360x360/Products/24092025_1758672091082_1758672097769_8710537042979_1.png",
    "available": true,
    "promoUntil": null
  },
  {
    "id": "677463FLS",
    "title": "Daro Alle Hoest Extra Sterk siroop, 150 ml",
    "category": "Drogisterij en baby",
    "price": 14.49,
    "promoPrice": null,
    "pricePerUnit": "96.6 l",
    "image": "https://www.jumbo.com/dam-images/fit-in/360x360/Products/24092025_1758672093560_1758672097365_8714319212079_1.png",
    "available": true,
    "promoUntil": null
  },
  {
    "id": "431121FLS",
    "title": "Crystal Clear Sparkling Lemon Fles 0,5L",
    "category": "Frisdrank en sappen",
    "price": 1.15,
    "promoPrice": null,
    "pricePerUnit": "2.3 l",
    "image": "https://www.jumbo.com/dam-images/fit-in/360x360/Products/05022025_1738723071987_1738723080619_431121_FLS_08715600243697_H1N1.png",
    "available": true,
    "promoUntil": null
  },
  {
    "id": "388414STK",
    "title": "A. Vogel Oogdruppels extra intensief (10 ml)",
    "category": "Drogisterij en baby",
    "price": 14.49,
    "promoPrice": null,
    "pricePerUnit": "1449.0 l",
    "image": "https://www.jumbo.com/dam-images/fit-in/360x360/Products/24092025_1758672107827_1758672112216_8711596589504_1.png",
    "available": true,
    "promoUntil": null
  },
  {
    "id": "579817BLK",
    "title": "Jopen - IPA - Blurred Lines Juicy - Blik - 330ML",
    "category": "Bier en wijn",
    "price": 2.55,
    "promoPrice": null,
    "pricePerUnit": "7.73 l",
    "image": "https://www.jumbo.com/dam-images/fit-in/360x360/Products/30012024_1706599994691_1706600003236_8714799302024_1.png",
    "available": true,
    "promoUntil": null
  },
  {
    "id": "551054FLS",
    "title": "De Sinaasappelaere Sinaasappelsap 33 cl",
    "category": "Frisdrank en sappen",
    "price": 2.14,
    "promoPrice": null,
    "pricePerUnit": "6.48 l",
    "image": "https://www.jumbo.com/dam-images/fit-in/360x360/Products/16072025_1752633235603_1752633242272_551054_FLS_08714242870193_C1N1.png",
    "available": true,
    "promoUntil": null
  },
  {
    "id": "684407FLS",
    "title": "Elvive Total Repair 5 Heropbouwende Crèmespoeling 200 ml",
    "category": "Drogisterij en baby",
    "price": 6.59,
    "promoPrice": null,
    "pricePerUnit": "32.95 l",
    "image": "https://www.jumbo.com/dam-images/fit-in/360x360/Products/06072024_1720232523266_1720232524794_156463_FLS_03600522966920_C1N1.png",
    "available": true,
    "promoUntil": null
  },
  {
    "id": "679826STK",
    "title": "HEMA SERVET STIP",
    "category": "Non-food en servicebalie",
    "price": 1.0,
    "promoPrice": null,
    "pricePerUnit": "0.08 pieces",
    "image": "https://www.jumbo.com/dam-images/fit-in/360x360/Products/25042025_1745544362920_1745544366471_679826_STK_08720354508862_C1N1.png",
    "available": true,
    "promoUntil": null
  },
  {
    "id": "688489DS",
    "title": "HG Mierenpoeder 75g",
    "category": "Non-food en servicebalie",
    "price": 13.39,
    "promoPrice": null,
    "pricePerUnit": "178.53 kg",
    "image": "https://www.jumbo.com/dam-images/fit-in/360x360/Products/26032025_1742978497637_1742978500938_688489_DS_08711577216382_C1N1.png",
    "available": true,
    "promoUntil": null
  },
  {
    "id": "715349ZK",
    "title": "Haribo Sweet Mix 250 g",
    "category": "Koek, snoep, chocolade en chips",
    "price": 2.17,
    "promoPrice": null,
    "pricePerUnit": "8.68 kg",
    "image": "https://www.jumbo.com/dam-images/fit-in/360x360/Products/22082025_1755860464301_1755860469561_715349_ZK_04001686389997_C1N1.png",
    "available": true,
    "promoUntil": null
  },
  {
    "id": "482797ZK",
    "title": "Catisfactions met Onweerstaanbare Kattenkruidsmaak 60 g",
    "category": "Huishouden en dieren",
    "price": 2.27,
    "promoPrice": null,
    "pricePerUnit": "37.83 kg",
    "image": "https://www.jumbo.com/dam-images/fit-in/360x360/Products/02072025_1751445187456_1751445201495_5998749143025_596.png",
    "available": true,
    "promoUntil": null
  },
  {
    "id": "624776TRA",
    "title": "Jumbo Aardappelen Hasselback 450 g",
    "category": "Aardappelen, groente en fruit",
    "price": 2.49,
    "promoPrice": null,
    "pricePerUnit": "5.53 kg",
    "image": "https://www.jumbo.com/dam-images/fit-in/360x360/Products/09072024_1720517719605_1720517728752_8718452809851_1.png",
    "available": true,
    "promoUntil": null
  },
  {
    "id": "238200STK",
    "title": "Jos Poell IJswafel Bakjes Naturel 6 Stuks 78 g",
    "category": "Diepvries",
    "price": 2.29,
    "promoPrice": null,
    "pricePerUnit": "29.36 kg",
    "image": "https://www.jumbo.com/dam-images/fit-in/360x360/Products/02092025_1756775041773_1756775058030_238200_STK_08710759200003_C1N1.png",
    "available": true,
    "promoUntil": null
  },
  {
    "id": "625533PAK",
    "title": "Heinz Tomato Frito® chili",
    "category": "Wereldkeukens, kruiden, pasta en rijst",
    "price": 1.48,
    "promoPrice": null,
    "pricePerUnit": "4.23 kg",
    "image": "https://www.jumbo.com/dam-images/fit-in/360x360/Products/17042025_1744861397326_1744861407078_625533_PAK_08410066142958_H1N1.png",
    "available": true,
    "promoUntil": null
  },
  {
    "id": "633623STK",
    "title": "Jumbo Biologisch Babyvoeding Appel, Perzik, Banaan & Passievrucht 12 + Maanden 220 g",
    "category": "Drogisterij en baby",
    "price": 1.59,
    "promoPrice": null,
    "pricePerUnit": "7.23 kg",
    "image": "https://www.jumbo.com/dam-images/fit-in/360x360/Products/26082024_1724675598512_1724675604609_8718452804030_1.png",
    "available": true,
    "promoUntil": null
  },
  {
    "id": "677633BLK",
    "title": "Brouwerij 't IJ - Natte Dubbel - Fles - 330ML",
    "category": "Bier en wijn",
    "price": 2.99,
    "promoPrice": null,
    "pricePerUnit": "9.06 l",
    "image": "https://www.jumbo.com/dam-images/fit-in/360x360/Products/20092025_1758331640756_1758331644124_677633_BLK_08717545264010_C1N1.png",
    "available": true,
    "promoUntil": null
  },
  {
    "id": "672157KGR",
    "title": "Jumbo Biologisch Kookworst ca. 100 g",
    "category": "Vleeswaren, kaas en tapas",
    "price": 2.55,
    "promoPrice": null,
    "pricePerUnit": "25.5 kg",
    "image": "https://www.jumbo.com/dam-images/fit-in/360x360/Products/14022025_1739539724356_1739539728338_2369256000000_1.png",
    "available": true,
    "promoUntil": null
  },
  {
    "id": "152311STK",
    "title": "A.Vogel Echinaforce hot drink forte+vlierbes 100 ml",
    "category": "Drogisterij en baby",
    "price": 10.99,
    "promoPrice": null,
    "pricePerUnit": "109.9 l",
    "image": "https://www.jumbo.com/dam-images/fit-in/360x360/Products/24092025_1758672060768_1758672065021_8711596581799_1.png",
    "available": true,
    "promoUntil": null
  },
  {
    "id": "99071FLS",
    "title": "Alpaca - Sauvignon Blanc - 750ML",
    "category": "Bier en wijn",
    "price": 4.79,
    "promoPrice": null,
    "pricePerUnit": "6.39 l",
    "image": "https://www.jumbo.com/dam-images/fit-in/360x360/Products/22072024_1721640978078_1721640980868_7808704700287_1.png",
    "available": true,
    "promoUntil": null
  },
  {
    "id": "641741KGR",
    "title": "Jumbo Kernhem 60+ ca. 183 g",
    "category": "Vleeswaren, kaas en tapas",
    "price": 4.06,
    "promoPrice": null,
    "pricePerUnit": "22.17 kg",
    "image": "https://www.jumbo.com/dam-images/fit-in/360x360/Products/18092023_1695036890645_1695036899649_2301162000000_1.png",
    "available": true,
    "promoUntil": null
  },
  {
    "id": "707997DS",
    "title": "Jumbo Meloenmix 225 g",
    "category": "Aardappelen, groente en fruit",
    "price": 2.89,
    "promoPrice": null,
    "pricePerUnit": "12.84 kg",
    "image": "https://www.jumbo.com/dam-images/fit-in/360x360/Products/30042025_1746027228041_1746027234992_8718452896738_1.png",
    "available": true,
    "promoUntil": null
  },
  {
    "id": "576902CUP",
    "title": "Jumbo Ongezouten Geel Fruit Notenmix 140 g",
    "category": "Koek, snoep, chocolade en chips",
    "price": 3.49,
    "promoPrice": null,
    "pricePerUnit": "24.93 kg",
    "image": "https://www.jumbo.com/dam-images/fit-in/360x360/Products/14022024_1707873701394_1707873705017_8718452741335_1.png",
    "available": true,
    "promoUntil": null
  },
  {
    "id": "443593ZK",
    "title": "Conimex Kroepoek Jakarta 75 g",
    "category": "Wereldkeukens, kruiden, pasta en rijst",
    "price": 1.5,
    "promoPrice": null,
    "pricePerUnit": "20.0 kg",
    "image": "https://www.jumbo.com/dam-images/fit-in/360x360/Products/09072025_1752024993747_1752025019401_443593_ZK_08710522975985_H1N1.png",
    "available": true,
    "promoUntil": null
  },
  {
    "id": "664407DS",
    "title": "Funny Candy Sour Shok Rockiz 50g",
    "category": "Koek, snoep, chocolade en chips",
    "price": 0.99,
    "promoPrice": null,
    "pricePerUnit": "19.8 kg",
    "image": "https://www.jumbo.com/dam-images/fit-in/360x360/Products/06931722321965C1N11ab8cf75-5d96-4ecb-a56f-f206de47a3c1-1735811349165.png",
    "available": true,
    "promoUntil": null
  },
  {
    "id": "710984ZK",
    "title": "Jumbo Kruidnoten Appeltaartsmaak 200 g",
    "category": "Koek, snoep, chocolade en chips",
    "price": 2.79,
    "promoPrice": null,
    "pricePerUnit": "13.95 kg",
    "image": "https://www.jumbo.com/dam-images/fit-in/360x360/Products/25072025_1753432375194_1753432385555_8718452921898_596.png",
    "available": true,
    "promoUntil": null
  },
  {
    "id": "590710DS",
    "title": "Jumbo Staalsponsen 10 Stuks",
    "category": "Huishouden en dieren",
    "price": 0.99,
    "promoPrice": null,
    "pricePerUnit": "0.1 pieces",
    "image": "https://www.jumbo.com/dam-images/fit-in/360x360/Products/14052025_1747215232397_1747215243784_8718452700004_1.png",
    "available": true,
    "promoUntil": null
  },
  {
    "id": "560359STK",
    "title": "Jumbo Tomaten Puree 3 x 70 g ",
    "category": "Wereldkeukens, kruiden, pasta en rijst",
    "price": 1.38,
    "promoPrice": null,
    "pricePerUnit": "None None",
    "image": "https://www.jumbo.com/dam-images/fit-in/360x360/Products/560359STK10547b44-2865-4a16-8984-f2385ebfaa5a-1745827546188.png",
    "available": true,
    "promoUntil": null
  },
  {
    "id": "406381POT",
    "title": "Jumbo Truffel Pesto Groen 190 g",
    "category": "Wereldkeukens, kruiden, pasta en rijst",
    "price": 2.49,
    "promoPrice": null,
    "pricePerUnit": "13.11 kg",
    "image": "https://www.jumbo.com/dam-images/fit-in/360x360/Products/09092025_1757421313803_1757421318785_8718452532520_1.png",
    "available": true,
    "promoUntil": null
  },
  {
    "id": "645593ZK",
    "title": "Bertolli Pastasaus met Oregano, Wortel en Ui 460 g",
    "category": "Wereldkeukens, kruiden, pasta en rijst",
    "price": 3.61,
    "promoPrice": null,
    "pricePerUnit": "7.85 kg",
    "image": "https://www.jumbo.com/dam-images/fit-in/360x360/Products/29102024_1730194385969_1730194392495_8720791223199_1.png",
    "available": true,
    "promoUntil": null
  },
  {
    "id": "369994ZK",
    "title": "Bolletje Kruidnoot Letters 200 g",
    "category": "Koek, snoep, chocolade en chips",
    "price": 1.99,
    "promoPrice": null,
    "pricePerUnit": "9.95 kg",
    "image": "https://www.jumbo.com/dam-images/fit-in/360x360/Products/17052024_1715910178937_1715910193500_369994_ZK_08710482533744_C1N1.png",
    "available": true,
    "promoUntil": null
  },
  {
    "id": "616760BLK",
    "title": "Euroma Mexican style BBQ by Jonnie Boer",
    "category": "Wereldkeukens, kruiden, pasta en rijst",
    "price": 3.55,
    "promoPrice": null,
    "pricePerUnit": "73.96 kg",
    "image": "https://www.jumbo.com/dam-images/fit-in/360x360/Products/03062024_1717414579727_1717414585932_8717600351983_1.png",
    "available": true,
    "promoUntil": null
  },
  {
    "id": "74284PAK",
    "title": "Go-Tan Atjar ketimoen (komkommer) 330g",
    "category": "Wereldkeukens, kruiden, pasta en rijst",
    "price": 2.81,
    "promoPrice": null,
    "pricePerUnit": "8.52 kg",
    "image": "https://www.jumbo.com/dam-images/fit-in/360x360/Products/05082025_1754357237616_1754357244624_74284_PAK_08710605030648_C1N1.png",
    "available": true,
    "promoUntil": null
  },
  {
    "id": "670765STK",
    "title": "Hema Naam armbandjes maken",
    "category": "Non-food en servicebalie",
    "price": 3.99,
    "promoPrice": null,
    "pricePerUnit": "3.99 pieces",
    "image": "https://www.jumbo.com/dam-images/fit-in/360x360/Products/08042025_1744079772295_1744079776647_670765_STK_08718537684076_C1N1.png",
    "available": true,
    "promoUntil": null
  },
  {
    "id": "686196PAK",
    "title": "CoolBest Protein Drink Passionfruit 330ml",
    "category": "Frisdrank en sappen",
    "price": 1.99,
    "promoPrice": null,
    "pricePerUnit": "6.03 l",
    "image": "https://www.jumbo.com/dam-images/fit-in/360x360/Products/19052025_1747616585900_1747616606127_686196_PAK_08720157403371_C1N1.png",
    "available": true,
    "promoUntil": null
  },
  {
    "id": "666379STK",
    "title": "Jumbo Chorizo 150 g",
    "category": "Vleeswaren, kaas en tapas",
    "price": 2.99,
    "promoPrice": null,
    "pricePerUnit": "19.93 kg",
    "image": "https://www.jumbo.com/dam-images/fit-in/360x360/Products/14022025_1739539723041_1739539728609_8718452890132_1.png",
    "available": true,
    "promoUntil": null
  },
  {
    "id": "219477STK",
    "title": "Bisolvon 2-In-1 hoestdrank suikervrij (siroop, 120 ml)",
    "category": "Drogisterij en baby",
    "price": 13.99,
    "promoPrice": null,
    "pricePerUnit": "116.58 l",
    "image": "https://www.jumbo.com/dam-images/fit-in/360x360/Products/24092025_1758672060990_1758672067268_8712172865630_1.png",
    "available": true,
    "promoUntil": null
  },
  {
    "id": "711211STK",
    "title": "Jumbo Kattenmelk met Omega 3 3 x 250ml",
    "category": "Huishouden en dieren",
    "price": 2.52,
    "promoPrice": null,
    "pricePerUnit": "None None",
    "image": "https://www.jumbo.com/dam-images/fit-in/360x360/Products/20259390db6ce04c-3e7e-439a-8405-e8881e92ab5e-1753710517884.png",
    "available": true,
    "promoUntil": null
  },
  {
    "id": "710653ZK",
    "title": "Jumbo Verse Friet 700 g",
    "category": "Aardappelen, groente en fruit",
    "price": 1.89,
    "promoPrice": null,
    "pricePerUnit": "2.7 kg",
    "image": "https://www.jumbo.com/dam-images/fit-in/360x360/Products/22092025_1758533566530_1758533572660_8718452967414_1.png",
    "available": true,
    "promoUntil": null
  },
  {
    "id": "511871FLS",
    "title": "AriZona Granaatappel Green Tea 1 L",
    "category": "Frisdrank en sappen",
    "price": 2.29,
    "promoPrice": null,
    "pricePerUnit": "2.29 l",
    "image": "https://www.jumbo.com/dam-images/fit-in/360x360/Products/12122024_1734014600694_1734014604338_613008742379_1.png",
    "available": true,
    "promoUntil": null
  },
  {
    "id": "705173DS",
    "title": "BenBits Spearmint Kauwgom Fliptop",
    "category": "Koek, snoep, chocolade en chips",
    "price": 1.39,
    "promoPrice": null,
    "pricePerUnit": "77.22 kg",
    "image": "https://www.jumbo.com/dam-images/fit-in/360x360/Products/06092025_1757120963478_1757120965059_705173_DS_08720865414096_A1N1.png",
    "available": true,
    "promoUntil": null
  },
  {
    "id": "427631CUP",
    "title": "Finish Glans Protector voor de vaatwasser",
    "category": "Huishouden en dieren",
    "price": 7.99,
    "promoPrice": null,
    "pricePerUnit": "7.99 pieces",
    "image": "https://www.jumbo.com/dam-images/fit-in/360x360/Products/03072025_1751509929859_1751509937316_427631_CUP_05410036307922_C1N1.png",
    "available": true,
    "promoUntil": null
  },
  {
    "id": "163309PAK",
    "title": "Flower Brand Mihoen Rijstvermicelli 250 g",
    "category": "Wereldkeukens, kruiden, pasta en rijst",
    "price": 1.79,
    "promoPrice": null,
    "pricePerUnit": "7.16 kg",
    "image": "https://www.jumbo.com/dam-images/fit-in/360x360/Products/20122023_1703049346882_1703049356217_163309_PAK_08710161008228_C1N1.png",
    "available": true,
    "promoUntil": null
  },
  {
    "id": "189274STK",
    "title": "Jordan Zacht 6-9 Years Tandenborstel",
    "category": "Drogisterij en baby",
    "price": 2.69,
    "promoPrice": null,
    "pricePerUnit": "2.69 pieces",
    "image": "https://www.jumbo.com/dam-images/fit-in/360x360/Products/10082023_1691674906240_1691674915252_7038516220301_1.png",
    "available": true,
    "promoUntil": null
  },
  {
    "id": "170385TUB",
    "title": "Jumbo Nagellakremover 125 ml",
    "category": "Drogisterij en baby",
    "price": 1.15,
    "promoPrice": null,
    "pricePerUnit": "9.2 l",
    "image": "https://www.jumbo.com/dam-images/fit-in/360x360/Products/09082023_1691586111079_1691586116634_8718452142545_1.png",
    "available": true,
    "promoUntil": null
  },
  {
    "id": "592909STK",
    "title": "Jumbo Veger & Blik",
    "category": "Huishouden en dieren",
    "price": 3.0,
    "promoPrice": null,
    "pricePerUnit": "3.0 pieces",
    "image": "https://www.jumbo.com/dam-images/fit-in/360x360/Products/26092024_1727361163236_1727361167542_8718452772575_1.png",
    "available": true,
    "promoUntil": null
  },
  {
    "id": "349007STK",
    "title": "Jumbo Vloeibaar Wasmiddel Wit en Kleur 2 x 2,2L",
    "category": "Huishouden en dieren",
    "price": 9.38,
    "promoPrice": null,
    "pricePerUnit": "None None",
    "image": "https://www.jumbo.com/dam-images/fit-in/360x360/Products/349007STK1724b604d-15c3-4dc2-a0c9-e7c57d3773cb-1704898342744.png",
    "available": true,
    "promoUntil": null
  },
  {
    "id": "482528STK",
    "title": "Gaviscon Duo Suspensie bij brandend maagzuur, 150 ml",
    "category": "Drogisterij en baby",
    "price": 9.99,
    "promoPrice": null,
    "pricePerUnit": "66.6 l",
    "image": "https://www.jumbo.com/dam-images/fit-in/360x360/Products/22082025_1755820889635_1755820895444_5000158071254_1.png",
    "available": true,
    "promoUntil": null
  },
  {
    "id": "190742CUP",
    "title": "Cesar Primeur Maaltijdkuipje - Lam & Kalkoen - Hondenvoer - 150 g",
    "category": "Huishouden en dieren",
    "price": 1.77,
    "promoPrice": null,
    "pricePerUnit": "11.8 kg",
    "image": "https://www.jumbo.com/dam-images/fit-in/360x360/Products/08052025_1746707547021_1746707560359_4008429092794_596.png",
    "available": true,
    "promoUntil": null
  },
  {
    "id": "585963STK",
    "title": "Bierproeverij - Dors - 4 x 300ML",
    "category": "Bier en wijn",
    "price": 3.38,
    "promoPrice": null,
    "pricePerUnit": "None None",
    "image": "https://www.jumbo.com/dam-images/fit-in/360x360/Products/585963STKd9db27e3-3566-46aa-a381-ecbc2bd89db0-1703074982035.png",
    "available": false,
    "promoUntil": null
  },
  {
    "id": "465856STK",
    "title": "Best For Your Friend Hond Zalm 95gr",
    "category": "Huishouden en dieren",
    "price": 1.49,
    "promoPrice": null,
    "pricePerUnit": "15.68 kg",
    "image": "https://www.jumbo.com/dam-images/fit-in/360x360/Products/07082024_1722988892038_1722988899041_8712113606025_1.png",
    "available": true,
    "promoUntil": null
  },
  {
    "id": "489844PAK",
    "title": "Boursin Sjalot en Bieslook 150g",
    "category": "Vleeswaren, kaas en tapas",
    "price": 3.79,
    "promoPrice": null,
    "pricePerUnit": "25.27 kg",
    "image": "https://www.jumbo.com/dam-images/fit-in/360x360/Products/31032025_1743379206512_1743379210473_3175460030083_1.png",
    "available": true,
    "promoUntil": null
  },
  {
    "id": "190655CUP",
    "title": "Cesar Cuisine in Saus met Mals Kalf en Kalkoen 150 g",
    "category": "Huishouden en dieren",
    "price": 1.77,
    "promoPrice": null,
    "pricePerUnit": "11.8 kg",
    "image": "https://www.jumbo.com/dam-images/fit-in/360x360/Products/05092024_1725546868793_1725546882162_4008429092930_596.png",
    "available": true,
    "promoUntil": null
  },
  {
    "id": "578313FLS",
    "title": "Chateau Les Vieux - Ormes Lalande de Pomerol - 750ML",
    "category": "Bier en wijn",
    "price": 15.99,
    "promoPrice": null,
    "pricePerUnit": "21.32 l",
    "image": "https://www.jumbo.com/dam-images/fit-in/360x360/Products/22022024_1708623245948_1708623251113_3364610066229_1.png",
    "available": true,
    "promoUntil": null
  },
  {
    "id": "562375FLS",
    "title": "Chouffe - Houblon IPA - Fles - 330ML",
    "category": "Bier en wijn",
    "price": 2.89,
    "promoPrice": null,
    "pricePerUnit": "8.76 l",
    "image": "https://www.jumbo.com/dam-images/fit-in/360x360/Products/16092025_1757986096680_1757986098566_562375_FLS_05410769300085_A1N1.png",
    "available": true,
    "promoUntil": null
  },
  {
    "id": "681906STK",
    "title": "HEMA Zakdoeken 3 Stuks",
    "category": "Drogisterij en baby",
    "price": 5.99,
    "promoPrice": null,
    "pricePerUnit": "2.0 pieces",
    "image": "https://www.jumbo.com/dam-images/fit-in/360x360/Products/09082023_1691588097589_1691588103415_8718161581666_1.png",
    "available": true,
    "promoUntil": null
  },
  {
    "id": "542843BLS",
    "title": "Glade Sense & Spray Romantic Vanilla Blossom",
    "category": "Huishouden en dieren",
    "price": 8.99,
    "promoPrice": null,
    "pricePerUnit": "249.72 l",
    "image": "https://www.jumbo.com/dam-images/fit-in/360x360/Products/11102024_1728617262138_1728617266327_542843_BLS_05000204287516_C1N1.png",
    "available": true,
    "promoUntil": null
  },
  {
    "id": "500583FLS",
    "title": "Holyshot Ginger Lemon Organic Superjuice Shot 60 ml",
    "category": "Frisdrank en sappen",
    "price": 1.59,
    "promoPrice": null,
    "pricePerUnit": "26.5 l",
    "image": "https://www.jumbo.com/dam-images/fit-in/360x360/Products/12052025_1747038796105_1747038800973_5425032065011_1.png",
    "available": true,
    "promoUntil": null
  },
  {
    "id": "667696FLS",
    "title": "Hooghoudt Limonade Siroop Grenadine Smaak 700 ml",
    "category": "Frisdrank en sappen",
    "price": 3.79,
    "promoPrice": null,
    "pricePerUnit": "5.41 l",
    "image": "https://www.jumbo.com/dam-images/fit-in/360x360/Products/12122024_1734014403618_1734014408145_8710924340176_1.png",
    "available": true,
    "promoUntil": null
  },
  {
    "id": "404491DS",
    "title": "Jumbo Anti Kalk Tabletten voor in de Wasmachine 50 x 10 g",
    "category": "Huishouden en dieren",
    "price": 4.79,
    "promoPrice": null,
    "pricePerUnit": "0.1 wb",
    "image": "https://www.jumbo.com/dam-images/fit-in/360x360/Products/18092023_1695048102272_1695048113665_8718452489831_1.png",
    "available": true,
    "promoUntil": null
  },
  {
    "id": "471633ZK",
    "title": "FELIX® Party Mix Picnic met Kip-, Kaas- & Kalkoensmaak - Kattensnacks - 60g",
    "category": "Huishouden en dieren",
    "price": 1.63,
    "promoPrice": null,
    "pricePerUnit": "27.17 kg",
    "image": "https://www.jumbo.com/dam-images/fit-in/360x360/Products/23092025_1758599575467_1758599606146_471633_ZK_07613287595379_C1N1_s02.png",
    "available": true,
    "promoUntil": null
  },
  {
    "id": "579670STK",
    "title": "Jumbo Hondenvoer Topping met Kip en Wortel, Erwten, Appel 85 g",
    "category": "Huishouden en dieren",
    "price": 0.59,
    "promoPrice": null,
    "pricePerUnit": "6.94 kg",
    "image": "https://www.jumbo.com/dam-images/fit-in/360x360/Products/18012024_1705584844249_1705584852205_8718452729999_1.png",
    "available": true,
    "promoUntil": null
  },
  {
    "id": "638523ZK",
    "title": "Jumbo Kookbuiltjes Zilvervliesrijst 2 x 125 g",
    "category": "Wereldkeukens, kruiden, pasta en rijst",
    "price": 1.6,
    "promoPrice": null,
    "pricePerUnit": "6.4 kg",
    "image": "https://www.jumbo.com/dam-images/fit-in/360x360/Products/12122024_1734017703132_1734017711354_8718452825387_1.png",
    "available": true,
    "promoUntil": null
  },
  {
    "id": "192050ZK",
    "title": "Jumbo Mix van Pitten 125 g",
    "category": "Aardappelen, groente en fruit",
    "price": 2.99,
    "promoPrice": null,
    "pricePerUnit": "23.92 kg",
    "image": "https://www.jumbo.com/dam-images/fit-in/360x360/Products/25032024_1711381753547_1711381780421_8718452236114_1.png",
    "available": true,
    "promoUntil": null
  },
  {
    "id": "562134ZK",
    "title": "Jumbo Mix voor Gehakt met Uitjes 40 g",
    "category": "Wereldkeukens, kruiden, pasta en rijst",
    "price": 0.59,
    "promoPrice": null,
    "pricePerUnit": "14.75 kg",
    "image": "https://www.jumbo.com/dam-images/fit-in/360x360/Products/14022024_1707872532569_1707872540811_8718452721436_1.png",
    "available": true,
    "promoUntil": null
  },
  {
    "id": "620743CUP",
    "title": "Jumbo Olijven Zoet 140 g",
    "category": "Vleeswaren, kaas en tapas",
    "price": 2.19,
    "promoPrice": null,
    "pricePerUnit": "15.64 kg",
    "image": "https://www.jumbo.com/dam-images/fit-in/360x360/Products/13012025_1736786007814_1736786015394_8718452846863_1.png",
    "available": true,
    "promoUntil": null
  },
  {
    "id": "612722DS",
    "title": "Jumbo Sensitive Care Opzetborstels 4 Stuks",
    "category": "Drogisterij en baby",
    "price": 6.79,
    "promoPrice": null,
    "pricePerUnit": "1.7 pieces",
    "image": "https://www.jumbo.com/dam-images/fit-in/360x360/Products/05042024_1712334969592_1712334977480_8718452784547_596.png",
    "available": true,
    "promoUntil": null
  },
  {
    "id": "705648STK",
    "title": "Duracell Plus AA 4 Stuks",
    "category": "Non-food en servicebalie",
    "price": 8.19,
    "promoPrice": null,
    "pricePerUnit": "2.05 pieces",
    "image": "https://www.jumbo.com/dam-images/fit-in/360x360/Products/18062025_1750252776402_1750252778254_705648_STK_05000394176027_A1N1.png",
    "available": true,
    "promoUntil": null
  },
  {
    "id": "678337STK",
    "title": "HEMA Bord Papier Groot Gold Dot 8 Stuks",
    "category": "Non-food en servicebalie",
    "price": 1.99,
    "promoPrice": null,
    "pricePerUnit": "0.25 pieces",
    "image": "https://www.jumbo.com/dam-images/fit-in/360x360/Products/06022025_1738858552134_1738858556838_678337_STK_08720354509159_C1N1.png",
    "available": true,
    "promoUntil": null
  },
  {
    "id": "711393STK",
    "title": "Jumbo Paté met Zalm 4 x 400 g",
    "category": "Huishouden en dieren",
    "price": 3.4,
    "promoPrice": null,
    "pricePerUnit": "None None",
    "image": "https://www.jumbo.com/dam-images/fit-in/360x360/Products/20259459a6784623-cfd0-4f00-8b05-e256d821262d-1753710780168.png",
    "available": true,
    "promoUntil": null
  },
  {
    "id": "597164STK",
    "title": "Jumbo Snackgroente Tomaatjes en Komkommertjes",
    "category": "Aardappelen, groente en fruit",
    "price": 6.48,
    "promoPrice": null,
    "pricePerUnit": "None None",
    "image": "https://www.jumbo.com/dam-images/fit-in/360x360/Products/597164STK18a8e64ed-4547-426d-92cc-aa2d0d33c6fd-1698914753660.png",
    "available": true,
    "promoUntil": null
  },
  {
    "id": "688748ZK",
    "title": "Jumbo Snackmix Hot & Salty 200 g",
    "category": "Koek, snoep, chocolade en chips",
    "price": 2.49,
    "promoPrice": null,
    "pricePerUnit": "12.45 kg",
    "image": "https://www.jumbo.com/dam-images/fit-in/360x360/Products/05082025_1754357890073_1754357911242_688748_ZK_08718452904402_C1N1.png",
    "available": true,
    "promoUntil": null
  },
  {
    "id": "610176FLS",
    "title": "Barton & Guestier - Merlot Réserve - 375ML",
    "category": "Bier en wijn",
    "price": 3.99,
    "promoPrice": null,
    "pricePerUnit": "10.64 l",
    "image": "https://www.jumbo.com/dam-images/fit-in/360x360/Products/22072024_1721659042845_1721659047677_3035130776201_1.png",
    "available": true,
    "promoUntil": null
  },
  {
    "id": "689599ZK",
    "title": "Gillette Blue 3 Smooth Wegwerpmesjes x6",
    "category": "Drogisterij en baby",
    "price": 5.69,
    "promoPrice": null,
    "pricePerUnit": "0.95 pieces",
    "image": "https://www.jumbo.com/dam-images/fit-in/360x360/Products/20092025_1758337655974_1758337657287_689599_ZK_08700216023092_C1N1.png",
    "available": true,
    "promoUntil": null
  },
  {
    "id": "656035ZK",
    "title": "Bernard Jarnoux Crêpier Bretonse Crêpes met Verse Melk 8 Stuks 200 g",
    "category": "Verse maaltijden en gemak",
    "price": 2.89,
    "promoPrice": null,
    "pricePerUnit": "0.36 pieces",
    "image": "https://www.jumbo.com/dam-images/fit-in/360x360/Products/22082025_1755851588104_1755851594144_3336413247624_1.png",
    "available": true,
    "promoUntil": null
  },
  {
    "id": "386406STK",
    "title": "Emmi Raclette Classic Kaas 200 g",
    "category": "Vleeswaren, kaas en tapas",
    "price": 4.29,
    "promoPrice": null,
    "pricePerUnit": "21.45 kg",
    "image": "https://www.jumbo.com/dam-images/fit-in/360x360/Products/30072024_1722306382759_1722306386351_386406_STK_07610900133901_C1N1.png",
    "available": true,
    "promoUntil": null
  },
  {
    "id": "206428FLS",
    "title": "Fever-Tree Premium Indian Tonic Water 500 ml",
    "category": "Frisdrank en sappen",
    "price": 3.49,
    "promoPrice": null,
    "pricePerUnit": "6.98 l",
    "image": "https://www.jumbo.com/dam-images/fit-in/360x360/Products/05092023_1693882217889_1693882220263_206428_FLS_05060108450263_C1N1.png",
    "available": true,
    "promoUntil": null
  }
]