[
  {
    "id": "187202STK",
    "title": "Apetina Original White Cheese in Brine 410 g",
    "category": "Vleeswaren, kaas en tapas",
    "price": 3.19,
    "promoPrice": null,
    "pricePerUnit": "15.95 kg",
    "image": "https://www.jumbo.com/dam-images/fit-in/360x360/Products/13062025_1749825269180_1749825279662_5711953182792_1.png",
    "available": true,
    "promoUntil": null
  },
  {
    "id": "621838ZK",
    "title": "Jumbo Fijngesneden Prei 200g",
    "category": "Aardappelen, groente en fruit",
    "price": 1.09,
    "promoPrice": null,
    "pricePerUnit": "5.45 kg",
    "image": "https://www.jumbo.com/dam-images/fit-in/360x360/Products/31052024_1717151660871_1717151667934_8718452826803_1.png",
    "available": true,
    "promoUntil": null
  },
  {
    "id": "528125ZK",
    "title": "Jumbo Biologisch Rucola 40 g",
    "category": "Aardappelen, groente en fruit",
    "price": 1.39,
    "promoPrice": null,
    "pricePerUnit": "34.75 kg",
    "image": "https://www.jumbo.com/dam-images/fit-in/360x360/Products/06062024_1717691711949_1717691719066_8718452793396_1.png",
    "available": true,
    "promoUntil": null
  },
  {
    "id": "385148DSL",
    "title": "Kips Kleintje Vega Smeerworst 6 x 6 x 20 g",
    "category": "Vleeswaren, kaas en tapas",
    "price": 12.48,
    "promoPrice": null,
    "pricePerUnit": "17.33 kg",
    "image": "https://www.jumbo.com/dam-images/fit-in/360x360/Products/385148DSL-1692282841312.png",
    "available": true,
    "promoUntil": null
  },
  {
    "id": "506620BUS",
    "title": "La Baleine Fijn Zeezout 500 g",
    "category": "Wereldkeukens, kruiden, pasta en rijst",
    "price": 2.49,
    "promoPrice": null,
    "pricePerUnit": "4.98 kg",
    "image": "https://www.jumbo.com/dam-images/fit-in/360x360/Products/28082025_1756345342206_1756345354200_506620_BUS_03183280013766_C1N1.png",
    "available": true,
    "promoUntil": null
  },
  {
    "id": "60296FLS",
    "title": "Marqués de Montañana - Garnacha - 750 ML",
    "category": "Bier en wijn",
    "price": 7.99,
    "promoPrice": null,
    "pricePerUnit": "10.65 l",
    "image": "https://www.jumbo.com/dam-images/fit-in/360x360/Products/09082023_1691586201256_1691586205209_8437003286377_1.png",
    "available": true,
    "promoUntil": null
  },
  {
    "id": "87876ZK",
    "title": "Schär Chicken Fingers Glutenvrij 15 stuks 375g ",
    "category": "Diepvries",
    "price": 5.49,
    "promoPrice": null,
    "pricePerUnit": "14.64 kg",
    "image": "https://www.jumbo.com/dam-images/fit-in/360x360/Products/29072025_1753799573259_1753799579882_8008698006771_1.png",
    "available": true,
    "promoUntil": null
  },
  {
    "id": "603193PAK",
    "title": "Amstel - Pilsener - Blik Voordeelpack - 7+1 x 330ML",
    "category": "Bier en wijn",
    "price": 7.0,
    "promoPrice": null,
    "pricePerUnit": "2.65 l",
    "image": "https://www.jumbo.com/dam-images/fit-in/360x360/Products/07012025_1736267695486_1736267700185_8712000061548_1.png",
    "available": true,
    "promoUntil": null
  },
  {
    "id": "420153PAK",
    "title": "CoolBest Pulp Free Orange 1 L",
    "category": "",
    "price": 3.99,
    "promoPrice": null,
    "pricePerUnit": "3.99 l",
    "image": "https://www.jumbo.com/dam-images/fit-in/360x360/Products/28062025_1751072904321_1751072930995_420153_PAK_08720157464433_C1N1.png",
    "available": true,
    "promoUntil": null
  },
  {
    "id": "560130ZK",
    "title": "HEMA Vorken Hout - 10 stuks",
    "category": "Non-food en servicebalie",
    "price": 1.39,
    "promoPrice": null,
    "pricePerUnit": "0.14 pieces",
    "image": "https://www.jumbo.com/dam-images/fit-in/360x360/Products/09082023_1691588066589_1691588113274_8720354028032_1.png",
    "available": true,
    "promoUntil": null
  },
  {
    "id": "349896DS",
    "title": "Jumbo Passievrucht Blokjes 250 g",
    "category": "Diepvries",
    "price": 2.53,
    "promoPrice": null,
    "pricePerUnit": "10.12 kg",
    "image": "https://www.jumbo.com/dam-images/fit-in/360x360/Products/14022024_1707872789119_1707872795909_8718452676927_1.png",
    "available": true,
    "promoUntil": null
  },
  {
    "id": "628624DS",
    "title": "FELIX® Elke Dag Feest Countryside Selectie Kattenvoer 44x85g",
    "category": "Huishouden en dieren",
    "price": 24.19,
    "promoPrice": null,
    "pricePerUnit": "6.47 kg",
    "image": "https://www.jumbo.com/dam-images/fit-in/360x360/Products/19062025_1750297707357_1750297722989_628624_DS_07613287502193_C1N1_s02.png",
    "available": true,
    "promoUntil": null
  },
  {
    "id": "197908DS",
    "title": "Van Dobben Kalfsvlees Croquetten 6 x 80 g",
    "category": "Diepvries",
    "price": 4.89,
    "promoPrice": null,
    "pricePerUnit": "10.19 kg",
    "image": "https://www.jumbo.com/dam-images/fit-in/360x360/Products/05062025_1749086404660_1749086423606_197908_DS_08710861999055_H1N1_R.png",
    "available": true,
    "promoUntil": null
  },
  {
    "id": "772313DS",
    "title": "Viennetta Dessertijs Vanille 650 ml",
    "category": "Diepvries",
    "price": 3.89,
    "promoPrice": null,
    "pricePerUnit": "5.98 l",
    "image": "https://www.jumbo.com/dam-images/fit-in/360x360/Products/05062025_1749119590501_1749119597361_8000920200025_1.png",
    "available": true,
    "promoUntil": null
  },
  {
    "id": "677580ZK",
    "title": "Pampers Premium Protection Maat 4, 25 Luiers",
    "category": "Drogisterij en baby",
    "price": 14.49,
    "promoPrice": null,
    "pricePerUnit": "0.58 pieces",
    "image": "https://www.jumbo.com/dam-images/fit-in/360x360/Products/14082025_1755192782870_1755192788141_8700216664752_1.png",
    "available": true,
    "promoUntil": null
  },
  {
    "id": "699986ZK",
    "title": "Jumbo Erwten 450 g",
    "category": "Diepvries",
    "price": 1.18,
    "promoPrice": null,
    "pricePerUnit": "2.62 kg",
    "image": "https://www.jumbo.com/dam-images/fit-in/360x360/Products/22052025_1747913605456_1747913617292_8718452861996_596.png",
    "available": true,
    "promoUntil": null
  },
  {
    "id": "554139BUS",
    "title": "Teisseire Zero Suiker Grenadine Siroop 60 cl",
    "category": "Frisdrank en sappen",
    "price": 4.25,
    "promoPrice": null,
    "pricePerUnit": "7.08 l",
    "image": "https://www.jumbo.com/dam-images/fit-in/360x360/Products/18092025_1758159244218_1758159253394_554139_BUS_03092718637927_C1N1.png",
    "available": true,
    "promoUntil": null
  },
  {
    "id": "590007FLS",
    "title": "PB Gedemineraliseerd Water 1 L",
    "category": "Huishouden en dieren",
    "price": 0.85,
    "promoPrice": null,
    "pricePerUnit": "0.85 l",
    "image": "https://www.jumbo.com/dam-images/fit-in/360x360/Products/28092023_1695920048936_1695920079367_8719324686242_1.png",
    "available": true,
    "promoUntil": null
  },
  {
    "id": "584241PAK",
    "title": "Blue Wonder Disinfect & Cleaning Wipes 72 Stuks",
    "category": "Huishouden en dieren",
    "price": 4.75,
    "promoPrice": null,
    "pricePerUnit": "0.07 pieces",
    "image": "https://www.jumbo.com/dam-images/fit-in/360x360/Products/07012025_1736216967305_1736216971974_584241_PAK_08712038000687_C1N1.png",
    "available": true,
    "promoUntil": null
  },
  {
    "id": "675874DS",
    "title": "Magnum Mini IJs Utopia Double Hazelnut 6 x 55 ml",
    "category": "Diepvries",
    "price": 6.79,
    "promoPrice": null,
    "pricePerUnit": "20.58 l",
    "image": "https://www.jumbo.com/dam-images/fit-in/360x360/Products/17092025_1758071499554_1758071547115_675874_DS_08711327662773_H1N1.png",
    "available": true,
    "promoUntil": null
  },
  {
    "id": "586879TAS",
    "title": "Jumbo's Raviolini Vlees 500 g",
    "category": "Wereldkeukens, kruiden, pasta en rijst",
    "price": 2.89,
    "promoPrice": null,
    "pricePerUnit": "5.78 kg",
    "image": "https://www.jumbo.com/dam-images/fit-in/360x360/Products/07072025_1751887995563_1751888002632_8718452832651_1.png",
    "available": true,
    "promoUntil": null
  },
  {
    "id": "568410CUP",
    "title": "Jumbo Dip Mascarpone Chili 110 g",
    "category": "Vleeswaren, kaas en tapas",
    "price": 2.49,
    "promoPrice": null,
    "pricePerUnit": "22.64 kg",
    "image": "https://www.jumbo.com/dam-images/fit-in/360x360/Products/14022024_1707873255846_1707873263383_8718452748075_1.png",
    "available": true,
    "promoUntil": null
  },
  {
    "id": "476222DS",
    "title": "Jumbo Verspakket Indiase Tikka Masala 4 Personen",
    "category": "Wereldkeukens, kruiden, pasta en rijst",
    "price": 5.49,
    "promoPrice": null,
    "pricePerUnit": "3.56 kg",
    "image": "https://www.jumbo.com/dam-images/fit-in/360x360/Products/10062025_1749547947004_1749547955819_8718452660414_1.png",
    "available": true,
    "promoUntil": null
  },
  {
    "id": "218604STK",
    "title": "Palmolive Basics Fris en Volume Shampoo 350 ml",
    "category": "Drogisterij en baby",
    "price": 2.39,
    "promoPrice": null,
    "pricePerUnit": "6.83 l",
    "image": "https://www.jumbo.com/dam-images/fit-in/360x360/Products/09082023_1691587589197_1691587593417_8718951065826_1.png",
    "available": true,
    "promoUntil": null
  },
  {
    "id": "643122FLS",
    "title": "Sel Wasbenzine 1000 ml",
    "category": "Huishouden en dieren",
    "price": 3.19,
    "promoPrice": null,
    "pricePerUnit": "3.19 l",
    "image": "https://www.jumbo.com/dam-images/fit-in/360x360/Products/10082023_1691674908212_1691674921762_8710744042007_1.png",
    "available": true,
    "promoUntil": null
  },
  {
    "id": "582771POT",
    "title": "Grand'Italia Pesto alla Genovese 90 g",
    "category": "Wereldkeukens, kruiden, pasta en rijst",
    "price": 2.56,
    "promoPrice": null,
    "pricePerUnit": "28.44 kg",
    "image": "https://www.jumbo.com/dam-images/fit-in/360x360/Products/20062025_1750382737178_1750382744414_582771_POT_00000080024095_H1N1.png",
    "available": true,
    "promoUntil": null
  },
  {
    "id": "617392FLS",
    "title": "Jumbo Verse Smoothie Mango & Passievrucht 750ML",
    "category": "Aardappelen, groente en fruit",
    "price": 3.85,
    "promoPrice": null,
    "pricePerUnit": "5.13 l",
    "image": "https://www.jumbo.com/dam-images/fit-in/360x360/Products/12122024_1734014942161_1734014946040_8718452863679_1.png",
    "available": true,
    "promoUntil": null
  },
  {
    "id": "640495TRA",
    "title": "Jumbo's Saté Gehaktballetjes met Nasi Goreng Zilvervliesrijst Proteïnerijk 475 g",
    "category": "Verse maaltijden en gemak",
    "price": 6.49,
    "promoPrice": null,
    "pricePerUnit": "13.66 kg",
    "image": "https://www.jumbo.com/dam-images/fit-in/360x360/Products/10122024_1733830367611_1733830389511_8718452854776_1.png",
    "available": true,
    "promoUntil": null
  },
  {
    "id": "135989DSL",
    "title": "Doritos Bits Zero's Sweet Paprika Chips 30 x 33 gr",
    "category": "Koek, snoep, chocolade en chips",
    "price": 12.63,
    "promoPrice": null,
    "pricePerUnit": "14.03 kg",
    "image": "https://www.jumbo.com/dam-images/fit-in/360x360/Products/135989DSL14223a1b9-6692-4e5f-88e5-25d30e9a37de-1694699211139.png",
    "available": true,
    "promoUntil": null
  },
  {
    "id": "572901ZK",
    "title": "Jumbo Hazelnoten Ongezouten 200 g",
    "category": "Koek, snoep, chocolade en chips",
    "price": 3.29,
    "promoPrice": null,
    "pricePerUnit": "16.45 kg",
    "image": "https://www.jumbo.com/dam-images/fit-in/360x360/Products/14022024_1707872954446_1707872959978_8718452723768_1.png",
    "available": true,
    "promoUntil": null
  },
  {
    "id": "600969ZK",
    "title": "Jumbo Grillworst Naturel 230 g",
    "category": "Vleeswaren, kaas en tapas",
    "price": 3.5,
    "promoPrice": null,
    "pricePerUnit": "15.22 kg",
    "image": "https://www.jumbo.com/dam-images/fit-in/360x360/Products/12022024_1707726852668_1707726860146_8718452804818_1.png",
    "available": true,
    "promoUntil": null
  },
  {
    "id": "865605FLS",
    "title": "Zwarte Kip - Advocaat - 500ML",
    "category": "Bier en wijn",
    "price": 6.09,
    "promoPrice": null,
    "pricePerUnit": "12.18 l",
    "image": "https://www.jumbo.com/dam-images/fit-in/360x360/Products/09082023_1691584711286_1691584721546_8716000964632_1.png",
    "available": true,
    "promoUntil": null
  },
  {
    "id": "405276ZK",
    "title": "Jumbo Knapperige Cheese Onion Chips 250 g",
    "category": "Koek, snoep, chocolade en chips",
    "price": 1.35,
    "promoPrice": null,
    "pricePerUnit": "5.4 kg",
    "image": "https://www.jumbo.com/dam-images/fit-in/360x360/Products/09082023_1691587629757_1691587639059_8718452497997_1.png",
    "available": true,
    "promoUntil": null
  },
  {
    "id": "564480KGR",
    "title": "Beemster Kaas Oud 30+ Plakken ca. 175 g",
    "category": "Vleeswaren, kaas en tapas",
    "price": 4.55,
    "promoPrice": null,
    "pricePerUnit": "25.99 kg",
    "image": "https://www.jumbo.com/dam-images/fit-in/360x360/Products/10052024_1715351655995_1715351662314_2336056000000_1.png",
    "available": true,
    "promoUntil": null
  },
  {
    "id": "367992FLS",
    "title": "San Benedetto Natuurlijk Mineraal Water Bruisend 1 L",
    "category": "Frisdrank en sappen",
    "price": 1.31,
    "promoPrice": null,
    "pricePerUnit": "1.31 l",
    "image": "https://www.jumbo.com/dam-images/fit-in/360x360/Products/09082023_1691587248270_1691587255578_8001620003237_1.png",
    "available": true,
    "promoUntil": null
  },
  {
    "id": "616780BLK",
    "title": "Euroma Curry Madras by Jonnie Boer",
    "category": "Wereldkeukens, kruiden, pasta en rijst",
    "price": 3.29,
    "promoPrice": null,
    "pricePerUnit": "55.76 kg",
    "image": "https://www.jumbo.com/dam-images/fit-in/360x360/Products/03062024_1717420814867_1717420822847_8717600351624_1.png",
    "available": true,
    "promoUntil": null
  },
  {
    "id": "100005PAK",
    "title": "Toffifee a Hazelnut in Caramel with Creamy Nougat and Chocolate 15 Stuks 125 g",
    "category": "Koek, snoep, chocolade en chips",
    "price": 1.89,
    "promoPrice": null,
    "pricePerUnit": "15.12 kg",
    "image": "https://www.jumbo.com/dam-images/fit-in/360x360/Products/04092025_1756999991709_1756999998233_4014400400007_1.png",
    "available": true,
    "promoUntil": null
  },
  {
    "id": "521760DS",
    "title": "Honig Basis voor Hachee 63 g",
    "category": "Wereldkeukens, kruiden, pasta en rijst",
    "price": 1.99,
    "promoPrice": null,
    "pricePerUnit": "31.59 kg",
    "image": "https://www.jumbo.com/dam-images/fit-in/360x360/Products/08072025_1751937205046_1751937214197_521760_DS_08714700170391_H1N1.png",
    "available": true,
    "promoUntil": null
  },
  {
    "id": "542838BUS",
    "title": "Glade Pure Clean Linen 300 ml",
    "category": "Huishouden en dieren",
    "price": 2.29,
    "promoPrice": null,
    "pricePerUnit": "7.63 l",
    "image": "https://www.jumbo.com/dam-images/fit-in/360x360/Products/22092025_1758548011255_1758548025052_5000204286878_1.png",
    "available": true,
    "promoUntil": null
  },
  {
    "id": "640564KGR",
    "title": "Jumbo Bacon ca. 115 g",
    "category": "Vleeswaren, kaas en tapas",
    "price": 3.0,
    "promoPrice": null,
    "pricePerUnit": "26.09 kg",
    "image": "https://www.jumbo.com/dam-images/fit-in/360x360/Products/12122024_1734014925208_1734014932928_2378629000000_1.png",
    "available": true,
    "promoUntil": null
  },
  {
    "id": "656684KGR",
    "title": "Jumbo Goudse Kaas 30+ Jong Belegen Plakken ca. 230 g",
    "category": "Vleeswaren, kaas en tapas",
    "price": 3.91,
    "promoPrice": null,
    "pricePerUnit": "16.99 kg",
    "image": "https://www.jumbo.com/dam-images/fit-in/360x360/Products/16072024_1721144059400_1721144063284_2369002000000_1.png",
    "available": true,
    "promoUntil": null
  },
  {
    "id": "683330ZK",
    "title": "Jumbo Surimi Sticks 200 g",
    "category": "Vlees, vis en vega",
    "price": 1.69,
    "promoPrice": null,
    "pricePerUnit": "8.45 kg",
    "image": "https://www.jumbo.com/dam-images/fit-in/360x360/Products/10082023_1691675598024_1691675607323_8718452540693_1.png",
    "available": true,
    "promoUntil": null
  },
  {
    "id": "398033ZK",
    "title": "Jumbo Ribbel Sour Cream Onion Chips 250 g",
    "category": "Koek, snoep, chocolade en chips",
    "price": 1.39,
    "promoPrice": null,
    "pricePerUnit": "5.56 kg",
    "image": "https://www.jumbo.com/dam-images/fit-in/360x360/Products/09082023_1691587629551_1691587636306_8718452498017_1.png",
    "available": true,
    "promoUntil": null
  },
  {
    "id": "651800BUS",
    "title": "Pringles Original 165 g",
    "category": "Koek, snoep, chocolade en chips",
    "price": 2.69,
    "promoPrice": null,
    "pricePerUnit": "16.3 kg",
    "image": "https://www.jumbo.com/dam-images/fit-in/360x360/Products/23072025_1753233770125_1753233777924_651800_BUS_.png",
    "available": true,
    "promoUntil": null
  },
  {
    "id": "533399FLS",
    "title": "Marcel's Green Soap Allesreiniger Spray Sandelhout & Kardemom - 500ml",
    "category": "Huishouden en dieren",
    "price": 3.49,
    "promoPrice": null,
    "pricePerUnit": "6.98 l",
    "image": "https://www.jumbo.com/dam-images/fit-in/360x360/Products/31102024_1730340471682_1730340475978_533399_FLS_08719189416077_C1N1.png",
    "available": true,
    "promoUntil": null
  },
  {
    "id": "532088KGR",
    "title": "Jumbo Goudse Kaas Jong Belegen 30+ Stuk ca. 455 g",
    "category": "Vleeswaren, kaas en tapas",
    "price": 6.82,
    "promoPrice": null,
    "pricePerUnit": "14.99 kg",
    "image": "https://www.jumbo.com/dam-images/fit-in/360x360/Products/05022024_1707150792234_1707150804453_2335948000000_1.png",
    "available": true,
    "promoUntil": null
  },
  {
    "id": "679301PAK",
    "title": "Sanpellegrino Limonade Limonata 6 x 330 ml",
    "category": "Frisdrank en sappen",
    "price": 7.99,
    "promoPrice": null,
    "pricePerUnit": "4.04 l",
    "image": "https://www.jumbo.com/dam-images/fit-in/360x360/Products/28032025_1743157994790_1743158004103_8002270936760_1.png",
    "available": true,
    "promoUntil": null
  },
  {
    "id": "195432STK",
    "title": "Jumbo Wok Noodles 300 g",
    "category": "Wereldkeukens, kruiden, pasta en rijst",
    "price": 2.49,
    "promoPrice": null,
    "pricePerUnit": "8.3 kg",
    "image": "https://www.jumbo.com/dam-images/fit-in/360x360/Products/09092025_1757421312187_1757421322775_8718452276455_1.png",
    "available": true,
    "promoUntil": null
  },
  {
    "id": "552717PAK",
    "title": "Heineken Premium Pilsener Bier Blik 7+1 x 500ml",
    "category": "Bier en wijn",
    "price": 10.29,
    "promoPrice": null,
    "pricePerUnit": "2.57 l",
    "image": "https://www.jumbo.com/dam-images/fit-in/360x360/Products/07012025_1736267674541_1736267679171_8712000060343_1.png",
    "available": true,
    "promoUntil": null
  },
  {
    "id": "719501BAK",
    "title": "Johma Rundvleessalade 500 g",
    "category": "Verse maaltijden en gemak",
    "price": 2.99,
    "promoPrice": null,
    "pricePerUnit": "5.98 kg",
    "image": "https://www.jumbo.com/dam-images/fit-in/360x360/Products/08032025_1741401571002_1741401584647_719501_BAK_00000087209297_C1N1.png",
    "available": true,
    "promoUntil": null
  },
  {
    "id": "143935ZK",
    "title": "Iglo Roerbak Sensatie Tagliatelle Funghi met paddenstoelenmix 450 g",
    "category": "Diepvries",
    "price": 5.5,
    "promoPrice": null,
    "pricePerUnit": "12.22 kg",
    "image": "https://www.jumbo.com/dam-images/fit-in/360x360/Products/02082025_1754099859303_1754099874434_143935_ZK_08717774265222_C1N1.png",
    "available": true,
    "promoUntil": null
  },
  {
    "id": "368780DS",
    "title": "Consenza Gluten Free Rundvlees Kroketten 4 Stuks 320 g",
    "category": "Diepvries",
    "price": 6.92,
    "promoPrice": null,
    "pricePerUnit": "21.63 kg",
    "image": "https://www.jumbo.com/dam-images/fit-in/360x360/Products/11092025_1757554750825_1757554761352_368780_DS_08717496860750_C1N1.png",
    "available": true,
    "promoUntil": null
  },
  {
    "id": "685932DS",
    "title": "Omo XXL Waspoeder Wit 65 Wasbeurten",
    "category": "Huishouden en dieren",
    "price": 18.5,
    "promoPrice": null,
    "pricePerUnit": "0.28 wb",
    "image": "https://www.jumbo.com/dam-images/fit-in/360x360/Products/11032025_1741704682415_1741704720756_685932_DS_08720181605208_C1N1.png",
    "available": true,
    "promoUntil": null
  },
  {
    "id": "651996DS",
    "title": "Jumbo Sous-Vide Sukade Lappen 300 g",
    "category": "Vlees, vis en vega",
    "price": 5.99,
    "promoPrice": null,
    "pricePerUnit": "19.97 kg",
    "image": "https://www.jumbo.com/dam-images/fit-in/360x360/Products/11112024_1731328378158_1731328387623_8718452700455_1.png",
    "available": true,
    "promoUntil": null
  },
  {
    "id": "191012STK",
    "title": "Jumbo Biologisch Aubergine 1 Stuk",
    "category": "Aardappelen, groente en fruit",
    "price": 1.49,
    "promoPrice": null,
    "pricePerUnit": "1.49 pieces",
    "image": "https://www.jumbo.com/dam-images/fit-in/360x360/Products/26032025_1743006790556_1743006795982_8718452651351_1.png",
    "available": true,
    "promoUntil": null
  },
  {
    "id": "557792ZK",
    "title": "Jumbo Radijs 200 g",
    "category": "Aardappelen, groente en fruit",
    "price": 0.69,
    "promoPrice": null,
    "pricePerUnit": "3.45 kg",
    "image": "https://www.jumbo.com/dam-images/fit-in/360x360/Products/09082023_1691594377258_1691594389159_8718452730353_1.png",
    "available": true,
    "promoUntil": null
  },
  {
    "id": "349020STK",
    "title": "Jumbo - Suikerbrood - 450 g",
    "category": "Brood en gebak",
    "price": 2.49,
    "promoPrice": null,
    "pricePerUnit": "5.53 kg",
    "image": "https://www.jumbo.com/dam-images/fit-in/360x360/Products/04082025_1754292812829_1754292817263_8718452705115_1.png",
    "available": true,
    "promoUntil": null
  },
  {
    "id": "664559ZK",
    "title": "Red Band Duo Winegums Zoet Zuur Voordeelverpakking 290 g",
    "category": "Koek, snoep, chocolade en chips",
    "price": 3.36,
    "promoPrice": null,
    "pricePerUnit": "11.59 kg",
    "image": "https://www.jumbo.com/dam-images/fit-in/360x360/Products/12122024_1733970101955_1733970112019_664559_ZK_08713800255304_H1N1.png",
    "available": true,
    "promoUntil": null
  },
  {
    "id": "504983DS",
    "title": "Colgate Blue Fresh Gel Tandpasta Voordeelverpakking 4 x 75 ml",
    "category": "Drogisterij en baby",
    "price": 7.49,
    "promoPrice": null,
    "pricePerUnit": "1.87 pieces",
    "image": "https://www.jumbo.com/dam-images/fit-in/360x360/Products/16082024_1723770819260_1723770823519_504983_DS_08718951362758_C1N1.png",
    "available": true,
    "promoUntil": null
  },
  {
    "id": "613393BAK",
    "title": "Hertog IJs IJssalon Vegan Vanille 825 ml",
    "category": "Diepvries",
    "price": 5.49,
    "promoPrice": null,
    "pricePerUnit": "6.65 l",
    "image": "https://www.jumbo.com/dam-images/fit-in/360x360/Products/23122024_1734920011175_1734920059004_613393_BAK_08711327618701_H1N1.png",
    "available": true,
    "promoUntil": null
  },
  {
    "id": "439026ZK",
    "title": "Jumbo Banaan Schuim Zoet & Zacht 250 g",
    "category": "Koek, snoep, chocolade en chips",
    "price": 1.69,
    "promoPrice": null,
    "pricePerUnit": "6.76 kg",
    "image": "https://www.jumbo.com/dam-images/fit-in/360x360/Products/29092023_1695995260086_1695995264798_8718452534050_1.png",
    "available": true,
    "promoUntil": null
  },
  {
    "id": "42779PAK",
    "title": "Jumbo Aardbeiengebakjes met Vulling 300 g",
    "category": "Koek, snoep, chocolade en chips",
    "price": 1.99,
    "promoPrice": null,
    "pricePerUnit": "6.63 kg",
    "image": "https://www.jumbo.com/dam-images/fit-in/360x360/Products/26032025_1742974366652_1742974370887_8718452387809_1.png",
    "available": true,
    "promoUntil": null
  },
  {
    "id": "541933DS",
    "title": "Ariel PODS+, Wasmiddelcapsules 12",
    "category": "Huishouden en dieren",
    "price": 11.87,
    "promoPrice": null,
    "pricePerUnit": "0.99 wb",
    "image": "https://www.jumbo.com/dam-images/fit-in/360x360/Products/01032024_1709285647324_1709285656746_8006540927038_1.png",
    "available": true,
    "promoUntil": null
  },
  {
    "id": "623046PAK",
    "title": "Jumbo Melkchocolade 100 g",
    "category": "Koek, snoep, chocolade en chips",
    "price": 1.87,
    "promoPrice": null,
    "pricePerUnit": "18.7 kg",
    "image": "https://www.jumbo.com/dam-images/fit-in/360x360/Products/23052025_1748010788689_1748010799291_8718452876983_596.png",
    "available": true,
    "promoUntil": null
  },
  {
    "id": "669724DS",
    "title": "LENOR PODS Wascapsules 15 Wasbeurten, Amber & Orchidee",
    "category": "Huishouden en dieren",
    "price": 13.29,
    "promoPrice": null,
    "pricePerUnit": "0.89 pieces",
    "image": "https://www.jumbo.com/dam-images/fit-in/360x360/Products/14082025_1755200015434_1755200022732_8700216708197_1.png",
    "available": true,
    "promoUntil": null
  },
  {
    "id": "450268PAK",
    "title": "Apple Bandit Juicy Apple 0.0 Cider Fles 6 x 300ml",
    "category": "Bier en wijn",
    "price": 7.29,
    "promoPrice": null,
    "pricePerUnit": "4.05 l",
    "image": "https://www.jumbo.com/dam-images/fit-in/360x360/Products/07012025_1736267695042_1736267700147_8712000057657_1.png",
    "available": true,
    "promoUntil": null
  },
  {
    "id": "633959CUP",
    "title": "Jumbo Snackbal Pittig 135 g",
    "category": "Vleeswaren, kaas en tapas",
    "price": 2.59,
    "promoPrice": null,
    "pricePerUnit": "19.19 kg",
    "image": "https://www.jumbo.com/dam-images/fit-in/360x360/Products/30092024_1727706764433_1727706773973_8718452858606_1.png",
    "available": true,
    "promoUntil": null
  },
  {
    "id": "476223DS",
    "title": "Jumbo Verspakket Japanse Teriyaki 4 Personen",
    "category": "Wereldkeukens, kruiden, pasta en rijst",
    "price": 5.49,
    "promoPrice": null,
    "pricePerUnit": "5.6 kg",
    "image": "https://www.jumbo.com/dam-images/fit-in/360x360/Products/02092025_1756820007729_1756820016584_8718452658831_1.png",
    "available": true,
    "promoUntil": null
  },
  {
    "id": "366835ZK",
    "title": "Grand'Italia Mini Conchiglie Tradizionali 350 g",
    "category": "Wereldkeukens, kruiden, pasta en rijst",
    "price": 1.97,
    "promoPrice": null,
    "pricePerUnit": "5.63 kg",
    "image": "https://www.jumbo.com/dam-images/fit-in/360x360/Products/08032025_1741402279142_1741402289053_366835_ZK_08000050026915_H1N1.png",
    "available": true,
    "promoUntil": null
  },
  {
    "id": "37277FLS",
    "title": "Excellence - Merlot - Pays d'Oc IGP - 750ML",
    "category": "Bier en wijn",
    "price": 4.99,
    "promoPrice": null,
    "pricePerUnit": "6.65 l",
    "image": "https://www.jumbo.com/dam-images/fit-in/360x360/Products/09082023_1691586970529_1691586973922_3760165910305_1.png",
    "available": true,
    "promoUntil": null
  },
  {
    "id": "678975FLS",
    "title": "AXE 3-in-1 Douchegel Dark Temptation 400 ML",
    "category": "Drogisterij en baby",
    "price": 7.79,
    "promoPrice": null,
    "pricePerUnit": "19.48 l",
    "image": "https://www.jumbo.com/dam-images/fit-in/360x360/Products/19092025_1758244792900_1758244818830_678975_FLS_08710447284094_H1N1.png",
    "available": true,
    "promoUntil": null
  },
  {
    "id": "704034CUP",
    "title": "Robijn Classics 3-in-1 Wascapsules Color 26 wasbeurten",
    "category": "Huishouden en dieren",
    "price": 18.69,
    "promoPrice": null,
    "pricePerUnit": "0.72 wb",
    "image": "https://www.jumbo.com/dam-images/fit-in/360x360/Products/11062025_1749666770387_1749666775825_8720181747755_1.png",
    "available": true,
    "promoUntil": null
  },
  {
    "id": "392413ZK",
    "title": "Galbani Mozzarella 125 g",
    "category": "Vleeswaren, kaas en tapas",
    "price": 1.87,
    "promoPrice": null,
    "pricePerUnit": "14.96 kg",
    "image": "https://www.jumbo.com/dam-images/fit-in/360x360/Products/14022025_1739539157812_1739539166726_8000430133035_1.png",
    "available": true,
    "promoUntil": null
  },
  {
    "id": "533432FLS",
    "title": "Dettol Allesreiniger Katoenfris Value Pack 2 L",
    "category": "Huishouden en dieren",
    "price": 6.29,
    "promoPrice": null,
    "pricePerUnit": "3.15 l",
    "image": "https://www.jumbo.com/dam-images/fit-in/360x360/Products/12122024_1734014701074_1734014704550_5410036306567_1.png",
    "available": true,
    "promoUntil": null
  },
  {
    "id": "431096DSL",
    "title": "SPA TOUCH Bruisend Watermelon Kiwi 6 x 50cl",
    "category": "Frisdrank en sappen",
    "price": 6.66,
    "promoPrice": null,
    "pricePerUnit": "2.22 l",
    "image": "https://www.jumbo.com/dam-images/fit-in/360x360/Products/12042024_1712910907999_1712910913543_5410013163732_1.png",
    "available": true,
    "promoUntil": null
  },
  {
    "id": "679518DSL",
    "title": "Swiffer Duster Geurige Navullingen 4x",
    "category": "Huishouden en dieren",
    "price": 28.95,
    "promoPrice": 20.26,
    "pricePerUnit": "1.45 pieces",
    "image": "https://www.jumbo.com/dam-images/fit-in/360x360/Products/8700216676656a6a0f92f-6394-451b-a97d-3f429a26a5b1-1744792932660.png",
    "available": true,
    "promoUntil": "di 7 okt"
  },
  {
    "id": "439492ZK",
    "title": "Knorr Maaltijdmix Spaghetti Bolognese 65 g",
    "category": "Wereldkeukens, kruiden, pasta en rijst",
    "price": 1.69,
    "promoPrice": null,
    "pricePerUnit": "26.0 kg",
    "image": "https://www.jumbo.com/dam-images/fit-in/360x360/Products/05102023_1696469521661_1696469547800_439492_ZK_08710522972717_C1N1.png",
    "available": true,
    "promoUntil": null
  },
  {
    "id": "605588DS",
    "title": "Jumbo Bananensoesjes 240 g",
    "category": "Diepvries",
    "price": 3.32,
    "promoPrice": null,
    "pricePerUnit": "13.83 kg",
    "image": "https://www.jumbo.com/dam-images/fit-in/360x360/Products/16042024_1713288318224_1713288333480_8718452820245_596.png",
    "available": true,
    "promoUntil": null
  },
  {
    "id": "676430FLS",
    "title": "Dreft MaxPower Lemon Vloeibaar Afwasmiddel 450ml",
    "category": "Huishouden en dieren",
    "price": 4.99,
    "promoPrice": null,
    "pricePerUnit": "11.09 l",
    "image": "https://www.jumbo.com/dam-images/fit-in/360x360/Products/25082025_1756125157574_1756125161446_8700216474511_1.png",
    "available": true,
    "promoUntil": null
  },
  {
    "id": "163179PAK",
    "title": "LU Mini Crackers Zongedroogde Tomaat & Basilicum 8 x 5 Stuks 250g",
    "category": "Koek, snoep, chocolade en chips",
    "price": 2.15,
    "promoPrice": null,
    "pricePerUnit": "8.6 kg",
    "image": "https://www.jumbo.com/dam-images/fit-in/360x360/Products/24092025_1758720817890_1758720825883_7622210475176_596.png",
    "available": true,
    "promoUntil": null
  },
  {
    "id": "705364FLS",
    "title": "Slimpie Siroop Mango-passievrucht 0% suiker 650ML",
    "category": "Frisdrank en sappen",
    "price": 3.49,
    "promoPrice": null,
    "pricePerUnit": "5.37 l",
    "image": "https://www.jumbo.com/dam-images/fit-in/360x360/Products/07082025_1754559257712_1754559263385_8719214811631_1.png",
    "available": true,
    "promoUntil": null
  },
  {
    "id": "170387ZK",
    "title": "Cheetos Nibb-it Sticks Naturel Chips 110 gr",
    "category": "Koek, snoep, chocolade en chips",
    "price": 2.25,
    "promoPrice": null,
    "pricePerUnit": "20.45 kg",
    "image": "https://www.jumbo.com/dam-images/fit-in/360x360/Products/18072025_1752831183824_1752831188870_8710398502506_1.png",
    "available": true,
    "promoUntil": null
  },
  {
    "id": "148587ZK",
    "title": "Jumbo Mini Eierkoeken 10 Stuks 250 g",
    "category": "Koek, snoep, chocolade en chips",
    "price": 1.23,
    "promoPrice": null,
    "pricePerUnit": "0.12 pieces",
    "image": "https://www.jumbo.com/dam-images/fit-in/360x360/Products/09092025_1757421311710_1757421315011_8718452403578_1.png",
    "available": true,
    "promoUntil": null
  },
  {
    "id": "303342FLS",
    "title": "NIVEA Oogmake-up Reinigingslotion - 125ml",
    "category": "Drogisterij en baby",
    "price": 7.19,
    "promoPrice": null,
    "pricePerUnit": "57.52 l",
    "image": "https://www.jumbo.com/dam-images/fit-in/360x360/Products/18082025_1755513198158_1755513201162_4005900666154_1.png",
    "available": true,
    "promoUntil": null
  },
  {
    "id": "99409STK",
    "title": "Jumbo Bapao Kip Saté 115 g",
    "category": "Verse maaltijden en gemak",
    "price": 1.21,
    "promoPrice": null,
    "pricePerUnit": "1.21 pieces",
    "image": "https://www.jumbo.com/dam-images/fit-in/360x360/Products/29092023_1695995098252_1695995114160_8718452464005_1.png",
    "available": true,
    "promoUntil": null
  },
  {
    "id": "560277POT",
    "title": "Jumbo Uienpoeder 30 g",
    "category": "Wereldkeukens, kruiden, pasta en rijst",
    "price": 2.19,
    "promoPrice": null,
    "pricePerUnit": "73.0 kg",
    "image": "https://www.jumbo.com/dam-images/fit-in/360x360/Products/30112023_1701358506221_1701358514094_8718452740734_1.png",
    "available": true,
    "promoUntil": null
  },
  {
    "id": "237955STK",
    "title": "Verstegen Kaneel Gemalen 37 g",
    "category": "Wereldkeukens, kruiden, pasta en rijst",
    "price": 3.99,
    "promoPrice": null,
    "pricePerUnit": "107.84 kg",
    "image": "https://www.jumbo.com/dam-images/fit-in/360x360/Products/30082024_1724985334012_1724985337903_237955_STK_08712200077158_C1N1.png",
    "available": true,
    "promoUntil": null
  },
  {
    "id": "288046STK",
    "title": "Jumbo Veghelse Vechtertjes Melkchocolade Koekjes 12 Stuks 150 g",
    "category": "Koek, snoep, chocolade en chips",
    "price": 1.91,
    "promoPrice": null,
    "pricePerUnit": "12.73 kg",
    "image": "https://www.jumbo.com/dam-images/fit-in/360x360/Products/10082023_1691675071049_1691675110576_8718452377312_1.png",
    "available": true,
    "promoUntil": null
  },
  {
    "id": "26008PAK",
    "title": "Jumbo Galetten Dessert 250 g",
    "category": "Koek, snoep, chocolade en chips",
    "price": 2.17,
    "promoPrice": null,
    "pricePerUnit": "8.68 kg",
    "image": "https://www.jumbo.com/dam-images/fit-in/360x360/Products/08062024_1717822524281_1717822532052_26008_PAK_08718452382415_C1N1.png",
    "available": true,
    "promoUntil": null
  },
  {
    "id": "558536ZK",
    "title": "Lay's Oven Baked Cheese Onion Chips 150 gr",
    "category": "Koek, snoep, chocolade en chips",
    "price": 2.35,
    "promoPrice": null,
    "pricePerUnit": "15.67 kg",
    "image": "https://www.jumbo.com/dam-images/fit-in/360x360/Products/03042025_1743683569965_1743683576969_8710398526588_1.png",
    "available": true,
    "promoUntil": null
  },
  {
    "id": "489811STK",
    "title": "HiPP Biologisch Zuigelingenmelk op Basis van Geitenmelk 1 vanaf de Geboorte 400 g",
    "category": "Drogisterij en baby",
    "price": 16.33,
    "promoPrice": null,
    "pricePerUnit": "40.83 kg",
    "image": "https://www.jumbo.com/dam-images/fit-in/360x360/Products/24092025_1758679938032_1758679947018_489811_STK_.png",
    "available": true,
    "promoUntil": null
  },
  {
    "id": "449571POT",
    "title": "Jumbo Zwarte Olijven Zonder Pit 340 g",
    "category": "Vleeswaren, kaas en tapas",
    "price": 1.19,
    "promoPrice": null,
    "pricePerUnit": "7.44 kg",
    "image": "https://www.jumbo.com/dam-images/fit-in/360x360/Products/09082023_1691589113119_1691589120038_8718452552474_1.png",
    "available": true,
    "promoUntil": null
  },
  {
    "id": "669481FLS",
    "title": "Crystal Clear Koolzuurvrij Cranberry Limoen 1,5L",
    "category": "Frisdrank en sappen",
    "price": 2.49,
    "promoPrice": null,
    "pricePerUnit": "1.66 l",
    "image": "https://www.jumbo.com/dam-images/fit-in/360x360/Products/14022025_1739503222778_1739503231733_669481_FLS_08715600250046_H1N1.png",
    "available": true,
    "promoUntil": null
  },
  {
    "id": "184174DS",
    "title": "Dr. Oetker Big Americans Pizza BBQ Pulled Pork 420 g",
    "category": "Diepvries",
    "price": 4.99,
    "promoPrice": null,
    "pricePerUnit": "11.88 kg",
    "image": "https://www.jumbo.com/dam-images/fit-in/360x360/Products/17042025_1744858657492_1744858666921_184174_DS_04001724023937_C1N1_s04.png",
    "available": true,
    "promoUntil": null
  },
  {
    "id": "428418FLS",
    "title": "Coca-Cola Light 1,5 L",
    "category": "Frisdrank en sappen",
    "price": 2.89,
    "promoPrice": null,
    "pricePerUnit": "1.93 l",
    "image": "https://www.jumbo.com/dam-images/fit-in/360x360/Products/19082023_1692410184380_1692410187191_428418_FLS_05000112646900_H1N1.png",
    "available": true,
    "promoUntil": null
  },
  {
    "id": "495329DS",
    "title": "Jumbo Aardappel Salade 600 g",
    "category": "Verse maaltijden en gemak",
    "price": 1.99,
    "promoPrice": null,
    "pricePerUnit": "3.32 kg",
    "image": "https://www.jumbo.com/dam-images/fit-in/360x360/Products/03062025_1748946833800_1748946840223_8718452648320_1.png",
    "available": true,
    "promoUntil": null
  },
  {
    "id": "655890ZK",
    "title": "Jumbo's Geroosterde Paprika-Tomaat Pastasaus 250 g",
    "category": "Verse maaltijden en gemak",
    "price": 2.69,
    "promoPrice": null,
    "pricePerUnit": "10.76 kg",
    "image": "https://www.jumbo.com/dam-images/fit-in/360x360/Products/07072025_1751887997462_1751888001352_8718452841905_1.png",
    "available": true,
    "promoUntil": null
  },
  {
    "id": "621510DS",
    "title": "Sun All-in 1 Vaatwastabletten Citroen 19 tabletten",
    "category": "Huishouden en dieren",
    "price": 10.99,
    "promoPrice": null,
    "pricePerUnit": "0.58 pieces",
    "image": "https://www.jumbo.com/dam-images/fit-in/360x360/Products/28082025_1756370018545_1756370025227_8720181493560_1.png",
    "available": true,
    "promoUntil": null
  },
  {
    "id": "705336ZK",
    "title": "Jumbo - Lekker Vrij van Gluten Wit- 500 g",
    "category": "Brood en gebak",
    "price": 3.65,
    "promoPrice": null,
    "pricePerUnit": "7.3 kg",
    "image": "https://www.jumbo.com/dam-images/fit-in/360x360/Products/25042025_1745580811389_1745580819108_8718452499595_1.png",
    "available": true,
    "promoUntil": null
  },
  {
    "id": "134052KST",
    "title": "Neutral Waspoeder Parfumvrij Wit 18 wasbeurten",
    "category": "Huishouden en dieren",
    "price": 7.99,
    "promoPrice": null,
    "pricePerUnit": "0.44 wb",
    "image": "https://www.jumbo.com/dam-images/fit-in/360x360/Products/08092025_1757334778446_1757334782429_8712561475693_1.png",
    "available": true,
    "promoUntil": null
  },
  {
    "id": "425050FLS",
    "title": "Lipton Ice Tea Green Lemon 1,5L",
    "category": "Frisdrank en sappen",
    "price": 3.55,
    "promoPrice": null,
    "pricePerUnit": "2.37 l",
    "image": "https://www.jumbo.com/dam-images/fit-in/360x360/Products/06082025_1754442867788_1754442904334_425050_FLS_08711327507500_H1N1.png",
    "available": true,
    "promoUntil": null
  },
  {
    "id": "127959FLS",
    "title": "Sanicur Sensitive Bad en Douche Gel 1000 ml",
    "category": "Drogisterij en baby",
    "price": 4.39,
    "promoPrice": null,
    "pricePerUnit": "4.39 l",
    "image": "https://www.jumbo.com/dam-images/fit-in/360x360/Products/01032024_1709259872203_1709259873964_127959_FLS_08710919106824_C1N1.png",
    "available": true,
    "promoUntil": null
  },
  {
    "id": "487948DSL",
    "title": "Lipton Ice Tea Green Zero Sugar 1.5L",
    "category": "Frisdrank en sappen",
    "price": 26.88,
    "promoPrice": null,
    "pricePerUnit": "2.24 l",
    "image": "https://www.jumbo.com/dam-images/fit-in/360x360/Products/22102024_1729589586171_1729589590510_8711327547858_1.png",
    "available": true,
    "promoUntil": null
  },
  {
    "id": "37138DSL",
    "title": "Mezzacorona – Merlot 6 x 750 ml",
    "category": "Bier en wijn",
    "price": 40.74,
    "promoPrice": null,
    "pricePerUnit": "9.05 l",
    "image": "https://www.jumbo.com/dam-images/fit-in/360x360/Products/37138DSL-1692282827869.png",
    "available": true,
    "promoUntil": null
  },
  {
    "id": "641073KGR",
    "title": "Jumbo Biologische Grillworst ca. 125 g",
    "category": "Vleeswaren, kaas en tapas",
    "price": 2.99,
    "promoPrice": null,
    "pricePerUnit": "23.9 kg",
    "image": "https://www.jumbo.com/dam-images/fit-in/360x360/Products/04072025_1751617997767_1751618009999_2348973000000_596.png",
    "available": true,
    "promoUntil": null
  },
  {
    "id": "376474ZK",
    "title": "Jumbo Pandanrijst 4,5 kg",
    "category": "Wereldkeukens, kruiden, pasta en rijst",
    "price": 8.9,
    "promoPrice": null,
    "pricePerUnit": "1.98 kg",
    "image": "https://www.jumbo.com/dam-images/fit-in/360x360/Products/10082023_1691676548331_1691676564850_8718452472468_1.png",
    "available": true,
    "promoUntil": null
  },
  {
    "id": "578723DS",
    "title": "Jumbo Salade Poké Bowl Zalm 350 g",
    "category": "Verse maaltijden en gemak",
    "price": 5.67,
    "promoPrice": null,
    "pricePerUnit": "16.2 kg",
    "image": "https://www.jumbo.com/dam-images/fit-in/360x360/Products/19032025_1742402010558_1742402018720_8718452891863_1.png",
    "available": true,
    "promoUntil": null
  },
  {
    "id": "441827FLS",
    "title": "Kikkoman Soy Sauce 500 ml",
    "category": "Wereldkeukens, kruiden, pasta en rijst",
    "price": 6.23,
    "promoPrice": null,
    "pricePerUnit": "12.46 l",
    "image": "https://www.jumbo.com/dam-images/fit-in/360x360/Products/17112023_1700196389047_1700196394983_441827_FLS_08715035110502_C1N1.png",
    "available": true,
    "promoUntil": null
  },
  {
    "id": "228076STK",
    "title": "Tony's Chocolonely 6 Stuks",
    "category": "Koek, snoep, chocolade en chips",
    "price": 10.88,
    "promoPrice": null,
    "pricePerUnit": "37.78 kg",
    "image": "https://www.jumbo.com/dam-images/fit-in/360x360/Products/25062024_1719281715808_1719281719959_228076_STK_08717677338689_C1N1.png",
    "available": true,
    "promoUntil": null
  },
  {
    "id": "640743FLS",
    "title": "HG Oven Grill En Barbecue reiniger 500ML",
    "category": "Huishouden en dieren",
    "price": 9.39,
    "promoPrice": null,
    "pricePerUnit": "18.78 l",
    "image": "https://www.jumbo.com/dam-images/fit-in/360x360/Products/14062025_1749866526843_1749866530273_640743_FLS_08711577189624_C1N1.png",
    "available": true,
    "promoUntil": null
  },
  {
    "id": "668932DS",
    "title": "Desperados Tropical Beer Flavoured with Aguardiente Passion Fruit & Lime Flessen 6 x 330 ml",
    "category": "Bier en wijn",
    "price": 9.99,
    "promoPrice": null,
    "pricePerUnit": "5.05 l",
    "image": "https://www.jumbo.com/dam-images/fit-in/360x360/Products/06022025_1738870394028_1738870414938_8712000062255_180.png",
    "available": true,
    "promoUntil": null
  },
  {
    "id": "203700ZK",
    "title": "Verstegen Kruidenmix voor Macaroni & Spaghetti 35 g",
    "category": "Wereldkeukens, kruiden, pasta en rijst",
    "price": 1.69,
    "promoPrice": null,
    "pricePerUnit": "48.29 kg",
    "image": "https://www.jumbo.com/dam-images/fit-in/360x360/Products/18092025_1758162112960_1758162118365_203700_ZK_08712200982131_C1N1.png",
    "available": true,
    "promoUntil": null
  },
  {
    "id": "562206STK",
    "title": "Jumbo Sugar Snaps 250 g",
    "category": "Aardappelen, groente en fruit",
    "price": 2.79,
    "promoPrice": null,
    "pricePerUnit": "11.16 kg",
    "image": "https://www.jumbo.com/dam-images/fit-in/360x360/Products/09082023_1691589668676_1691589978058_8718452558162_1.png",
    "available": true,
    "promoUntil": null
  },
  {
    "id": "528539STK",
    "title": "Ambi Pur Badkamer & Toilet Luchtverfrisser",
    "category": "Huishouden en dieren",
    "price": 4.79,
    "promoPrice": null,
    "pricePerUnit": "4.79 pieces",
    "image": "https://www.jumbo.com/dam-images/fit-in/360x360/Products/15082025_1755216054497_1755216061054_8006540799598_1.png",
    "available": true,
    "promoUntil": null
  },
  {
    "id": "183486BAK",
    "title": "Mora Varkenssaté in Pittige Pindasaus XL 190 g",
    "category": "Diepvries",
    "price": 2.73,
    "promoPrice": null,
    "pricePerUnit": "14.37 kg",
    "image": "https://www.jumbo.com/dam-images/fit-in/360x360/Products/03112023_1698978748199_1698978762078_183486_BAK_08710861986253_C1N1.png",
    "available": true,
    "promoUntil": null
  },
  {
    "id": "656953TRA",
    "title": "Kips Mini Kipfrietjes 160 g",
    "category": "Vleeswaren, kaas en tapas",
    "price": 3.13,
    "promoPrice": null,
    "pricePerUnit": "19.56 kg",
    "image": "https://www.jumbo.com/dam-images/fit-in/360x360/Products/17052025_1747445480762_1747445499563_656953_TRA_08710991000355_C1N1.png",
    "available": true,
    "promoUntil": null
  },
  {
    "id": "673424KGR",
    "title": "Gemarineerde Lamskoteletten 3 Stuks ca. 340 g",
    "category": "Vlees, vis en vega",
    "price": 9.76,
    "promoPrice": null,
    "pricePerUnit": "46.5 kg",
    "image": "https://www.jumbo.com/dam-images/fit-in/360x360/Products/04032025_1741084366067_1741084372996_2378640000000_1.png",
    "available": true,
    "promoUntil": null
  },
  {
    "id": "546040ZK",
    "title": "Jumbo Verse Franse Friet 1 kg",
    "category": "Aardappelen, groente en fruit",
    "price": 2.7,
    "promoPrice": null,
    "pricePerUnit": "2.7 kg",
    "image": "https://www.jumbo.com/dam-images/fit-in/360x360/Products/05082024_1722872066406_1722872075913_8718452802401_1.png",
    "available": true,
    "promoUntil": null
  },
  {
    "id": "519960TRA",
    "title": "Jumbo's Rijsttafel Oosterse Stijl 450 g",
    "category": "Verse maaltijden en gemak",
    "price": 6.29,
    "promoPrice": null,
    "pricePerUnit": "13.98 kg",
    "image": "https://www.jumbo.com/dam-images/fit-in/360x360/Products/13092024_1726238055518_1726238062273_8718452868148_1.png",
    "available": true,
    "promoUntil": null
  },
  {
    "id": "524910PAK",
    "title": "Jumbo 2 Opvolgmelk 6-12 Maanden 2 x 400 g",
    "category": "Drogisterij en baby",
    "price": 8.9,
    "promoPrice": null,
    "pricePerUnit": "11.13 kg",
    "image": "https://www.jumbo.com/dam-images/fit-in/360x360/Products/01082024_1722522799261_1722522804151_8718452690114_1.png",
    "available": true,
    "promoUntil": null
  },
  {
    "id": "520423POT",
    "title": "De Kleine Keuken Biologische Appel & Dadel Stroop voor Kids 300 g",
    "category": "Drogisterij en baby",
    "price": 4.35,
    "promoPrice": null,
    "pricePerUnit": "14.5 kg",
    "image": "https://www.jumbo.com/dam-images/fit-in/360x360/Products/27022025_1740645184781_1740645191580_8718734493259_1.png",
    "available": true,
    "promoUntil": null
  },
  {
    "id": "188166FLS",
    "title": "EL BIO - Verdejo - Sauvignon Blanc - Biologisch - 750ML",
    "category": "Bier en wijn",
    "price": 5.69,
    "promoPrice": 4.69,
    "pricePerUnit": "6.25 l",
    "image": "https://www.jumbo.com/dam-images/fit-in/360x360/Products/24072024_1721835319250_1721835321962_8436561121144_1.png",
    "available": true,
    "promoUntil": "di 7 okt"
  },
  {
    "id": "665152ZK",
    "title": "Jumbo Donut Cakes met Citroensmaak 150 g",
    "category": "Koek, snoep, chocolade en chips",
    "price": 1.99,
    "promoPrice": null,
    "pricePerUnit": "13.27 kg",
    "image": "https://www.jumbo.com/dam-images/fit-in/360x360/Products/03032025_1741030348986_1741030356010_8718452879762_1.png",
    "available": true,
    "promoUntil": null
  },
  {
    "id": "681667KGR",
    "title": "Jumbo Pangasiusfilet Naturel ca. 165 g",
    "category": "Vlees, vis en vega",
    "price": 2.74,
    "promoPrice": null,
    "pricePerUnit": "16.6 kg",
    "image": "https://www.jumbo.com/dam-images/fit-in/360x360/Products/07022025_1738945990407_1738946005871_2369647000000_1.png",
    "available": true,
    "promoUntil": null
  },
  {
    "id": "705291ZK",
    "title": "Jumbo - Rozijnenbrood Sneetjes - 5 Stuks",
    "category": "Brood en gebak",
    "price": 1.89,
    "promoPrice": null,
    "pricePerUnit": "8.59 kg",
    "image": "https://www.jumbo.com/dam-images/fit-in/360x360/Products/07052025_1746603227768_1746603234387_8718452711055_1.png",
    "available": true,
    "promoUntil": null
  },
  {
    "id": "616706FLS",
    "title": "Dove Advanced Care Verzorgende Douchegel Nourishing Silk 400 ml",
    "category": "Drogisterij en baby",
    "price": 8.95,
    "promoPrice": null,
    "pricePerUnit": "22.38 l",
    "image": "https://www.jumbo.com/dam-images/fit-in/360x360/Products/11032025_1741668476537_1741668502216_616706_FLS_08720181457401_H1N1.png",
    "available": true,
    "promoUntil": null
  },
  {
    "id": "206615STK",
    "title": "Jumbo Maandverband Ultra Normal 16 Stuks",
    "category": "Drogisterij en baby",
    "price": 0.99,
    "promoPrice": null,
    "pricePerUnit": "0.06 pieces",
    "image": "https://www.jumbo.com/dam-images/fit-in/360x360/Products/29092023_1695994883547_1695994892942_8718452302673_1.png",
    "available": true,
    "promoUntil": null
  },
  {
    "id": "419429KGR",
    "title": "Beemster Oud Stuk 380 g",
    "category": "Vleeswaren, kaas en tapas",
    "price": 8.74,
    "promoPrice": null,
    "pricePerUnit": "22.99 kg",
    "image": "https://www.jumbo.com/dam-images/fit-in/360x360/Products/09082023_1691596485886_1691596489010_2392350000000_1.png",
    "available": true,
    "promoUntil": null
  },
  {
    "id": "577150ZK",
    "title": "Hak Chili Sin Carne Schotel 550 g",
    "category": "Wereldkeukens, kruiden, pasta en rijst",
    "price": 2.99,
    "promoPrice": null,
    "pricePerUnit": "5.44 kg",
    "image": "https://www.jumbo.com/dam-images/fit-in/360x360/Products/18052025_1747532250124_1747532281539_577150_ZK_08720600618161_H1N1_s01.png",
    "available": true,
    "promoUntil": null
  },
  {
    "id": "521813FLS",
    "title": "Freixenet - 0,0% Alcoholvrij - 750ML",
    "category": "Bier en wijn",
    "price": 7.99,
    "promoPrice": null,
    "pricePerUnit": "10.65 l",
    "image": "https://www.jumbo.com/dam-images/fit-in/360x360/Products/09082023_1691592103887_1691592108774_8410384003016_1.png",
    "available": true,
    "promoUntil": null
  },
  {
    "id": "358529BLS",
    "title": "Ambi Pur 24h Fresh & Clean Lavender & Rosemary 5in1 Mega Pack 4 x 55 ml",
    "category": "Huishouden en dieren",
    "price": 8.49,
    "promoPrice": null,
    "pricePerUnit": "38.59 l",
    "image": "https://www.jumbo.com/dam-images/fit-in/360x360/Products/24112023_1700801048474_1700801056810_358529_BLS_08435495816621_C1N1.png",
    "available": true,
    "promoUntil": null
  },
  {
    "id": "608106DS",
    "title": "Jumbo Vriesverse Zoete Kersen Pitloos 250 g",
    "category": "Diepvries",
    "price": 2.35,
    "promoPrice": null,
    "pricePerUnit": "9.4 kg",
    "image": "https://www.jumbo.com/dam-images/fit-in/360x360/Products/24052024_1716554113142_1716554127833_8718452800186_596.png",
    "available": true,
    "promoUntil": null
  },
  {
    "id": "601013ZK",
    "title": "Grand'Italia Orzo Tradizionali 500 g",
    "category": "Wereldkeukens, kruiden, pasta en rijst",
    "price": 2.27,
    "promoPrice": null,
    "pricePerUnit": "4.54 kg",
    "image": "https://www.jumbo.com/dam-images/fit-in/360x360/Products/07082025_1754530381041_1754530387153_601013_ZK_08000050028391_H1N1.png",
    "available": true,
    "promoUntil": null
  },
  {
    "id": "154279PAK",
    "title": "Appelkoeken 6 Stuks 300 g",
    "category": "Koek, snoep, chocolade en chips",
    "price": 1.59,
    "promoPrice": null,
    "pricePerUnit": "5.3 kg",
    "image": "https://www.jumbo.com/dam-images/fit-in/360x360/Products/14082025_1755134966025_1755134975037_154279_PAK_08713621272740_C1N1.png",
    "available": true,
    "promoUntil": null
  },
  {
    "id": "578891TRA",
    "title": "Jumbo Prosciutto Crudo 50 g",
    "category": "Vleeswaren, kaas en tapas",
    "price": 2.19,
    "promoPrice": null,
    "pricePerUnit": "43.8 kg",
    "image": "https://www.jumbo.com/dam-images/fit-in/360x360/Products/06122023_1701876843851_1701876855184_8718452768004_1.png",
    "available": true,
    "promoUntil": null
  },
  {
    "id": "563746ZK",
    "title": "Sun Brilliant Shine All in 1 Vaatwascapsules 16 Stuks 240 g",
    "category": "Huishouden en dieren",
    "price": 9.99,
    "promoPrice": null,
    "pricePerUnit": "0.62 pieces",
    "image": "https://www.jumbo.com/dam-images/fit-in/360x360/Products/24092025_1758679098206_1758679188643_563746_ZK_08720181376320_H1N1.png",
    "available": true,
    "promoUntil": null
  },
  {
    "id": "627299BAK",
    "title": "Jumbo Naturel Pancakes 6 Stuks",
    "category": "Verse maaltijden en gemak",
    "price": 1.95,
    "promoPrice": null,
    "pricePerUnit": "0.33 pieces",
    "image": "https://www.jumbo.com/dam-images/fit-in/360x360/Products/25092024_1727278476111_1727278481339_8718452844432_1.png",
    "available": true,
    "promoUntil": null
  },
  {
    "id": "548017STK",
    "title": "Jumbo - Kruimelvlaai - Half",
    "category": "Brood en gebak",
    "price": 4.99,
    "promoPrice": null,
    "pricePerUnit": "4.99 pieces",
    "image": "https://www.jumbo.com/dam-images/fit-in/360x360/Products/09092025_1757406804692_1757406821531_8718452837663_9.png",
    "available": true,
    "promoUntil": null
  },
  {
    "id": "580850FLS",
    "title": "Yellow Tail - Shiraz - 750ML",
    "category": "Bier en wijn",
    "price": 5.99,
    "promoPrice": null,
    "pricePerUnit": "7.99 l",
    "image": "https://www.jumbo.com/dam-images/fit-in/360x360/Products/17042025_1744882429655_1744882435809_9322214006229_1.png",
    "available": true,
    "promoUntil": null
  },
  {
    "id": "579027STK",
    "title": "Ella's Kitchen Maize sticks wortels + maïs 7+ biologisch 16 g",
    "category": "Drogisterij en baby",
    "price": 1.97,
    "promoPrice": null,
    "pricePerUnit": "123.13 kg",
    "image": "https://www.jumbo.com/dam-images/fit-in/360x360/Products/25032024_1711381755895_1711381778861_5060503502284_1.png",
    "available": true,
    "promoUntil": null
  },
  {
    "id": "675886DS",
    "title": "Ola IJs Split 9 x 67 ml",
    "category": "Diepvries",
    "price": 5.49,
    "promoPrice": null,
    "pricePerUnit": "9.15 l",
    "image": "https://www.jumbo.com/dam-images/fit-in/360x360/Products/15082025_1755220732538_1755220826523_675886_DS_08722700627821_H1N1.png",
    "available": true,
    "promoUntil": null
  },
  {
    "id": "641360KGR",
    "title": "Jumbo Wijncervelaat ca. 110 g",
    "category": "Vleeswaren, kaas en tapas",
    "price": 3.18,
    "promoPrice": null,
    "pricePerUnit": "26.5 kg",
    "image": "https://www.jumbo.com/dam-images/fit-in/360x360/Products/04072025_1751617997984_1751618004805_2369015000000_1.png",
    "available": true,
    "promoUntil": null
  },
  {
    "id": "551128BAK",
    "title": "Johma kip-pestosalade 175 g",
    "category": "Vleeswaren, kaas en tapas",
    "price": 3.49,
    "promoPrice": null,
    "pricePerUnit": "19.94 kg",
    "image": "https://www.jumbo.com/dam-images/fit-in/360x360/Products/09012025_1736388991758_1736389003161_551128_BAK_08710506086553_C1N1.png",
    "available": true,
    "promoUntil": null
  },
  {
    "id": "602820CUP",
    "title": "Johma Oet Twente Ham-Prei Salade 175 g",
    "category": "Vleeswaren, kaas en tapas",
    "price": 3.15,
    "promoPrice": null,
    "pricePerUnit": "18.0 kg",
    "image": "https://www.jumbo.com/dam-images/fit-in/360x360/Products/09012025_1736388847542_1736388863884_602820_CUP_08710506086645_C1N1.png",
    "available": true,
    "promoUntil": null
  },
  {
    "id": "123767ZK",
    "title": "Java Food Bapao Kippenvlees 2 Stuks 240 g",
    "category": "Diepvries",
    "price": 0.99,
    "promoPrice": null,
    "pricePerUnit": "4.13 kg",
    "image": "https://www.jumbo.com/dam-images/fit-in/360x360/Products/09082023_1691584705427_1691584727104_8712641000746_1.png",
    "available": true,
    "promoUntil": null
  },
  {
    "id": "294766ZK",
    "title": "Jumbo Ossenworst 3 Stuks",
    "category": "Vleeswaren, kaas en tapas",
    "price": 2.59,
    "promoPrice": null,
    "pricePerUnit": "24.67 kg",
    "image": "https://www.jumbo.com/dam-images/fit-in/360x360/Products/21022025_1740151984946_1740151989328_8718452426713_1.png",
    "available": true,
    "promoUntil": null
  },
  {
    "id": "646156ZK",
    "title": "Paolo Geroosterde Broodjes Knoflook en Peterselie 160 g",
    "category": "Wereldkeukens, kruiden, pasta en rijst",
    "price": 1.69,
    "promoPrice": null,
    "pricePerUnit": "10.56 kg",
    "image": "https://www.jumbo.com/dam-images/fit-in/360x360/Products/26112024_1732631598229_1732631608985_8718247442690_1.png",
    "available": true,
    "promoUntil": null
  },
  {
    "id": "693714DS",
    "title": "Knorr Trattoria Pastagerecht Kipfilet Toscana 231 g",
    "category": "Wereldkeukens, kruiden, pasta en rijst",
    "price": 4.29,
    "promoPrice": null,
    "pricePerUnit": "18.57 kg",
    "image": "https://www.jumbo.com/dam-images/fit-in/360x360/Products/01082025_1754037239019_1754037244048_8721317708558_1.png",
    "available": true,
    "promoUntil": null
  },
  {
    "id": "544733PAK",
    "title": "King Pepermunt Original 5 x 44 g",
    "category": "Koek, snoep, chocolade en chips",
    "price": 1.93,
    "promoPrice": null,
    "pricePerUnit": "8.77 kg",
    "image": "https://www.jumbo.com/dam-images/fit-in/360x360/Products/16062025_1750059209720_1750059219391_8714600006653_596.png",
    "available": true,
    "promoUntil": null
  },
  {
    "id": "128319DS",
    "title": "Mora Specials Kipburgers 4 x 70 g",
    "category": "Diepvries",
    "price": 3.85,
    "promoPrice": null,
    "pricePerUnit": "13.75 kg",
    "image": "https://www.jumbo.com/dam-images/fit-in/360x360/Products/30052025_1748570663262_1748570672755_128319_DS_08710861993459_H1N1.png",
    "available": true,
    "promoUntil": null
  },
  {
    "id": "195078RP",
    "title": "Jumbo Melkchocolade met Hazelnoot Tablet 200 g",
    "category": "Koek, snoep, chocolade en chips",
    "price": 2.47,
    "promoPrice": null,
    "pricePerUnit": "12.35 kg",
    "image": "https://www.jumbo.com/dam-images/fit-in/360x360/Products/22052025_1747917207118_1747917221327_8718452871605_596.png",
    "available": true,
    "promoUntil": null
  },
  {
    "id": "60903FLS",
    "title": "Peñasol - Vino Tinto - Tempranillo - 1L",
    "category": "Bier en wijn",
    "price": 3.49,
    "promoPrice": null,
    "pricePerUnit": "3.49 l",
    "image": "https://www.jumbo.com/dam-images/fit-in/360x360/Products/29092023_1695995013568_1695995018236_8410702015646_1.png",
    "available": true,
    "promoUntil": null
  },
  {
    "id": "688540ZK",
    "title": "Finish Ultimate Plus All in One Regular Vaatwastabletten 22 Capsules",
    "category": "Huishouden en dieren",
    "price": 15.49,
    "promoPrice": null,
    "pricePerUnit": "0.7 pieces",
    "image": "https://www.jumbo.com/dam-images/fit-in/360x360/Products/22072025_1753147639660_1753147644044_688540_ZK_08720065008750_A1N1.png",
    "available": true,
    "promoUntil": null
  },
  {
    "id": "310811PAK",
    "title": "Mentos Fruit Vegan 5-pack",
    "category": "Koek, snoep, chocolade en chips",
    "price": 2.62,
    "promoPrice": null,
    "pricePerUnit": "13.94 kg",
    "image": "https://www.jumbo.com/dam-images/fit-in/360x360/Products/07072025_1751902618273_1751902625617_8723400786580_1.png",
    "available": true,
    "promoUntil": null
  },
  {
    "id": "594606SC",
    "title": "Vers Aan Tafel Mexicaanse Kipschotel Paprika Ananas Rijst 520 g",
    "category": "Verse maaltijden en gemak",
    "price": 5.99,
    "promoPrice": null,
    "pricePerUnit": "11.52 kg",
    "image": "https://www.jumbo.com/dam-images/fit-in/360x360/Products/14022024_1707873857251_1707873868435_8717568249278_1.png",
    "available": true,
    "promoUntil": null
  },
  {
    "id": "445092DS",
    "title": "Tempo Light Doekjes 3-Laags XXL Box 140 Stuks",
    "category": "Huishouden en dieren",
    "price": 3.19,
    "promoPrice": null,
    "pricePerUnit": "0.02 pieces",
    "image": "https://www.jumbo.com/dam-images/fit-in/360x360/Products/29012025_1738122409422_1738122414405_445092_DS_.png",
    "available": true,
    "promoUntil": null
  },
  {
    "id": "433081TRA",
    "title": "Olvarit 6+ Maanden Variatiemenu Maaltijd Versie 1 12 x 200g",
    "category": "Drogisterij en baby",
    "price": 15.83,
    "promoPrice": null,
    "pricePerUnit": "6.6 kg",
    "image": "https://www.jumbo.com/dam-images/fit-in/360x360/Products/18082025_1755516778086_1755516782707_8712400117340_1.png",
    "available": true,
    "promoUntil": null
  },
  {
    "id": "669745FLS",
    "title": "Fuze Tea Infused Peach-Elderflower with Black Tea No Sugar 1,25 L",
    "category": "Frisdrank en sappen",
    "price": 2.75,
    "promoPrice": null,
    "pricePerUnit": "2.2 l",
    "image": "https://www.jumbo.com/dam-images/fit-in/360x360/Products/10012025_1736481593350_1736481600652_669745_FLS_05000112682014_H1N1.png",
    "available": true,
    "promoUntil": null
  },
  {
    "id": "584889CUP",
    "title": "Jumbo Plakjes Fuet Truffel 55 g",
    "category": "Vleeswaren, kaas en tapas",
    "price": 2.39,
    "promoPrice": null,
    "pricePerUnit": "43.45 kg",
    "image": "https://www.jumbo.com/dam-images/fit-in/360x360/Products/8718452748068T1cf53de60-6477-4f64-b832-7d8847ad7358-1717579579430.png",
    "available": true,
    "promoUntil": null
  },
  {
    "id": "486334ZK",
    "title": "JIMMY's Popcorn Salted 80 g",
    "category": "Koek, snoep, chocolade en chips",
    "price": 1.99,
    "promoPrice": null,
    "pricePerUnit": "24.88 kg",
    "image": "https://www.jumbo.com/dam-images/fit-in/360x360/Products/11082025_1754915600327_1754915605688_8713276011336_1.png",
    "available": true,
    "promoUntil": null
  },
  {
    "id": "521815FLS",
    "title": "Freixenet - Rosé - 0.0% Alcoholvrij - 750ML",
    "category": "Bier en wijn",
    "price": 7.99,
    "promoPrice": null,
    "pricePerUnit": "10.65 l",
    "image": "https://www.jumbo.com/dam-images/fit-in/360x360/Products/09082023_1691591724540_1691591728826_8410384053073_1.png",
    "available": true,
    "promoUntil": null
  },
  {
    "id": "620386DS",
    "title": "Jumbo Hond Maaltijdzakjes Brokjes in Saus 12 x 100 g",
    "category": "Huishouden en dieren",
    "price": 3.69,
    "promoPrice": null,
    "pricePerUnit": "0.31 pieces",
    "image": "https://www.jumbo.com/dam-images/fit-in/360x360/Products/23072024_1721734512941_1721734525398_8718452809318_596.png",
    "available": true,
    "promoUntil": null
  },
  {
    "id": "642890PAK",
    "title": "Jumbo Chocodubbels 500 g",
    "category": "Koek, snoep, chocolade en chips",
    "price": 1.59,
    "promoPrice": null,
    "pricePerUnit": "3.18 kg",
    "image": "https://www.jumbo.com/dam-images/fit-in/360x360/Products/26082024_1724675598723_1724675608838_8718452851324_596.png",
    "available": true,
    "promoUntil": null
  },
  {
    "id": "578142BAK",
    "title": "Jumbo Pastasalade Sweet Chicken 350 g",
    "category": "Verse maaltijden en gemak",
    "price": 4.0,
    "promoPrice": null,
    "pricePerUnit": "11.43 kg",
    "image": "https://www.jumbo.com/dam-images/fit-in/360x360/Products/12052025_1747064006365_1747064012255_8718452913336_1.png",
    "available": true,
    "promoUntil": null
  },
  {
    "id": "277776PAK",
    "title": "Peñasol - Sangria - 1.5L",
    "category": "Bier en wijn",
    "price": 4.19,
    "promoPrice": null,
    "pricePerUnit": "2.79 l",
    "image": "https://www.jumbo.com/dam-images/fit-in/360x360/Products/09082023_1691586737163_1691586766566_8410702025126_1.png",
    "available": true,
    "promoUntil": null
  },
  {
    "id": "439796DS",
    "title": "Knorr Maaltijdmix Boerenomelet 2 x 12 g",
    "category": "Wereldkeukens, kruiden, pasta en rijst",
    "price": 1.99,
    "promoPrice": null,
    "pricePerUnit": "82.92 kg",
    "image": "https://www.jumbo.com/dam-images/fit-in/360x360/Products/28042025_1745802619617_1745802669966_439796_DS_08720181135002_C1N1.png",
    "available": true,
    "promoUntil": null
  },
  {
    "id": "624983FLS",
    "title": "Bellacini - Prosecco - Rosé - 750ML",
    "category": "Bier en wijn",
    "price": 7.99,
    "promoPrice": null,
    "pricePerUnit": "10.65 l",
    "image": "https://www.jumbo.com/dam-images/fit-in/360x360/Products/08072025_1751985168930_1751985173617_8437023708750_1.png",
    "available": true,
    "promoUntil": null
  },
  {
    "id": "208912STK",
    "title": "LiGA Evergreen Koekjes Krenten 6 x 2 Stuks 225g",
    "category": "Koek, snoep, chocolade en chips",
    "price": 2.75,
    "promoPrice": null,
    "pricePerUnit": "12.22 kg",
    "image": "https://www.jumbo.com/dam-images/fit-in/360x360/Products/02092025_1756809249193_1756809254549_7622210410900_1.png",
    "available": true,
    "promoUntil": null
  },
  {
    "id": "71826FLS",
    "title": "Jumbo Roerbaksaus Hawaï met Stukjes Ananas 490 g",
    "category": "Wereldkeukens, kruiden, pasta en rijst",
    "price": 1.95,
    "promoPrice": null,
    "pricePerUnit": "3.9 l",
    "image": "https://www.jumbo.com/dam-images/fit-in/360x360/Products/04072025_1751617973895_1751617979670_8718449007147_1.png",
    "available": true,
    "promoUntil": null
  },
  {
    "id": "79526FLS",
    "title": "Villebois - Touraine - Sauvignon Blanc - 750 ML",
    "category": "Bier en wijn",
    "price": 8.99,
    "promoPrice": null,
    "pricePerUnit": "11.99 l",
    "image": "https://www.jumbo.com/dam-images/fit-in/360x360/Products/29092023_1695995087206_1695995089780_3760189780533_1.png",
    "available": true,
    "promoUntil": null
  },
  {
    "id": "523461FLS",
    "title": "Osborne - Sherry Fino - 750ML",
    "category": "Bier en wijn",
    "price": 5.79,
    "promoPrice": null,
    "pricePerUnit": "7.72 l",
    "image": "https://www.jumbo.com/dam-images/fit-in/360x360/Products/09082023_1691579020016_1691579031450_8410337047036_1.png",
    "available": true,
    "promoUntil": null
  },
  {
    "id": "351602ZK",
    "title": "Jumbo Tuinbonen 450 g",
    "category": "Aardappelen, groente en fruit",
    "price": 1.45,
    "promoPrice": null,
    "pricePerUnit": "3.22 kg",
    "image": "https://www.jumbo.com/dam-images/fit-in/360x360/Products/05022024_1707150791938_1707150803798_8718452722600_1.png",
    "available": true,
    "promoUntil": null
  },
  {
    "id": "704564DS",
    "title": "Rennie Pepermunt Kauwtablet bij brandend maagzuur, 96 stuks",
    "category": "Drogisterij en baby",
    "price": 11.99,
    "promoPrice": null,
    "pricePerUnit": "0.12 pieces",
    "image": "https://www.jumbo.com/dam-images/fit-in/360x360/Products/27082025_1756261221868_1756261227512_704564_DS_08713091022173_C1N1_s01.png",
    "available": true,
    "promoUntil": null
  },
  {
    "id": "452331STK",
    "title": "Unicura Balance Antibacteriële Handzeep Navul 250 ml",
    "category": "Drogisterij en baby",
    "price": 2.89,
    "promoPrice": null,
    "pricePerUnit": "11.56 l",
    "image": "https://www.jumbo.com/dam-images/fit-in/360x360/Products/08718951455085C1N11d05aa29-098a-4ea8-a457-36988de1a5f3-1721993915627.png",
    "available": true,
    "promoUntil": null
  },
  {
    "id": "161809PAK",
    "title": "Go-Tan Kokosmelk 250ml",
    "category": "Wereldkeukens, kruiden, pasta en rijst",
    "price": 1.49,
    "promoPrice": null,
    "pricePerUnit": "5.96 l",
    "image": "https://www.jumbo.com/dam-images/fit-in/360x360/Products/21092024_1726882303713_1726882311464_161809_PAK_08710605096170_C1N1.png",
    "available": true,
    "promoUntil": null
  },
  {
    "id": "621360DS",
    "title": "Magnum Mini IJs White Chocolate & White Almond 6 stuks 6 x 55ml",
    "category": "Diepvries",
    "price": 5.99,
    "promoPrice": null,
    "pricePerUnit": "18.15 l",
    "image": "https://www.jumbo.com/dam-images/fit-in/360x360/Products/16092025_1757986830755_1757986850767_621360_DS_08711327609716_C1N1.png",
    "available": true,
    "promoUntil": null
  },
  {
    "id": "608665STK",
    "title": "De Vegetarische Slager Petit Filet á l'Americain 5 Stuks 120 g",
    "category": "Vleeswaren, kaas en tapas",
    "price": 2.43,
    "promoPrice": null,
    "pricePerUnit": "20.25 kg",
    "image": "https://www.jumbo.com/dam-images/fit-in/360x360/Products/12122024_1734021185699_1734021199118_8710765967457_1.png",
    "available": true,
    "promoUntil": null
  },
  {
    "id": "226784DS",
    "title": "Jumbo Lekkerbekjes in Bierbeslag 2 Stuks",
    "category": "Diepvries",
    "price": 2.37,
    "promoPrice": null,
    "pricePerUnit": "9.88 kg",
    "image": "https://www.jumbo.com/dam-images/fit-in/360x360/Products/16042025_1744817609386_1744817623399_8718452650231_596.png",
    "available": true,
    "promoUntil": null
  },
  {
    "id": "539067TRL",
    "title": "Red Bull The Red Edition Watermeloensmaak Energy Drink 12 x 250 ml",
    "category": "Frisdrank en sappen",
    "price": 18.69,
    "promoPrice": null,
    "pricePerUnit": "6.23 l",
    "image": "https://www.jumbo.com/dam-images/fit-in/360x360/Products/14022025_1739539157000_1739539167079_9002490259099_1.png",
    "available": true,
    "promoUntil": null
  },
  {
    "id": "552006FLS",
    "title": "Finish Integrale Machinereiniger Citroen - Vaatwasser - 250 ml",
    "category": "Huishouden en dieren",
    "price": 6.49,
    "promoPrice": null,
    "pricePerUnit": "25.96 l",
    "image": "https://www.jumbo.com/dam-images/fit-in/360x360/Products/03072025_1751508359362_1751508364051_552006_FLS_08720065008330_C1N1.png",
    "available": true,
    "promoUntil": null
  },
  {
    "id": "686946DS",
    "title": "O.B. Pro Comfort Tampons Normal 32 Stuks",
    "category": "Drogisterij en baby",
    "price": 4.99,
    "promoPrice": null,
    "pricePerUnit": "0.16 pieces",
    "image": "https://www.jumbo.com/dam-images/fit-in/360x360/Products/17032025_1742224127826_1742224130336_686946_DS_03574661624860_C1N1.png",
    "available": true,
    "promoUntil": null
  },
  {
    "id": "610226DS",
    "title": "Sultana Havermoutsticks Naturel",
    "category": "Koek, snoep, chocolade en chips",
    "price": 2.27,
    "promoPrice": null,
    "pricePerUnit": "15.13 kg",
    "image": "https://www.jumbo.com/dam-images/fit-in/360x360/Products/17012024_1705520049008_1705520062048_8710412044005_1.png",
    "available": true,
    "promoUntil": null
  },
  {
    "id": "285593STK",
    "title": "Jumbo Chinese Kool",
    "category": "Aardappelen, groente en fruit",
    "price": 1.65,
    "promoPrice": null,
    "pricePerUnit": "1.65 pieces",
    "image": "https://www.jumbo.com/dam-images/fit-in/360x360/Products/29092023_1695994884004_1695994890864_8711715897077_1.png",
    "available": true,
    "promoUntil": null
  },
  {
    "id": "655860DS",
    "title": "No Fairytales the Original Paprika-Chili Tortilla 5 Stuks 200 g",
    "category": "Wereldkeukens, kruiden, pasta en rijst",
    "price": 2.99,
    "promoPrice": null,
    "pricePerUnit": "14.95 kg",
    "image": "https://www.jumbo.com/dam-images/fit-in/360x360/Products/14052025_1747180943605_1747180950379_8719689820114_1.png",
    "available": true,
    "promoUntil": null
  },
  {
    "id": "269932FLS",
    "title": "Jumbo Huiswijn - Soepel - Tempranillo - 1L",
    "category": "Bier en wijn",
    "price": 4.69,
    "promoPrice": null,
    "pricePerUnit": "4.69 l",
    "image": "https://www.jumbo.com/dam-images/fit-in/360x360/Products/09082023_1691587247080_1691587251148_8718452381593_1.png",
    "available": true,
    "promoUntil": null
  },
  {
    "id": "71825FLS",
    "title": "Jumbo Roerbaksaus Ketjap met Paprika 490 g",
    "category": "Wereldkeukens, kruiden, pasta en rijst",
    "price": 1.95,
    "promoPrice": null,
    "pricePerUnit": "3.9 l",
    "image": "https://www.jumbo.com/dam-images/fit-in/360x360/Products/04072025_1751617973774_1751617978817_8718449007161_1.png",
    "available": true,
    "promoUntil": null
  },
  {
    "id": "505198BAK",
    "title": "Président Crème de Brie 125 g",
    "category": "Vleeswaren, kaas en tapas",
    "price": 2.79,
    "promoPrice": null,
    "pricePerUnit": "22.32 kg",
    "image": "https://www.jumbo.com/dam-images/fit-in/360x360/Products/14042025_1744623168490_1744623179752_3228024070282_1.png",
    "available": true,
    "promoUntil": null
  },
  {
    "id": "350245ZK",
    "title": "Lonka Fudge Caramel 220 g",
    "category": "Koek, snoep, chocolade en chips",
    "price": 2.47,
    "promoPrice": null,
    "pricePerUnit": "11.23 kg",
    "image": "https://www.jumbo.com/dam-images/fit-in/360x360/Products/18082025_1755527557235_1755527562061_8713800134616_1.png",
    "available": true,
    "promoUntil": null
  },
  {
    "id": "22354TUB",
    "title": "Lindt EXCELLENCE 70% Pure Chocoladereep 100g",
    "category": "Koek, snoep, chocolade en chips",
    "price": 3.75,
    "promoPrice": null,
    "pricePerUnit": "37.5 kg",
    "image": "https://www.jumbo.com/dam-images/fit-in/360x360/Products/10052025_1746842242793_1746842260968_22354_TUB_03046920028004_H1N1.png",
    "available": true,
    "promoUntil": null
  },
  {
    "id": "529021TRA",
    "title": "Jumbo's Mezzelune met Prosciutto di Parma en Parmigiano Reggiano 250 g",
    "category": "Verse maaltijden en gemak",
    "price": 3.59,
    "promoPrice": null,
    "pricePerUnit": "14.36 kg",
    "image": "https://www.jumbo.com/dam-images/fit-in/360x360/Products/23092024_1727091277530_1727091285296_8718452832729_1.png",
    "available": true,
    "promoUntil": null
  },
  {
    "id": "176210ZK",
    "title": "Sheba Mini Filets Traiteur Selectie in Saus 4 x 85 g",
    "category": "Huishouden en dieren",
    "price": 3.75,
    "promoPrice": null,
    "pricePerUnit": "11.03 kg",
    "image": "https://www.jumbo.com/dam-images/fit-in/360x360/Products/22042024_1713800057917_1713800076569_4770608254353_596.png",
    "available": true,
    "promoUntil": null
  },
  {
    "id": "191212STK",
    "title": "Oral-B Professionele Bescherming Mondwater 500 ml",
    "category": "Drogisterij en baby",
    "price": 5.99,
    "promoPrice": null,
    "pricePerUnit": "11.98 l",
    "image": "https://www.jumbo.com/dam-images/fit-in/360x360/Products/15082025_1755216158559_1755216161792_4084500923973_1.png",
    "available": true,
    "promoUntil": null
  },
  {
    "id": "565891DS",
    "title": "Knorr Wereldgerechten Foodtrips Orzo 271 g",
    "category": "Wereldkeukens, kruiden, pasta en rijst",
    "price": 4.99,
    "promoPrice": null,
    "pricePerUnit": "18.41 kg",
    "image": "https://www.jumbo.com/dam-images/fit-in/360x360/Products/20012025_1737339107992_1737339167001_565891_DS_08720182669926_C1N1.png",
    "available": true,
    "promoUntil": null
  },
  {
    "id": "611196STK",
    "title": "Jumbo BBQ Briketten 3 kg",
    "category": "Non-food en servicebalie",
    "price": 4.64,
    "promoPrice": null,
    "pricePerUnit": "1.55 kg",
    "image": "https://www.jumbo.com/dam-images/fit-in/360x360/Products/07032025_1741361566168_1741361588627_8718452862504_596.png",
    "available": true,
    "promoUntil": null
  },
  {
    "id": "536540DS",
    "title": "Affligem Blond 0.0 Bier Blik 6 x 330ml",
    "category": "Bier en wijn",
    "price": 8.49,
    "promoPrice": null,
    "pricePerUnit": "4.29 l",
    "image": "https://www.jumbo.com/dam-images/fit-in/360x360/Products/21082025_1755761586793_1755761592629_8712000058661_1.png",
    "available": true,
    "promoUntil": null
  },
  {
    "id": "513266DS",
    "title": "Lassie Toverrijst Voordeelpak 750 g",
    "category": "Wereldkeukens, kruiden, pasta en rijst",
    "price": 2.0,
    "promoPrice": null,
    "pricePerUnit": "2.67 kg",
    "image": "https://www.jumbo.com/dam-images/fit-in/360x360/Products/10052024_1715304146756_1715304152265_513266_DS_08718781601515_H1N1.png",
    "available": true,
    "promoUntil": null
  },
  {
    "id": "581376TRA",
    "title": "Jumbo's Rijsttafel Indonesische Stijl 450 g",
    "category": "Verse maaltijden en gemak",
    "price": 6.29,
    "promoPrice": null,
    "pricePerUnit": "13.98 kg",
    "image": "https://www.jumbo.com/dam-images/fit-in/360x360/Products/10122024_1733830366094_1733830379050_8718452857852_1.png",
    "available": true,
    "promoUntil": null
  },
  {
    "id": "531569BKR",
    "title": "La Place Verse Soep Tomaat Basilicum 500 g",
    "category": "Verse maaltijden en gemak",
    "price": 3.79,
    "promoPrice": null,
    "pricePerUnit": "7.58 kg",
    "image": "https://www.jumbo.com/dam-images/fit-in/360x360/Products/30112023_1701358505935_1701358519152_8718452678181_1.png",
    "available": true,
    "promoUntil": null
  },
  {
    "id": "476840DS",
    "title": "Affligem Tripel Bier Fles 6 x 300ml",
    "category": "Bier en wijn",
    "price": 9.29,
    "promoPrice": null,
    "pricePerUnit": "5.16 l",
    "image": "https://www.jumbo.com/dam-images/fit-in/360x360/Products/21082025_1755761586654_1755761593561_5410263926835_1.png",
    "available": true,
    "promoUntil": null
  },
  {
    "id": "382825PAK",
    "title": "Grolsch Herfstbier 0.0% 6x300ML",
    "category": "Bier en wijn",
    "price": 6.99,
    "promoPrice": null,
    "pricePerUnit": "3.88 l",
    "image": "https://www.jumbo.com/dam-images/fit-in/360x360/Products/08716700018246H1N114e357fc-f6d6-460f-be85-149861bb3dcc-1758098321075.png",
    "available": true,
    "promoUntil": null
  },
  {
    "id": "196071PAK",
    "title": "Coconut Grove Kokoswater 1 L",
    "category": "Frisdrank en sappen",
    "price": 2.49,
    "promoPrice": null,
    "pricePerUnit": "2.49 l",
    "image": "https://www.jumbo.com/dam-images/fit-in/360x360/Products/09082023_1691591315163_1691591321189_8718215722458_1.png",
    "available": true,
    "promoUntil": null
  },
  {
    "id": "629539BLS",
    "title": "Glorix Power Clean Toiletblok Ocean 1 stuk",
    "category": "Huishouden en dieren",
    "price": 4.19,
    "promoPrice": null,
    "pricePerUnit": "4.19 pieces",
    "image": "https://www.jumbo.com/dam-images/fit-in/360x360/Products/24092025_1758676306322_1758676346013_629539_BLS_08720182904904_H1N1.png",
    "available": true,
    "promoUntil": null
  },
  {
    "id": "441080FLS",
    "title": "Slimpie Bloedsinaasappel Grapefruit Smaak Siroop 650 ml",
    "category": "Frisdrank en sappen",
    "price": 3.49,
    "promoPrice": null,
    "pricePerUnit": "5.37 l",
    "image": "https://www.jumbo.com/dam-images/fit-in/360x360/Products/13032024_1710296005372_1710296021361_441080_FLS_08719214811204_H1N1.png",
    "available": true,
    "promoUntil": null
  },
  {
    "id": "370176DS",
    "title": "Olvarit Acht Granen met Vanillesmaak 12+ Maanden 200 g",
    "category": "Drogisterij en baby",
    "price": 2.37,
    "promoPrice": null,
    "pricePerUnit": "11.85 kg",
    "image": "https://www.jumbo.com/dam-images/fit-in/360x360/Products/13082025_1755052837405_1755052844177_370176_DS_03041091579263_C1N1.png",
    "available": true,
    "promoUntil": null
  },
  {
    "id": "576091ZK",
    "title": "Trolli Multi Mix Friends & Family 21 Stuks",
    "category": "Koek, snoep, chocolade en chips",
    "price": 4.94,
    "promoPrice": null,
    "pricePerUnit": "9.88 kg",
    "image": "https://www.jumbo.com/dam-images/fit-in/360x360/Products/14022024_1707872956572_1707872972104_4000512363200_1.png",
    "available": true,
    "promoUntil": null
  },
  {
    "id": "317400STK",
    "title": "Jumbo Appelcakejes 6 Stuks",
    "category": "Koek, snoep, chocolade en chips",
    "price": 3.39,
    "promoPrice": null,
    "pricePerUnit": "13.56 kg",
    "image": "https://www.jumbo.com/dam-images/fit-in/360x360/Products/09082023_1691586205410_1691586216350_8718452434367_1.png",
    "available": true,
    "promoUntil": null
  },
  {
    "id": "367278KGR",
    "title": "Jumbo Boerenpaté ca. 170 g",
    "category": "Vleeswaren, kaas en tapas",
    "price": 3.14,
    "promoPrice": null,
    "pricePerUnit": "18.5 kg",
    "image": "https://www.jumbo.com/dam-images/fit-in/360x360/Products/09092025_1757421320033_1757421329341_2333440000000_1.png",
    "available": true,
    "promoUntil": null
  },
  {
    "id": "498585ZK",
    "title": "Katja Yoghurtgums 295 g",
    "category": "Koek, snoep, chocolade en chips",
    "price": 2.43,
    "promoPrice": null,
    "pricePerUnit": "8.24 kg",
    "image": "https://www.jumbo.com/dam-images/fit-in/360x360/Products/30042024_1714440795210_1714440801752_498585_ZK_08716100246478_C1N1.png",
    "available": true,
    "promoUntil": null
  },
  {
    "id": "686522TRA",
    "title": "Muscle Meat High Protein Meals Kipfilet Chunks Penne - Spinazie Mediterranea 500 g",
    "category": "Diepvries",
    "price": 6.79,
    "promoPrice": null,
    "pricePerUnit": "13.58 kg",
    "image": "https://www.jumbo.com/dam-images/fit-in/360x360/Products/14032025_1741980788422_1741980796645_8720726497947_1.png",
    "available": true,
    "promoUntil": null
  },
  {
    "id": "697058FLS",
    "title": "Erdinger Weißbier 500ML",
    "category": "Bier en wijn",
    "price": 1.89,
    "promoPrice": null,
    "pricePerUnit": "3.78 l",
    "image": "https://www.jumbo.com/dam-images/fit-in/360x360/Products/09082023_1691585357855_1691585362224_4002103000013_1.png",
    "available": true,
    "promoUntil": null
  },
  {
    "id": "611510TRA",
    "title": "Bacon Gerookt 150 g",
    "category": "Vleeswaren, kaas en tapas",
    "price": 1.99,
    "promoPrice": null,
    "pricePerUnit": "13.27 kg",
    "image": "https://www.jumbo.com/dam-images/fit-in/360x360/Products/12122024_1734021199527_1734021204659_8710939006470_1.png",
    "available": true,
    "promoUntil": null
  },
  {
    "id": "197490STK",
    "title": "Dubro Geconcentreerd Afwasmiddel Original Citroen 550ml",
    "category": "Huishouden en dieren",
    "price": 2.99,
    "promoPrice": null,
    "pricePerUnit": "5.44 l",
    "image": "https://www.jumbo.com/dam-images/fit-in/360x360/Products/11072025_1752199532883_1752199537297_197490_STK_08711106025287_C1N1.png",
    "available": true,
    "promoUntil": null
  },
  {
    "id": "657405ZK",
    "title": "Jumbo Aardappelen Krieltjes 1 kg",
    "category": "Aardappelen, groente en fruit",
    "price": 2.19,
    "promoPrice": null,
    "pricePerUnit": "2.19 kg",
    "image": "https://www.jumbo.com/dam-images/fit-in/360x360/Products/12092025_1757684030916_1757684038264_8718452549597_1.png",
    "available": true,
    "promoUntil": null
  },
  {
    "id": "647604POT",
    "title": "Jumbo's Bolognese Pastasaus 350 g",
    "category": "Wereldkeukens, kruiden, pasta en rijst",
    "price": 3.29,
    "promoPrice": null,
    "pricePerUnit": "9.4 kg",
    "image": "https://www.jumbo.com/dam-images/fit-in/360x360/Products/12122024_1734003203810_1734003211267_8718452870189_1.png",
    "available": true,
    "promoUntil": null
  },
  {
    "id": "619185BLS",
    "title": "Prodent Tandpasta Cool Mint 5 x 75 ml",
    "category": "Drogisterij en baby",
    "price": 7.0,
    "promoPrice": null,
    "pricePerUnit": "18.67 l",
    "image": "https://www.jumbo.com/dam-images/fit-in/360x360/Products/29072024_1722277993911_1722277997781_8720182806710_1.png",
    "available": true,
    "promoUntil": null
  },
  {
    "id": "428596PAK",
    "title": "Taksi Exotisch Fruit GST 10 x 0,2 L",
    "category": "Frisdrank en sappen",
    "price": 2.99,
    "promoPrice": null,
    "pricePerUnit": "1.5 l",
    "image": "https://www.jumbo.com/dam-images/fit-in/360x360/Products/25062025_1750816712314_1750816746510_428596_PAK_08720157464938_C1N1.png",
    "available": true,
    "promoUntil": null
  },
  {
    "id": "453596ZK",
    "title": "Jumbo Chocolade Krakelingen 150 g",
    "category": "Koek, snoep, chocolade en chips",
    "price": 2.59,
    "promoPrice": null,
    "pricePerUnit": "17.27 kg",
    "image": "https://www.jumbo.com/dam-images/fit-in/360x360/Products/87184525763951313b48a1-8baa-42f5-be7a-82c6bd0ab44e-1732542712143.png",
    "available": true,
    "promoUntil": null
  },
  {
    "id": "478497DS",
    "title": "Jumbo Kersen Bonbons 250 g",
    "category": "Koek, snoep, chocolade en chips",
    "price": 2.49,
    "promoPrice": null,
    "pricePerUnit": "9.96 kg",
    "image": "https://www.jumbo.com/dam-images/fit-in/360x360/Products/01112024_1730471707489_1730471718953_8718452591190_596.png",
    "available": true,
    "promoUntil": null
  },
  {
    "id": "668878KGR",
    "title": "Jumbo Gebakken Yorkham ca. 120 g",
    "category": "Vleeswaren, kaas en tapas",
    "price": 3.66,
    "promoPrice": null,
    "pricePerUnit": "30.5 kg",
    "image": "https://www.jumbo.com/dam-images/fit-in/360x360/Products/14022025_1739539159103_1739539167055_2369594000000_1.png",
    "available": true,
    "promoUntil": null
  },
  {
    "id": "640494TRA",
    "title": "Jumbo's Kip Bali Stijl met Groenten en Cashewnoten Proteïnerijk 475 g",
    "category": "Verse maaltijden en gemak",
    "price": 6.49,
    "promoPrice": null,
    "pricePerUnit": "13.66 kg",
    "image": "https://www.jumbo.com/dam-images/fit-in/360x360/Products/10122024_1733830367426_1733830382218_8718452854769_1.png",
    "available": true,
    "promoUntil": null
  },
  {
    "id": "645752KGR",
    "title": "Jumbo Runderfilet Exclusief ca. 100 g",
    "category": "Vleeswaren, kaas en tapas",
    "price": 3.9,
    "promoPrice": null,
    "pricePerUnit": "39.0 kg",
    "image": "https://www.jumbo.com/dam-images/fit-in/360x360/Products/07072025_1751887997253_1751888003539_2353075000000_1.png",
    "available": true,
    "promoUntil": null
  },
  {
    "id": "169377ZK",
    "title": "Smoeltjes Spook Koekjes 7 Stuks 175 g",
    "category": "Koek, snoep, chocolade en chips",
    "price": 2.29,
    "promoPrice": null,
    "pricePerUnit": "13.09 kg",
    "image": "https://www.jumbo.com/dam-images/fit-in/360x360/Products/22122023_1703225362270_1703225368285_169377_ZK_08710508770917_C1N1.png",
    "available": true,
    "promoUntil": null
  },
  {
    "id": "175717DS",
    "title": "Mora Oven & Airfryer Goulash Kroketten 4 x 80 g",
    "category": "Diepvries",
    "price": 4.69,
    "promoPrice": null,
    "pricePerUnit": "14.66 kg",
    "image": "https://www.jumbo.com/dam-images/fit-in/360x360/Products/04092025_1756951090545_1756951096576_175717_DS_08710861994968_H1N1.png",
    "available": true,
    "promoUntil": null
  },
  {
    "id": "431095FLS",
    "title": "Vitamin Well Reload Vitamine B+D Magnesium+Zink met de Smaak van Citroen/Limoen 500 ml",
    "category": "Frisdrank en sappen",
    "price": 1.99,
    "promoPrice": null,
    "pricePerUnit": "3.98 l",
    "image": "https://www.jumbo.com/dam-images/fit-in/360x360/Products/28102024_1730136846063_1730136849449_7350042718931_1.png",
    "available": true,
    "promoUntil": null
  },
  {
    "id": "599497STK",
    "title": "Jumbo Pedaalemmerzakken Biologisch 5 L met Trekband 10 Stuks",
    "category": "Huishouden en dieren",
    "price": 1.99,
    "promoPrice": null,
    "pricePerUnit": "0.2 pieces",
    "image": "https://www.jumbo.com/dam-images/fit-in/360x360/Products/18022025_1739896393239_1739896406893_8718452758746_596.png",
    "available": true,
    "promoUntil": null
  },
  {
    "id": "166469PAK",
    "title": "DubbelDrank Ananas & Guave met Sinaasappel en Appel 1 L",
    "category": "Frisdrank en sappen",
    "price": 2.49,
    "promoPrice": null,
    "pricePerUnit": "2.49 l",
    "image": "https://www.jumbo.com/dam-images/fit-in/360x360/Products/26022025_1740569588673_1740569600373_8713300079219_1.png",
    "available": true,
    "promoUntil": null
  },
  {
    "id": "33035DSL",
    "title": "Gallo – Chardonnay 6 x 750 ml",
    "category": "Bier en wijn",
    "price": 41.94,
    "promoPrice": null,
    "pricePerUnit": "9.32 l",
    "image": "https://www.jumbo.com/dam-images/fit-in/360x360/Products/33035DSL-1692282168224.png",
    "available": true,
    "promoUntil": null
  },
  {
    "id": "616574DS",
    "title": "Lassie Volkoren Orzo 275g",
    "category": "Wereldkeukens, kruiden, pasta en rijst",
    "price": 1.73,
    "promoPrice": null,
    "pricePerUnit": "6.29 kg",
    "image": "https://www.jumbo.com/dam-images/fit-in/360x360/Products/02102024_1727835163084_1727835172494_616574_DS_08718781602185_H1N1.png",
    "available": true,
    "promoUntil": null
  },
  {
    "id": "634986PAK",
    "title": "Jumbo Sinas - Blik - 12 x 150ML",
    "category": "Frisdrank en sappen",
    "price": 3.96,
    "promoPrice": null,
    "pricePerUnit": "2.2 l",
    "image": "https://www.jumbo.com/dam-images/fit-in/360x360/Products/23122024_1734967976422_1734967988556_8718452800629_596.png",
    "available": true,
    "promoUntil": null
  },
  {
    "id": "282953STK",
    "title": "Salakis Classic Greek Feta Kaas 48+ 150 g",
    "category": "Vleeswaren, kaas en tapas",
    "price": 2.99,
    "promoPrice": null,
    "pricePerUnit": "19.93 kg",
    "image": "https://www.jumbo.com/dam-images/fit-in/360x360/Products/08122023_1702031642530_1702031670481_5413209992574_596.png",
    "available": true,
    "promoUntil": null
  },
  {
    "id": "216754STK",
    "title": "Huls Drentse Kosterworst 180 g",
    "category": "Vleeswaren, kaas en tapas",
    "price": 4.89,
    "promoPrice": null,
    "pricePerUnit": "27.17 kg",
    "image": "https://www.jumbo.com/dam-images/fit-in/360x360/Products/26022025_1740573212073_1740573216580_8725800001102_1.png",
    "available": true,
    "promoUntil": null
  },
  {
    "id": "652253PAK",
    "title": "Jumbo Vlaamse Frites 1 kg",
    "category": "Diepvries",
    "price": 2.26,
    "promoPrice": null,
    "pricePerUnit": "2.26 kg",
    "image": "https://www.jumbo.com/dam-images/fit-in/360x360/Products/12122024_1734014464089_1734014471501_8718452425426_1.png",
    "available": true,
    "promoUntil": null
  },
  {
    "id": "417703ZK",
    "title": "Jumbo - Hotdog Broodjes - 4 Stuks",
    "category": "Brood en gebak",
    "price": 0.99,
    "promoPrice": null,
    "pricePerUnit": "4.95 kg",
    "image": "https://www.jumbo.com/dam-images/fit-in/360x360/Products/18092023_1695042581079_1695042589202_8718452356454_1.png",
    "available": true,
    "promoUntil": null
  },
  {
    "id": "159561STK",
    "title": "Jumbo Biologische Witte Kool 1 Stuk",
    "category": "Aardappelen, groente en fruit",
    "price": 1.99,
    "promoPrice": null,
    "pricePerUnit": "1.99 pieces",
    "image": "https://www.jumbo.com/dam-images/fit-in/360x360/Products/29092023_1695996728185_1695996731917_8718452659616_1.png",
    "available": true,
    "promoUntil": null
  },
  {
    "id": "606764FLS",
    "title": "Karvan Cévitam Zero Limoen en Munt Siroop 600 ml",
    "category": "Frisdrank en sappen",
    "price": 4.29,
    "promoPrice": null,
    "pricePerUnit": "7.15 l",
    "image": "https://www.jumbo.com/dam-images/fit-in/360x360/Products/06082025_1754442381268_1754442387844_606764_FLS_08710395948734_H1N1.png",
    "available": true,
    "promoUntil": null
  },
  {
    "id": "579073BKR",
    "title": "Van Gils Vanille IJs 500 g",
    "category": "Diepvries",
    "price": 2.39,
    "promoPrice": null,
    "pricePerUnit": "2.39 l",
    "image": "https://www.jumbo.com/dam-images/fit-in/360x360/Products/20122023_1703044853351_1703044861436_579073_BKR_05410410001385_C1N1.png",
    "available": true,
    "promoUntil": null
  },
  {
    "id": "693998CUP",
    "title": "Jumbo Rolletje Gerookte Zalm met Roomkaas 75 g",
    "category": "Vleeswaren, kaas en tapas",
    "price": 2.99,
    "promoPrice": null,
    "pricePerUnit": "39.87 kg",
    "image": "https://www.jumbo.com/dam-images/fit-in/360x360/Products/07072025_1751902647931_1751902653137_8718452923380_1.png",
    "available": true,
    "promoUntil": null
  },
  {
    "id": "665048SC",
    "title": "Fijnproevers Autumn Crisp Druiven 400g",
    "category": "Aardappelen, groente en fruit",
    "price": 2.99,
    "promoPrice": 1.99,
    "pricePerUnit": "7.48 kg",
    "image": "https://www.jumbo.com/dam-images/fit-in/360x360/Products/250114Druiven0136fde733-2dab-4b6b-8304-ffb3bf3ca040-1737631118868.png",
    "available": true,
    "promoUntil": "di 30 sep"
  },
  {
    "id": "693717DS",
    "title": "Knorr Trattoria Lasagne Tradizionale 296 g",
    "category": "Wereldkeukens, kruiden, pasta en rijst",
    "price": 4.99,
    "promoPrice": null,
    "pricePerUnit": "16.86 kg",
    "image": "https://www.jumbo.com/dam-images/fit-in/360x360/Products/30072025_1753889673663_1753889680589_8721317711329_1.png",
    "available": true,
    "promoUntil": null
  },
  {
    "id": "557552KGR",
    "title": "Jumbo Shoarma ca. 350 g",
    "category": "Vlees, vis en vega",
    "price": 3.49,
    "promoPrice": null,
    "pricePerUnit": "9.98 kg",
    "image": "https://www.jumbo.com/dam-images/fit-in/360x360/Products/07022025_1738956774559_1738956783470_2336007000000_1.png",
    "available": true,
    "promoUntil": null
  },
  {
    "id": "226097STK",
    "title": "McVitie's Digestives The Original Tarwebiscuit Voordeelpak 2 x 400 g",
    "category": "Koek, snoep, chocolade en chips",
    "price": 3.79,
    "promoPrice": null,
    "pricePerUnit": "4.74 kg",
    "image": "https://www.jumbo.com/dam-images/fit-in/360x360/Products/12122023_1702352937239_1702352940367_226097_STK_05000396045888_C1N1.png",
    "available": true,
    "promoUntil": null
  },
  {
    "id": "649486KGR",
    "title": "Jumbo Berliner ca. 125 g",
    "category": "Vleeswaren, kaas en tapas",
    "price": 2.0,
    "promoPrice": null,
    "pricePerUnit": "16.0 kg",
    "image": "https://www.jumbo.com/dam-images/fit-in/360x360/Products/04072025_1751618005633_1751618010776_2369930000000_1.png",
    "available": true,
    "promoUntil": null
  },
  {
    "id": "354559FLS",
    "title": "Closalis - Rosé - 750 ML",
    "category": "Bier en wijn",
    "price": 6.49,
    "promoPrice": null,
    "pricePerUnit": "8.65 l",
    "image": "https://www.jumbo.com/dam-images/fit-in/360x360/Products/09082023_1691586974370_1691586978699_3352260221303_1.png",
    "available": true,
    "promoUntil": null
  },
  {
    "id": "157073PAK",
    "title": "Smint Clean Breath Peppermint Suikervrij Duopack 2 x 50 stuks ",
    "category": "Koek, snoep, chocolade en chips",
    "price": 4.59,
    "promoPrice": null,
    "pricePerUnit": "65.57 kg",
    "image": "https://www.jumbo.com/dam-images/fit-in/360x360/Products/07072025_1751902633531_1751902638977_8713600637980_1.png",
    "available": true,
    "promoUntil": null
  },
  {
    "id": "204570PAK",
    "title": "Taksi Exotisch Fruit 1,5 L",
    "category": "Frisdrank en sappen",
    "price": 1.89,
    "promoPrice": null,
    "pricePerUnit": "1.26 l",
    "image": "https://www.jumbo.com/dam-images/fit-in/360x360/Products/20062025_1750411967110_1750411971943_8713300069906_1.png",
    "available": true,
    "promoUntil": null
  },
  {
    "id": "170199BAK",
    "title": "Jumbo Slagroom Roomijs 500 g",
    "category": "Diepvries",
    "price": 3.49,
    "promoPrice": null,
    "pricePerUnit": "3.49 l",
    "image": "https://www.jumbo.com/dam-images/fit-in/360x360/Products/27082024_1724769269293_1724769278444_8718452774623_1.png",
    "available": true,
    "promoUntil": null
  },
  {
    "id": "671090DS",
    "title": "Finimal Tabletten 500 mg Paracetamol, 50 mg Coffeïne 40 Stuks",
    "category": "Drogisterij en baby",
    "price": 5.49,
    "promoPrice": null,
    "pricePerUnit": "0.14 pieces",
    "image": "https://www.jumbo.com/dam-images/fit-in/360x360/Products/23122024_1734964002659_1734964006029_671090_DS_04057598021395_C1N1_s01.png",
    "available": true,
    "promoUntil": null
  },
  {
    "id": "546784DS",
    "title": "La Trappe - Tripel - Fles - 4 x 330ML",
    "category": "Bier en wijn",
    "price": 7.99,
    "promoPrice": null,
    "pricePerUnit": "6.05 l",
    "image": "https://www.jumbo.com/dam-images/fit-in/360x360/Products/09082023_1691592792882_1691592973618_8711406093528_1.png",
    "available": true,
    "promoUntil": null
  },
  {
    "id": "167845DS",
    "title": "Jumbo Mini Tompoucen 16 Stuks",
    "category": "Diepvries",
    "price": 2.15,
    "promoPrice": null,
    "pricePerUnit": "9.77 kg",
    "image": "https://www.jumbo.com/dam-images/fit-in/360x360/Products/14062024_1718364825327_1718364838672_8718452818785_596.png",
    "available": true,
    "promoUntil": null
  },
  {
    "id": "532620KGR",
    "title": "Wapenaer Goudse Kaas Jong Belegen 35+ Stuk ca. 375 g",
    "category": "Vleeswaren, kaas en tapas",
    "price": 6.0,
    "promoPrice": null,
    "pricePerUnit": "15.99 kg",
    "image": "https://www.jumbo.com/dam-images/fit-in/360x360/Products/04112024_1730741707346_1730741715163_2336159000000_1.png",
    "available": true,
    "promoUntil": null
  },
  {
    "id": "527726DSL",
    "title": "Siebrand - Alte Weintradition 6 x 1 L",
    "category": "Bier en wijn",
    "price": 23.94,
    "promoPrice": null,
    "pricePerUnit": "3.99 l",
    "image": "https://www.jumbo.com/dam-images/fit-in/360x360/Products/527726DSL-1692283106164.png",
    "available": true,
    "promoUntil": null
  },
  {
    "id": "644710DS",
    "title": "Mousline Aardappelpuree voor Ovenschotel 176 g",
    "category": "Wereldkeukens, kruiden, pasta en rijst",
    "price": 2.39,
    "promoPrice": null,
    "pricePerUnit": "13.58 kg",
    "image": "https://www.jumbo.com/dam-images/fit-in/360x360/Products/10012025_1736519627899_1736519640245_3760381261731_1.png",
    "available": true,
    "promoUntil": null
  },
  {
    "id": "633881CUP",
    "title": "Jumbo Hummus Tomaat 200 g",
    "category": "Vleeswaren, kaas en tapas",
    "price": 2.39,
    "promoPrice": null,
    "pricePerUnit": "11.95 kg",
    "image": "https://www.jumbo.com/dam-images/fit-in/360x360/Products/04092024_1725460584040_1725460592410_8718452854479_1.png",
    "available": true,
    "promoUntil": null
  },
  {
    "id": "644423PAK",
    "title": "Jumbo Ice Tea Citroen 6 x 500ML",
    "category": "Frisdrank en sappen",
    "price": 3.5,
    "promoPrice": null,
    "pricePerUnit": "1.17 l",
    "image": "https://www.jumbo.com/dam-images/fit-in/360x360/Products/10092024_1725975272124_1725975292073_8718452829491_596.png",
    "available": true,
    "promoUntil": null
  },
  {
    "id": "683108CUP",
    "title": "Johma Vlamsalade 175g",
    "category": "Vleeswaren, kaas en tapas",
    "price": 3.45,
    "promoPrice": null,
    "pricePerUnit": "19.71 kg",
    "image": "https://www.jumbo.com/dam-images/fit-in/360x360/Products/23052025_1747967432162_1747967449369_683108_CUP_08710506091274_C1N1.png",
    "available": true,
    "promoUntil": null
  },
  {
    "id": "375669ZK",
    "title": "Jumbo Oven Zoutjes 125 g",
    "category": "Koek, snoep, chocolade en chips",
    "price": 1.78,
    "promoPrice": null,
    "pricePerUnit": "14.24 kg",
    "image": "https://www.jumbo.com/dam-images/fit-in/360x360/Products/04072025_1751617975324_1751617984704_8718452443703_1.png",
    "available": true,
    "promoUntil": null
  },
  {
    "id": "539108PAK",
    "title": "Dors - Alcoholvrij Bier 0.0% - Blik - 6 x 330 ML",
    "category": "Bier en wijn",
    "price": 2.59,
    "promoPrice": null,
    "pricePerUnit": "1.31 l",
    "image": "https://www.jumbo.com/dam-images/fit-in/360x360/Products/14022024_1707873858108_1707873874023_8718452653706_596.png",
    "available": true,
    "promoUntil": null
  },
  {
    "id": "92317TUB",
    "title": "Aquafresh Freshmint 3in1 tandpasta voor een frisse adem 75ml, recyclebare plastic tube en dop",
    "category": "Drogisterij en baby",
    "price": 1.49,
    "promoPrice": null,
    "pricePerUnit": "19.87 l",
    "image": "https://www.jumbo.com/dam-images/fit-in/360x360/Products/05092025_1757035505669_1757035508215_92317_TUB_08710464120009_C1N1.png",
    "available": true,
    "promoUntil": null
  },
  {
    "id": "203125STK",
    "title": "Mora Oven & Airfryer Kalfsvlees Kroketten 4 x 75 g",
    "category": "Diepvries",
    "price": 4.59,
    "promoPrice": null,
    "pricePerUnit": "15.3 kg",
    "image": "https://www.jumbo.com/dam-images/fit-in/360x360/Products/01052025_1746062598439_1746062603442_203125_STK_08710861911293_C1N1.png",
    "available": true,
    "promoUntil": null
  },
  {
    "id": "568163PAK",
    "title": "Roosvicee Multivit Perzik 1,5 L",
    "category": "Frisdrank en sappen",
    "price": 2.49,
    "promoPrice": null,
    "pricePerUnit": "1.66 l",
    "image": "https://www.jumbo.com/dam-images/fit-in/360x360/Products/25042025_1745543119315_1745543126501_568163_PAK_08710395949182_H1N1.png",
    "available": true,
    "promoUntil": null
  },
  {
    "id": "437255FLS",
    "title": "Schweppes Indian Tonic met Extracten van Kina 1 L",
    "category": "Frisdrank en sappen",
    "price": 2.29,
    "promoPrice": null,
    "pricePerUnit": "2.29 l",
    "image": "https://www.jumbo.com/dam-images/fit-in/360x360/Products/23092025_1758595709460_1758595717133_437255_FLS_03124480151414_C1N1.png",
    "available": true,
    "promoUntil": null
  },
  {
    "id": "668582ZK",
    "title": "HEMA Sfeerlichten 75 Stuks",
    "category": "Non-food en servicebalie",
    "price": 6.69,
    "promoPrice": null,
    "pricePerUnit": "0.09 pieces",
    "image": "https://www.jumbo.com/dam-images/fit-in/360x360/Products/19092025_1758247778255_1758247781330_668582_ZK_08720354609323_C1N1.png",
    "available": true,
    "promoUntil": null
  },
  {
    "id": "622165ZK",
    "title": "Jumbo Gesneden Kastanjechampignons 125 g",
    "category": "Aardappelen, groente en fruit",
    "price": 1.59,
    "promoPrice": null,
    "pricePerUnit": "12.72 kg",
    "image": "https://www.jumbo.com/dam-images/fit-in/360x360/Products/08022025_1738976418603_1738976423589_8718452797806_1.png",
    "available": true,
    "promoUntil": null
  },
  {
    "id": "426311DS",
    "title": "Maza Hoemoes Paprika & Oregano",
    "category": "Vleeswaren, kaas en tapas",
    "price": 2.69,
    "promoPrice": null,
    "pricePerUnit": "13.45 kg",
    "image": "https://www.jumbo.com/dam-images/fit-in/360x360/Products/06062025_1749172831412_1749172841743_426311_DS_08714779007468_A1N1.png",
    "available": true,
    "promoUntil": null
  },
  {
    "id": "521770DS",
    "title": "Honig Basis voor Boerenomelet 38 g",
    "category": "Wereldkeukens, kruiden, pasta en rijst",
    "price": 1.99,
    "promoPrice": null,
    "pricePerUnit": "52.37 kg",
    "image": "https://www.jumbo.com/dam-images/fit-in/360x360/Products/18072025_1752803246305_1752803257197_521770_DS_08714700170377_H1N1.png",
    "available": true,
    "promoUntil": null
  },
  {
    "id": "685931DS",
    "title": "Omo Waspoeder Color 14 Wasbeurten",
    "category": "Huishouden en dieren",
    "price": 7.55,
    "promoPrice": null,
    "pricePerUnit": "0.54 wb",
    "image": "https://www.jumbo.com/dam-images/fit-in/360x360/Products/12032025_1741752582503_1741752602233_685931_DS_08720181605253_H1N1.png",
    "available": true,
    "promoUntil": null
  },
  {
    "id": "224992PAK",
    "title": "Jumbo - Maaltijd Pita's Griekse Stijl- 5 Stuks",
    "category": "Brood en gebak",
    "price": 1.79,
    "promoPrice": null,
    "pricePerUnit": "5.11 kg",
    "image": "https://www.jumbo.com/dam-images/fit-in/360x360/Products/29092023_1695995554391_1695995559979_8718452633371_1.png",
    "available": true,
    "promoUntil": null
  },
  {
    "id": "79525FLS",
    "title": "Villebois - Petit Villebois - Sauvignon Blanc - 750ML",
    "category": "Bier en wijn",
    "price": 7.49,
    "promoPrice": null,
    "pricePerUnit": "9.99 l",
    "image": "https://www.jumbo.com/dam-images/fit-in/360x360/Products/08042024_1712590511136_1712590514703_3760189780519_1.png",
    "available": true,
    "promoUntil": null
  },
  {
    "id": "459725ZK",
    "title": "KITKAT Mini Mix uitdeelzak",
    "category": "Koek, snoep, chocolade en chips",
    "price": 4.18,
    "promoPrice": null,
    "pricePerUnit": "21.22 kg",
    "image": "https://www.jumbo.com/dam-images/fit-in/360x360/Products/23092025_1758589783853_1758589792179_459725_ZK_03800020492956_C1N1_s01.png",
    "available": true,
    "promoUntil": null
  },
  {
    "id": "679534DS",
    "title": "Swiffer Duster Kit Plumeauset (1 Handvat + 3 Navullingen)",
    "category": "Huishouden en dieren",
    "price": 4.99,
    "promoPrice": null,
    "pricePerUnit": "1.66 pieces",
    "image": "https://www.jumbo.com/dam-images/fit-in/360x360/Products/15082025_1755216118574_1755216123752_8700216676977_1.png",
    "available": true,
    "promoUntil": null
  },
  {
    "id": "162609ZK",
    "title": "Hebro Varkensaté Babi 4 Stokjes 172 g",
    "category": "Diepvries",
    "price": 2.39,
    "promoPrice": null,
    "pricePerUnit": "13.9 kg",
    "image": "https://www.jumbo.com/dam-images/fit-in/360x360/Products/05012024_1704420295766_1704420309478_162609_ZK_08710861910678_C1N1_s02.png",
    "available": true,
    "promoUntil": null
  },
  {
    "id": "578741STK",
    "title": "Ben & Jerry's IJs Chocolate Fudge Brownie 100ml",
    "category": "Diepvries",
    "price": 2.29,
    "promoPrice": null,
    "pricePerUnit": "22.9 l",
    "image": "https://www.jumbo.com/dam-images/fit-in/360x360/Products/29032025_1743220394567_1743220413715_578741_STK_08711200562718_H1N1.png",
    "available": true,
    "promoUntil": null
  },
  {
    "id": "465169KP",
    "title": "Jumbo Slagersfilet Naturel 120 g",
    "category": "Vleeswaren, kaas en tapas",
    "price": 2.99,
    "promoPrice": null,
    "pricePerUnit": "24.92 kg",
    "image": "https://www.jumbo.com/dam-images/fit-in/360x360/Products/10082023_1691675623870_1691675636574_8718452615902_1.png",
    "available": true,
    "promoUntil": null
  },
  {
    "id": "585098ZK",
    "title": "Mekkafood Spicy Nuggy 750 g",
    "category": "Diepvries",
    "price": 4.0,
    "promoPrice": null,
    "pricePerUnit": "5.33 kg",
    "image": "https://www.jumbo.com/dam-images/fit-in/360x360/Products/18112024_1731922355361_1731922364026_4026279975951_1.png",
    "available": true,
    "promoUntil": null
  },
  {
    "id": "204143FLS",
    "title": "Gato Negro - Carmenère - 750 ML",
    "category": "Bier en wijn",
    "price": 5.29,
    "promoPrice": null,
    "pricePerUnit": "7.05 l",
    "image": "https://www.jumbo.com/dam-images/fit-in/360x360/Products/7804300122805T139af35a8-237e-4e00-8bed-04e3174dce7e-1742565595437.png",
    "available": true,
    "promoUntil": null
  },
  {
    "id": "48866PAK",
    "title": "Jumbo Helder Granaatappel- en Açai Smaak 1,5 L",
    "category": "Frisdrank en sappen",
    "price": 1.59,
    "promoPrice": null,
    "pricePerUnit": "1.06 l",
    "image": "https://www.jumbo.com/dam-images/fit-in/360x360/Products/07062024_1717767320246_1717767335411_8718452649150_596.png",
    "available": true,
    "promoUntil": null
  },
  {
    "id": "363825FLS",
    "title": "Go-Tan Soy Sauce Japanese 500 ml",
    "category": "Wereldkeukens, kruiden, pasta en rijst",
    "price": 4.69,
    "promoPrice": null,
    "pricePerUnit": "9.38 l",
    "image": "https://www.jumbo.com/dam-images/fit-in/360x360/Products/09092023_1694230633693_1694230635795_363825_FLS_08710605021486_C1N1.png",
    "available": true,
    "promoUntil": null
  },
  {
    "id": "404622BUS",
    "title": "AXE Deodorant Bodyspray Dark Temptation 200 ml",
    "category": "Drogisterij en baby",
    "price": 6.99,
    "promoPrice": null,
    "pricePerUnit": "34.95 l",
    "image": "https://www.jumbo.com/dam-images/fit-in/360x360/Products/23092025_1758600192276_1758600226737_404622_BUS_08720181025921_H1N1.png",
    "available": true,
    "promoUntil": null
  },
  {
    "id": "681909ZK",
    "title": "M&M'S Crispy chocolade snoepjes partyzak 675g",
    "category": "Koek, snoep, chocolade en chips",
    "price": 10.49,
    "promoPrice": null,
    "pricePerUnit": "15.54 kg",
    "image": "https://www.jumbo.com/dam-images/fit-in/360x360/Products/15052025_1747330437173_1747330466410_5000159571166_596.png",
    "available": true,
    "promoUntil": null
  },
  {
    "id": "625101PAK",
    "title": "DubbelFrisss Boost Appel - Perzik 6-pack 0,2L",
    "category": "Frisdrank en sappen",
    "price": 2.52,
    "promoPrice": null,
    "pricePerUnit": "2.1 l",
    "image": "https://www.jumbo.com/dam-images/fit-in/360x360/Products/26052025_1748277173174_1748277183744_8720157402282_1.png",
    "available": true,
    "promoUntil": null
  },
  {
    "id": "164960DS",
    "title": "LU Bastogne Duo Koek Amandel & Vanille 260 g",
    "category": "Koek, snoep, chocolade en chips",
    "price": 2.25,
    "promoPrice": null,
    "pricePerUnit": "8.65 kg",
    "image": "https://www.jumbo.com/dam-images/fit-in/360x360/Products/05082025_1754408012549_1754408020265_7622210501929_596.png",
    "available": true,
    "promoUntil": null
  },
  {
    "id": "629581BLS",
    "title": "Glorix Power Clean Toiletblok Lavendel 1 stuk",
    "category": "Huishouden en dieren",
    "price": 4.19,
    "promoPrice": null,
    "pricePerUnit": "4.19 pieces",
    "image": "https://www.jumbo.com/dam-images/fit-in/360x360/Products/23092025_1758591703851_1758591745791_629581_BLS_08720182904911_H1N1.png",
    "available": true,
    "promoUntil": null
  },
  {
    "id": "270264DSL",
    "title": "Jumbo Huiswijn - Soepel 4 x 3 L",
    "category": "Bier en wijn",
    "price": 41.96,
    "promoPrice": null,
    "pricePerUnit": "3.5 l",
    "image": "https://www.jumbo.com/dam-images/fit-in/360x360/Products/270264DSL-1692278646798.png",
    "available": true,
    "promoUntil": null
  },
  {
    "id": "202535STK",
    "title": "NIVEA Black &amp; White Invisible Original Anti-Transpirant Spray - 150ml",
    "category": "Drogisterij en baby",
    "price": 6.29,
    "promoPrice": null,
    "pricePerUnit": "41.93 l",
    "image": "https://www.jumbo.com/dam-images/fit-in/360x360/Products/16072025_1752680047625_1752680049699_4005900457370_1.png",
    "available": true,
    "promoUntil": null
  },
  {
    "id": "143095STK",
    "title": "Verstegen 4-Seizoenen Peper met Molen 43 g",
    "category": "Wereldkeukens, kruiden, pasta en rijst",
    "price": 3.26,
    "promoPrice": null,
    "pricePerUnit": "75.81 kg",
    "image": "https://www.jumbo.com/dam-images/fit-in/360x360/Products/27092023_1695776790831_1695776792705_143095_STK_08712200095060_C1N1.png",
    "available": true,
    "promoUntil": null
  },
  {
    "id": "646314DS",
    "title": "Wahid Kip Smeerleverworst 150 g",
    "category": "Vleeswaren, kaas en tapas",
    "price": 1.97,
    "promoPrice": null,
    "pricePerUnit": "13.13 kg",
    "image": "https://www.jumbo.com/dam-images/fit-in/360x360/Products/16012025_1737020106885_1737020110615_8716221206849_1.png",
    "available": true,
    "promoUntil": null
  },
  {
    "id": "197018STK",
    "title": "Jumbo Woksaus Teriyaki 200 ml",
    "category": "Wereldkeukens, kruiden, pasta en rijst",
    "price": 1.68,
    "promoPrice": null,
    "pricePerUnit": "8.4 l",
    "image": "https://www.jumbo.com/dam-images/fit-in/360x360/Products/09082023_1691584856323_1691584865744_8718452261994_1.png",
    "available": true,
    "promoUntil": null
  },
  {
    "id": "143936ZK",
    "title": "Aviko Zoete Aardappel Blokjes",
    "category": "Diepvries",
    "price": 3.42,
    "promoPrice": null,
    "pricePerUnit": "7.6 kg",
    "image": "https://www.jumbo.com/dam-images/fit-in/360x360/Products/15102024_1728999189095_1728999201407_8710449954230_1.png",
    "available": true,
    "promoUntil": null
  },
  {
    "id": "557773ZK",
    "title": "Merci Chocolade Petits Chocolate Zak 125g",
    "category": "Koek, snoep, chocolade en chips",
    "price": 2.96,
    "promoPrice": null,
    "pricePerUnit": "23.68 kg",
    "image": "https://www.jumbo.com/dam-images/fit-in/360x360/Products/18012024_1705574044776_1705574050935_4014400925395_1.png",
    "available": true,
    "promoUntil": null
  },
  {
    "id": "489026FLS",
    "title": "Mr Muscle Keukenreiniger Spray",
    "category": "Huishouden en dieren",
    "price": 3.59,
    "promoPrice": null,
    "pricePerUnit": "7.18 l",
    "image": "https://www.jumbo.com/dam-images/fit-in/360x360/Products/21122023_1703127897923_1703127901544_489026_FLS_05000204180374_C1N1.png",
    "available": true,
    "promoUntil": null
  },
  {
    "id": "451800ZK",
    "title": "Lay's Hamka's Chips 125 gr",
    "category": "Koek, snoep, chocolade en chips",
    "price": 2.19,
    "promoPrice": null,
    "pricePerUnit": "17.52 kg",
    "image": "https://www.jumbo.com/dam-images/fit-in/360x360/Products/15072025_1752582809491_1752582815732_8710398522696_1.png",
    "available": true,
    "promoUntil": null
  },
  {
    "id": "685552FLS",
    "title": "Coca-Cola Zero Sugar Familieverpakking 2 L",
    "category": "Frisdrank en sappen",
    "price": 3.59,
    "promoPrice": null,
    "pricePerUnit": "1.8 l",
    "image": "https://www.jumbo.com/dam-images/fit-in/360x360/Products/10032025_1741635148169_1741635151649_5000112646689_1.png",
    "available": true,
    "promoUntil": null
  },
  {
    "id": "673174DS",
    "title": "Jumbo Vriesverse Avocado Schijfjes 250 g",
    "category": "Diepvries",
    "price": 1.83,
    "promoPrice": null,
    "pricePerUnit": "7.32 kg",
    "image": "https://www.jumbo.com/dam-images/fit-in/360x360/Products/31012025_1738341194680_1738341210253_8718452871285_596.png",
    "available": true,
    "promoUntil": null
  },
  {
    "id": "554086BUS",
    "title": "Teisseire Zero Suiker Tropical Siroop 60 cl",
    "category": "Frisdrank en sappen",
    "price": 4.25,
    "promoPrice": null,
    "pricePerUnit": "7.08 l",
    "image": "https://www.jumbo.com/dam-images/fit-in/360x360/Products/13062025_1749777827604_1749777837994_554086_BUS_03092718638177_C1N1.png",
    "available": true,
    "promoUntil": null
  },
  {
    "id": "167486ZK",
    "title": "Jumbo Gieser Wildeman Peren 1,5 Kg",
    "category": "Aardappelen, groente en fruit",
    "price": 2.99,
    "promoPrice": null,
    "pricePerUnit": "1.99 kg",
    "image": "https://www.jumbo.com/dam-images/fit-in/360x360/Products/02112023_1698928627816_1698928639204_8718452140176_1.png",
    "available": true,
    "promoUntil": null
  },
  {
    "id": "586606STK",
    "title": "Jumbo Venkel",
    "category": "Aardappelen, groente en fruit",
    "price": 0.89,
    "promoPrice": null,
    "pricePerUnit": "0.89 pieces",
    "image": "https://www.jumbo.com/dam-images/fit-in/360x360/Products/586606STK1809202316950316704741695031684262871171588239456bc9821f-fade-414e-9ea6-1ee4138e3f5f-1697009275998.png",
    "available": true,
    "promoUntil": null
  },
  {
    "id": "677564ZK",
    "title": "Pampers Baby-Dry Maat 5, 19 Luiers",
    "category": "Drogisterij en baby",
    "price": 9.99,
    "promoPrice": null,
    "pricePerUnit": "0.53 pieces",
    "image": "https://www.jumbo.com/dam-images/fit-in/360x360/Products/14082025_1755196421477_1755196426177_8700216793209_1.png",
    "available": true,
    "promoUntil": null
  },
  {
    "id": "577908BAK",
    "title": "Jumbo Groene Salade Griekse Stijl 300 g",
    "category": "Aardappelen, groente en fruit",
    "price": 4.51,
    "promoPrice": null,
    "pricePerUnit": "15.03 kg",
    "image": "https://www.jumbo.com/dam-images/fit-in/360x360/Products/09072024_1720517666244_1720517683685_8718452818235_1.png",
    "available": true,
    "promoUntil": null
  },
  {
    "id": "523935ZK",
    "title": "Jumbo Mozzarella di Bufala Campana DOP 250 g",
    "category": "Vleeswaren, kaas en tapas",
    "price": 1.99,
    "promoPrice": null,
    "pricePerUnit": "15.92 kg",
    "image": "https://www.jumbo.com/dam-images/fit-in/360x360/Products/10082023_1691677663326_1691677675445_8718452637478_1.png",
    "available": true,
    "promoUntil": null
  },
  {
    "id": "57677FLS",
    "title": "Passoã - Festa Passion Fruit - 500ML",
    "category": "Bier en wijn",
    "price": 9.99,
    "promoPrice": null,
    "pricePerUnit": "19.98 l",
    "image": "https://www.jumbo.com/dam-images/fit-in/360x360/Products/24112023_1700799840571_1700799847384_57677_FLS_08716000970060_C1N1.png",
    "available": true,
    "promoUntil": null
  },
  {
    "id": "416225ZK",
    "title": "Kwekkeboom Oven & Airfryer Rundvlees 4 Stuks 280 g",
    "category": "Diepvries",
    "price": 4.59,
    "promoPrice": null,
    "pricePerUnit": "16.39 kg",
    "image": "https://www.jumbo.com/dam-images/fit-in/360x360/Products/31052024_1717151657960_1717151663034_8712512390617_1.png",
    "available": true,
    "promoUntil": null
  },
  {
    "id": "533429FLS",
    "title": "Dettol Allesreiniger Sprankelende Citroen Value Pack 2 L",
    "category": "Huishouden en dieren",
    "price": 6.29,
    "promoPrice": null,
    "pricePerUnit": "3.15 l",
    "image": "https://www.jumbo.com/dam-images/fit-in/360x360/Products/12122024_1734014682192_1734014687767_5410036306550_1.png",
    "available": true,
    "promoUntil": null
  },
  {
    "id": "685497PAK",
    "title": "Jumbo Choco Pinda's 250g",
    "category": "Koek, snoep, chocolade en chips",
    "price": 2.29,
    "promoPrice": null,
    "pricePerUnit": "9.16 kg",
    "image": "https://www.jumbo.com/dam-images/fit-in/360x360/Products/14072025_1752500005255_1752500020276_8718452871766_596.png",
    "available": true,
    "promoUntil": null
  },
  {
    "id": "693715DS",
    "title": "Knorr Trattoria Pastagerecht Kipfilet Romana 269 g",
    "category": "Wereldkeukens, kruiden, pasta en rijst",
    "price": 4.99,
    "promoPrice": null,
    "pricePerUnit": "18.55 kg",
    "image": "https://www.jumbo.com/dam-images/fit-in/360x360/Products/30072025_1753889673657_1753889682971_8721317708350_1.png",
    "available": true,
    "promoUntil": null
  },
  {
    "id": "608096DS",
    "title": "Mora Oven & Airfryer Kipsaté Kroketten 4x80g",
    "category": "Diepvries",
    "price": 4.29,
    "promoPrice": null,
    "pricePerUnit": "13.41 kg",
    "image": "https://www.jumbo.com/dam-images/fit-in/360x360/Products/10052025_1746848182561_1746848196451_608096_DS_08710861914140_C1N1.png",
    "available": true,
    "promoUntil": null
  },
  {
    "id": "629541BLS",
    "title": "Glorix Power Clean Toiletblok Ocean 2 stuks",
    "category": "Huishouden en dieren",
    "price": 7.79,
    "promoPrice": null,
    "pricePerUnit": "3.9 pieces",
    "image": "https://www.jumbo.com/dam-images/fit-in/360x360/Products/14032025_1741918388220_1741918427052_629541_BLS_08720182910813_H1N1.png",
    "available": true,
    "promoUntil": null
  },
  {
    "id": "670386PAK",
    "title": "DubbelDrank Banaan & Kers 1L",
    "category": "Frisdrank en sappen",
    "price": 2.49,
    "promoPrice": null,
    "pricePerUnit": "2.49 l",
    "image": "https://www.jumbo.com/dam-images/fit-in/360x360/Products/24022025_1740363484852_1740363506468_670386_PAK_08720157402848_C1N1.png",
    "available": true,
    "promoUntil": null
  },
  {
    "id": "605586DS",
    "title": "Jumbo Vriesverse Frambozen Blauwe Bessen 250 g",
    "category": "Diepvries",
    "price": 2.85,
    "promoPrice": null,
    "pricePerUnit": "11.4 kg",
    "image": "https://www.jumbo.com/dam-images/fit-in/360x360/Products/23052024_1716456913428_1716456928506_8718452800162_596.png",
    "available": true,
    "promoUntil": null
  },
  {
    "id": "675708STK",
    "title": "Jumbo Plantaardige Nuggets Krokant 200 g",
    "category": "Vlees, vis en vega",
    "price": 2.11,
    "promoPrice": null,
    "pricePerUnit": "10.55 kg",
    "image": "https://www.jumbo.com/dam-images/fit-in/360x360/Products/04082025_1754314374280_1754314380595_8718452888382_1.png",
    "available": true,
    "promoUntil": null
  },
  {
    "id": "223015STK",
    "title": "Conimex Ketjap Manis 250 ml",
    "category": "Wereldkeukens, kruiden, pasta en rijst",
    "price": 1.89,
    "promoPrice": null,
    "pricePerUnit": "7.56 l",
    "image": "https://www.jumbo.com/dam-images/fit-in/360x360/Products/17092025_1758074516459_1758074541930_223015_STK_08711200382347_C1N1.png",
    "available": true,
    "promoUntil": null
  },
  {
    "id": "269541FLS",
    "title": "Jumbo Huiswijn - Sauvignon Blanc - 1L",
    "category": "Bier en wijn",
    "price": 4.89,
    "promoPrice": null,
    "pricePerUnit": "4.89 l",
    "image": "https://www.jumbo.com/dam-images/fit-in/360x360/Products/18092023_1695043371457_1695043375207_8718452380602_1.png",
    "available": true,
    "promoUntil": null
  },
  {
    "id": "530254ZK",
    "title": "Jumbo Choco Crispies 210 g",
    "category": "Koek, snoep, chocolade en chips",
    "price": 2.23,
    "promoPrice": null,
    "pricePerUnit": "10.62 kg",
    "image": "https://www.jumbo.com/dam-images/fit-in/360x360/Products/10082023_1691677712219_1691677727664_8718452676019_1.png",
    "available": true,
    "promoUntil": null
  },
  {
    "id": "541525BLK",
    "title": "Nexba Water Kefir Aardbei & Perzik - Blik -  330 ML",
    "category": "Frisdrank en sappen",
    "price": 1.65,
    "promoPrice": null,
    "pricePerUnit": "5.0 l",
    "image": "https://www.jumbo.com/dam-images/fit-in/360x360/Products/13052025_1747103344709_1747103346215_541525_BLK_05060770731158_A1N1.png",
    "available": true,
    "promoUntil": null
  },
  {
    "id": "706660STK",
    "title": "Duracell Plus Power Boost AAA 8 Stuks",
    "category": "Non-food en servicebalie",
    "price": 14.69,
    "promoPrice": null,
    "pricePerUnit": "1.84 pieces",
    "image": "https://www.jumbo.com/dam-images/fit-in/360x360/Products/25062025_1750851424848_1750851428273_706660_STK_05000394176768_C1N1.png",
    "available": true,
    "promoUntil": null
  },
  {
    "id": "498838STK",
    "title": "Koetjes Reep 12 Stuks",
    "category": "Koek, snoep, chocolade en chips",
    "price": 2.06,
    "promoPrice": null,
    "pricePerUnit": "11.44 kg",
    "image": "https://www.jumbo.com/dam-images/fit-in/360x360/Products/09082023_1691590485655_1691590584991_5413121101160_1.png",
    "available": true,
    "promoUntil": null
  },
  {
    "id": "632203DS",
    "title": "Jumbo Biologisch Bladspinazie Gesneden 450 g",
    "category": "Diepvries",
    "price": 1.31,
    "promoPrice": null,
    "pricePerUnit": "2.91 kg",
    "image": "https://www.jumbo.com/dam-images/fit-in/360x360/Products/14062024_1718364826692_1718364839910_8718452810079_596.png",
    "available": true,
    "promoUntil": null
  },
  {
    "id": "566774FLS",
    "title": "Sanex Expert Skin Health Sensitive douchegel 400ml",
    "category": "Drogisterij en baby",
    "price": 5.99,
    "promoPrice": null,
    "pricePerUnit": "14.98 l",
    "image": "https://www.jumbo.com/dam-images/fit-in/360x360/Products/16112024_1731725583451_1731725585926_566774_FLS_08718951602076_C1N1.png",
    "available": true,
    "promoUntil": null
  },
  {
    "id": "647638TRL",
    "title": "Minute Maid Appelsap Uit Concentraat 24 x 330 ml",
    "category": "Frisdrank en sappen",
    "price": 47.5,
    "promoPrice": null,
    "pricePerUnit": "6.0 l",
    "image": "https://www.jumbo.com/dam-images/fit-in/360x360/Products/31072025_1753972505677_1753972510665_5000112510133_1.png",
    "available": true,
    "promoUntil": null
  },
  {
    "id": "628868RP",
    "title": "Jumbo Puur Chocolade 100 g",
    "category": "Koek, snoep, chocolade en chips",
    "price": 1.65,
    "promoPrice": null,
    "pricePerUnit": "16.5 kg",
    "image": "https://www.jumbo.com/dam-images/fit-in/360x360/Products/23052025_1748014408633_1748014418972_8718452877010_596.png",
    "available": true,
    "promoUntil": null
  },
  {
    "id": "79141FLS",
    "title": "Barton & Guestier - Réserve - Chardonnay - 750 ML",
    "category": "Bier en wijn",
    "price": 5.99,
    "promoPrice": null,
    "pricePerUnit": "7.99 l",
    "image": "https://www.jumbo.com/dam-images/fit-in/360x360/Products/09082023_1691586970971_1691586974640_3035130710106_1.png",
    "available": true,
    "promoUntil": null
  },
  {
    "id": "478764FLS",
    "title": "Zonnatura Pruimen 750 ml",
    "category": "Frisdrank en sappen",
    "price": 4.94,
    "promoPrice": null,
    "pricePerUnit": "6.59 l",
    "image": "https://www.jumbo.com/dam-images/fit-in/360x360/Products/08122023_1702019309317_1702019312205_478764_FLS_08710863860216_C1N1.png",
    "available": true,
    "promoUntil": null
  },
  {
    "id": "33428FLS",
    "title": "De Appelaere Appelsap 75 cl",
    "category": "Frisdrank en sappen",
    "price": 3.25,
    "promoPrice": null,
    "pricePerUnit": "4.33 l",
    "image": "https://www.jumbo.com/dam-images/fit-in/360x360/Products/09042025_1744156890516_1744156894755_8714242970015_1.png",
    "available": true,
    "promoUntil": null
  },
  {
    "id": "533272TRL",
    "title": "Dr Foots Zero Sugar 330 ml",
    "category": "Frisdrank en sappen",
    "price": 9.48,
    "promoPrice": null,
    "pricePerUnit": "2.39 l",
    "image": "https://www.jumbo.com/dam-images/fit-in/360x360/Products/354940TRL-1692362519951.png",
    "available": true,
    "promoUntil": null
  },
  {
    "id": "446684FLS",
    "title": "Dr Pepper Authentieke Mix van 23 Smaken 1,5 L",
    "category": "Frisdrank en sappen",
    "price": 2.89,
    "promoPrice": null,
    "pricePerUnit": "1.93 l",
    "image": "https://www.jumbo.com/dam-images/fit-in/360x360/Products/01082025_1754013803915_1754013805646_446684_FLS_05410221166600_C1N1.png",
    "available": true,
    "promoUntil": null
  },
  {
    "id": "617676ZK",
    "title": "Schär  Meesterbakker Classic Glutenvrij  300 g",
    "category": "Brood en gebak",
    "price": 3.26,
    "promoPrice": null,
    "pricePerUnit": "10.87 kg",
    "image": "https://www.jumbo.com/dam-images/fit-in/360x360/Products/16052025_1747362020460_1747362027701_617676_ZK_.png",
    "available": true,
    "promoUntil": null
  },
  {
    "id": "484889FLS",
    "title": "Gato Negro - Moscato - 750ML",
    "category": "Bier en wijn",
    "price": 5.29,
    "promoPrice": null,
    "pricePerUnit": "7.05 l",
    "image": "https://www.jumbo.com/dam-images/fit-in/360x360/Products/7804300152062T17300994a-184d-4209-8413-9a45cb4146d8-1742565595426.png",
    "available": true,
    "promoUntil": null
  },
  {
    "id": "195806STK",
    "title": "Jumbo Ketjap Manis 250 ml",
    "category": "Wereldkeukens, kruiden, pasta en rijst",
    "price": 1.29,
    "promoPrice": null,
    "pricePerUnit": "5.16 l",
    "image": "https://www.jumbo.com/dam-images/fit-in/360x360/Products/09082023_1691584855679_1691584866954_8718452262076_1.png",
    "available": true,
    "promoUntil": null
  },
  {
    "id": "348749FLS",
    "title": "Jumbo Sojasaus 150 ml",
    "category": "Wereldkeukens, kruiden, pasta en rijst",
    "price": 1.49,
    "promoPrice": null,
    "pricePerUnit": "9.93 l",
    "image": "https://www.jumbo.com/dam-images/fit-in/360x360/Products/12062024_1718202884351_1718202888712_8718452723454_1.png",
    "available": true,
    "promoUntil": null
  },
  {
    "id": "426428FLS",
    "title": "A Trade Mark Ketjap Manis Kentel No. 1 1 L",
    "category": "Wereldkeukens, kruiden, pasta en rijst",
    "price": 5.13,
    "promoPrice": null,
    "pricePerUnit": "5.13 l",
    "image": "https://www.jumbo.com/dam-images/fit-in/360x360/Products/14022024_1707873795159_1707873799159_8710161004381_1.png",
    "available": true,
    "promoUntil": null
  },
  {
    "id": "420241PAK",
    "title": "CoolBest Premium Orange 1 L",
    "category": "",
    "price": 4.19,
    "promoPrice": null,
    "pricePerUnit": "4.19 l",
    "image": "https://www.jumbo.com/dam-images/fit-in/360x360/Products/29062025_1751159819315_1751159846540_420241_PAK_08720157463863_C1N1.png",
    "available": true,
    "promoUntil": null
  },
  {
    "id": "491683ZK",
    "title": "Tricel Zilver Soda Fijn 1 kg",
    "category": "Huishouden en dieren",
    "price": 1.39,
    "promoPrice": null,
    "pricePerUnit": "1.39 kg",
    "image": "https://www.jumbo.com/dam-images/fit-in/360x360/Products/09082023_1691584889933_1691584907423_8710585105008_1.png",
    "available": true,
    "promoUntil": null
  },
  {
    "id": "677735DSL",
    "title": "Dove Advanced Care Anti-Transpirant Deodorant Spray Original - 6 x 150 ml",
    "category": "Drogisterij en baby",
    "price": 32.94,
    "promoPrice": 23.05,
    "pricePerUnit": "25.61 l",
    "image": "https://www.jumbo.com/dam-images/fit-in/360x360/Products/08720181564772H1N1fbe69aa0-46a3-433c-9255-ae8a7446af66-1749108463725.png",
    "available": true,
    "promoUntil": "di 7 okt"
  },
  {
    "id": "153592DS",
    "title": "Bounty Ijs repen chocolade kokos 6-pack",
    "category": "Diepvries",
    "price": 4.99,
    "promoPrice": null,
    "pricePerUnit": "21.23 kg",
    "image": "https://www.jumbo.com/dam-images/fit-in/360x360/Products/15052025_1747330436728_1747330441391_5000159483063_1.png",
    "available": true,
    "promoUntil": null
  },
  {
    "id": "197630PAK",
    "title": "Milka Choco Brownie Chocolade Cakejes 6 Stuks 150g",
    "category": "Koek, snoep, chocolade en chips",
    "price": 1.97,
    "promoPrice": null,
    "pricePerUnit": "13.13 kg",
    "image": "https://www.jumbo.com/dam-images/fit-in/360x360/Products/05082025_1754408013287_1754408019306_7622210635396_1.png",
    "available": true,
    "promoUntil": null
  },
  {
    "id": "656717KGR",
    "title": "Wapenaer Goudse Kaas 35+ Jong Belegen ca. 230 g",
    "category": "Vleeswaren, kaas en tapas",
    "price": 4.02,
    "promoPrice": null,
    "pricePerUnit": "17.49 kg",
    "image": "https://www.jumbo.com/dam-images/fit-in/360x360/Products/14102024_1728894968852_1728894979567_2336155000000_1.png",
    "available": true,
    "promoUntil": null
  },
  {
    "id": "705312ZK",
    "title": "Jumbo - Volkoren Speltbroodjes - 4 Stuks",
    "category": "Brood en gebak",
    "price": 1.99,
    "promoPrice": null,
    "pricePerUnit": "6.22 kg",
    "image": "https://www.jumbo.com/dam-images/fit-in/360x360/Products/05082024_1722868455084_1722868461195_8718452836048_1.png",
    "available": true,
    "promoUntil": null
  },
  {
    "id": "195809STK",
    "title": "Jumbo Sambal Oelek 200 g",
    "category": "Wereldkeukens, kruiden, pasta en rijst",
    "price": 1.38,
    "promoPrice": null,
    "pricePerUnit": "6.9 kg",
    "image": "https://www.jumbo.com/dam-images/fit-in/360x360/Products/09082023_1691584855634_1691584870767_8718452261772_1.png",
    "available": true,
    "promoUntil": null
  },
  {
    "id": "444634DSL",
    "title": "Peak Valley - Chardonnay 6 x 750 ml",
    "category": "Bier en wijn",
    "price": 21.54,
    "promoPrice": null,
    "pricePerUnit": "4.79 l",
    "image": "https://www.jumbo.com/dam-images/fit-in/360x360/Products/444634_4041584005193_1_T1_444634DSL1691073942523.png",
    "available": true,
    "promoUntil": null
  },
  {
    "id": "684354ZK",
    "title": "Jumbo - Diepvries Pistolets Wit - 4 Stuks",
    "category": "Diepvries",
    "price": 1.56,
    "promoPrice": null,
    "pricePerUnit": "4.88 kg",
    "image": "https://www.jumbo.com/dam-images/fit-in/360x360/Products/14022024_1707873914513_1707873922618_8718452722006_1.png",
    "available": true,
    "promoUntil": null
  },
  {
    "id": "691840FLS",
    "title": "Jumbo Wasverzachter Charming Magnolia 30 Wasbeurten",
    "category": "Huishouden en dieren",
    "price": 1.99,
    "promoPrice": null,
    "pricePerUnit": "0.07 wb",
    "image": "https://www.jumbo.com/dam-images/fit-in/360x360/Products/03062025_1748939606539_1748939611337_8718452900909_1.png",
    "available": true,
    "promoUntil": null
  },
  {
    "id": "94102PAK",
    "title": "Nutrilon Omneo 2 - Baby 6-12 Maanden 800g",
    "category": "Drogisterij en baby",
    "price": 22.66,
    "promoPrice": null,
    "pricePerUnit": "28.33 kg",
    "image": "https://www.jumbo.com/dam-images/fit-in/360x360/Products/28082025_1756398807490_1756398811298_8712400110105_1.png",
    "available": true,
    "promoUntil": null
  },
  {
    "id": "133605DS",
    "title": "Mora Classics Frikandellen 5 x 80 g",
    "category": "Diepvries",
    "price": 2.49,
    "promoPrice": null,
    "pricePerUnit": "6.23 kg",
    "image": "https://www.jumbo.com/dam-images/fit-in/360x360/Products/09082023_1691588709250_1691588723511_8710861993961_1.png",
    "available": true,
    "promoUntil": null
  },
  {
    "id": "660526ZK",
    "title": "Jumbo Flatbreads Brioche Stijl 4 Stuks",
    "category": "Brood en gebak",
    "price": 1.79,
    "promoPrice": null,
    "pricePerUnit": "8.95 kg",
    "image": "https://www.jumbo.com/dam-images/fit-in/360x360/Products/26062025_1750948394883_1750948403103_8718452880119_1.png",
    "available": true,
    "promoUntil": null
  },
  {
    "id": "596217FLS",
    "title": "Jumbo Brandspiritus 1L",
    "category": "Huishouden en dieren",
    "price": 2.69,
    "promoPrice": null,
    "pricePerUnit": "2.69 l",
    "image": "https://www.jumbo.com/dam-images/fit-in/360x360/Products/30102023_1698627606974_1698627614073_8719324686099_1.png",
    "available": true,
    "promoUntil": null
  },
  {
    "id": "194408PAK",
    "title": "Castello Creamy Blue 150 g",
    "category": "Vleeswaren, kaas en tapas",
    "price": 3.09,
    "promoPrice": null,
    "pricePerUnit": "20.6 kg",
    "image": "https://www.jumbo.com/dam-images/fit-in/360x360/Products/08082025_1754638396446_1754638402535_5740200001012_1.png",
    "available": true,
    "promoUntil": null
  },
  {
    "id": "681103STK",
    "title": "Jumbo Plantaardig Gerookte Zalm 100g",
    "category": "Vlees, vis en vega",
    "price": 4.59,
    "promoPrice": null,
    "pricePerUnit": "45.9 kg",
    "image": "https://www.jumbo.com/dam-images/fit-in/360x360/Products/11112024_1731339258765_1731339275829_8718452807284_1.png",
    "available": true,
    "promoUntil": null
  },
  {
    "id": "586495DSL",
    "title": "KITKAT Chunky White 24 x 40 g",
    "category": "Koek, snoep, chocolade en chips",
    "price": 20.29,
    "promoPrice": null,
    "pricePerUnit": "21.14 kg",
    "image": "https://www.jumbo.com/dam-images/fit-in/360x360/Products/3800020436820C1C1171289260036902232d51-35e8-433f-a467-52460da7cf71-1714034850141.png",
    "available": true,
    "promoUntil": null
  },
  {
    "id": "381987DSL",
    "title": "Jumbo Luiers Maat 4 9-14 kg 3 x 80 Stuks - Voordeelverpakking",
    "category": "Drogisterij en baby",
    "price": 32.97,
    "promoPrice": null,
    "pricePerUnit": "0.14 pieces",
    "image": "https://www.jumbo.com/dam-images/fit-in/360x360/Products/381987DSL-1692283126247.png",
    "available": true,
    "promoUntil": null
  },
  {
    "id": "659053PAK",
    "title": "Jumbo A.C.E Drink 6 x 500ML",
    "category": "Frisdrank en sappen",
    "price": 4.55,
    "promoPrice": null,
    "pricePerUnit": "1.52 l",
    "image": "https://www.jumbo.com/dam-images/fit-in/360x360/Products/8718452842360127a2db5f-a70f-4505-9d97-41c4a10d9d34-1731499567437.png",
    "available": true,
    "promoUntil": null
  },
  {
    "id": "608470STK",
    "title": "Jumbo - Kaasbroodjes - 2 Stuks",
    "category": "Brood en gebak",
    "price": 4.09,
    "promoPrice": null,
    "pricePerUnit": "22.72 kg",
    "image": "https://www.jumbo.com/dam-images/fit-in/360x360/Products/12122024_1734014901981_1734014906207_8718452468331_1.png",
    "available": true,
    "promoUntil": null
  },
  {
    "id": "143762PAK",
    "title": "Dr. Oetker Casa di Mama Pizza Salame extra piccante 415 g",
    "category": "Diepvries",
    "price": 4.29,
    "promoPrice": null,
    "pricePerUnit": "10.34 kg",
    "image": "https://www.jumbo.com/dam-images/fit-in/360x360/Products/17042025_1744859244576_1744859256479_143762_PAK_04001724016588_C1N1_s04.png",
    "available": true,
    "promoUntil": null
  },
  {
    "id": "670383PAK",
    "title": "Taksi Drakenfruit Geen suiker toegevoegd 1,5L",
    "category": "Frisdrank en sappen",
    "price": 1.99,
    "promoPrice": null,
    "pricePerUnit": "1.33 l",
    "image": "https://www.jumbo.com/dam-images/fit-in/360x360/Products/28062025_1751074608958_1751074622071_670383_PAK_08720157402824_A1N1.png",
    "available": true,
    "promoUntil": null
  },
  {
    "id": "673443DS",
    "title": "Sonrisa - Verdejo - 3 L",
    "category": "Bier en wijn",
    "price": 9.99,
    "promoPrice": null,
    "pricePerUnit": "3.33 l",
    "image": "https://www.jumbo.com/dam-images/fit-in/360x360/Products/26032025_1742974366662_1742974373498_8420202008086_1.png",
    "available": true,
    "promoUntil": null
  },
  {
    "id": "622408ZK",
    "title": "Jumbo Gesneden Kastanjechampignons 250 g",
    "category": "Aardappelen, groente en fruit",
    "price": 2.19,
    "promoPrice": null,
    "pricePerUnit": "8.76 kg",
    "image": "https://www.jumbo.com/dam-images/fit-in/360x360/Products/07022025_1738956793133_1738956798717_8718452797790_1.png",
    "available": true,
    "promoUntil": null
  },
  {
    "id": "33196FLS",
    "title": "Quinta da Trovisca - Tawny Port - 750ML",
    "category": "Bier en wijn",
    "price": 6.99,
    "promoPrice": null,
    "pricePerUnit": "9.32 l",
    "image": "https://www.jumbo.com/dam-images/fit-in/360x360/Products/10082023_1691675025064_1691675047912_5605891982036_1.png",
    "available": true,
    "promoUntil": null
  },
  {
    "id": "482731ZK",
    "title": "Doritos Cool American Tortilla Chips 170 gr",
    "category": "Koek, snoep, chocolade en chips",
    "price": 2.29,
    "promoPrice": null,
    "pricePerUnit": "13.47 kg",
    "image": "https://www.jumbo.com/dam-images/fit-in/360x360/Products/26062025_1750926826656_1750926831450_8710398523617_1.png",
    "available": true,
    "promoUntil": null
  },
  {
    "id": "554983FLS",
    "title": "Color Reus Gel 855 ml - 19 wasbeurten",
    "category": "Huishouden en dieren",
    "price": 9.2,
    "promoPrice": null,
    "pricePerUnit": "0.48 wb",
    "image": "https://www.jumbo.com/dam-images/fit-in/360x360/Products/09042024_1712629773141_1712629775462_554983_FLS_05410091769659_C1N1.png",
    "available": true,
    "promoUntil": null
  },
  {
    "id": "431357PKL",
    "title": "Hero Cassis The Original 6 x 0,5L ",
    "category": "Frisdrank en sappen",
    "price": 8.64,
    "promoPrice": null,
    "pricePerUnit": "2.88 l",
    "image": "https://www.jumbo.com/dam-images/fit-in/360x360/Products/27052025_1748352766486_1748352775208_8713500232032_1.png",
    "available": true,
    "promoUntil": null
  },
  {
    "id": "197910DS",
    "title": "Van Dobben Airfryer & Oven Rundvlees Croquetten 4 x 80 g",
    "category": "Diepvries",
    "price": 4.99,
    "promoPrice": null,
    "pricePerUnit": "15.59 kg",
    "image": "https://www.jumbo.com/dam-images/fit-in/360x360/Products/09082023_1691593191862_1691593233099_8710861999130_1.png",
    "available": true,
    "promoUntil": null
  },
  {
    "id": "639093DS",
    "title": "Lay's Fun Mix Multipack Chips 15 x 27,5 g",
    "category": "Koek, snoep, chocolade en chips",
    "price": 6.49,
    "promoPrice": null,
    "pricePerUnit": "6.49 pieces",
    "image": "https://www.jumbo.com/dam-images/fit-in/360x360/Products/06082025_1754487218287_1754487226307_8710398531131_1.png",
    "available": true,
    "promoUntil": null
  },
  {
    "id": "675404FLS",
    "title": "ElPicu Cocos 700ML",
    "category": "Bier en wijn",
    "price": 7.99,
    "promoPrice": null,
    "pricePerUnit": "11.41 l",
    "image": "https://www.jumbo.com/dam-images/fit-in/360x360/Products/08710924284104C1N10fb8fdac-8be3-4584-82a2-62830c9f1fe8-1749800917773.png",
    "available": true,
    "promoUntil": null
  },
  {
    "id": "667484STK",
    "title": "HEMA Aanstekers 2 stuks",
    "category": "Non-food en servicebalie",
    "price": 2.19,
    "promoPrice": null,
    "pricePerUnit": "1.1 pieces",
    "image": "https://www.jumbo.com/dam-images/fit-in/360x360/Products/04122024_1733315281599_1733315285456_667484_STK_08720354751855_C1N1.png",
    "available": true,
    "promoUntil": null
  },
  {
    "id": "681227TRA",
    "title": "Jumbo Plantaardig Balletjes 200g",
    "category": "Vlees, vis en vega",
    "price": 1.59,
    "promoPrice": null,
    "pricePerUnit": "7.95 kg",
    "image": "https://www.jumbo.com/dam-images/fit-in/360x360/Products/06032025_1741249973073_1741249981501_8718452705504_1.png",
    "available": true,
    "promoUntil": null
  },
  {
    "id": "525157ZK",
    "title": "Smuldier Pens & Hart Complete Maaltijd 400 g",
    "category": "Diepvries",
    "price": 1.89,
    "promoPrice": null,
    "pricePerUnit": "4.73 kg",
    "image": "https://www.jumbo.com/dam-images/fit-in/360x360/Products/03062024_1717420814537_1717420822306_8720795350099_1.png",
    "available": true,
    "promoUntil": null
  },
  {
    "id": "642074KGR",
    "title": "Jumbo Gegrilde Kalkoenfilet ca. 115 g",
    "category": "Vleeswaren, kaas en tapas",
    "price": 3.0,
    "promoPrice": null,
    "pricePerUnit": "26.09 kg",
    "image": "https://www.jumbo.com/dam-images/fit-in/360x360/Products/12122024_1734014904348_1734014913753_2348588000000_1.png",
    "available": true,
    "promoUntil": null
  },
  {
    "id": "363244FLS",
    "title": "Feu! - Rosé - 750ML",
    "category": "Bier en wijn",
    "price": 5.49,
    "promoPrice": null,
    "pricePerUnit": "7.32 l",
    "image": "https://www.jumbo.com/dam-images/fit-in/360x360/Products/09082023_1691586974494_1691586979086_3149070035806_1.png",
    "available": true,
    "promoUntil": null
  },
  {
    "id": "565685BAK",
    "title": "Jumbo Noedels Oriëntaals 900 g",
    "category": "Verse maaltijden en gemak",
    "price": 5.49,
    "promoPrice": null,
    "pricePerUnit": "6.1 kg",
    "image": "https://www.jumbo.com/dam-images/fit-in/360x360/Products/14022024_1707872745711_1707872757288_8718452742769_1.png",
    "available": true,
    "promoUntil": null
  },
  {
    "id": "687006ZK",
    "title": "Jumbo Borrelnoten Provençaals 300 g",
    "category": "Koek, snoep, chocolade en chips",
    "price": 1.25,
    "promoPrice": null,
    "pricePerUnit": "4.17 kg",
    "image": "https://www.jumbo.com/dam-images/fit-in/360x360/Products/25042025_1745580812266_1745580830345_8718452895380_596.png",
    "available": true,
    "promoUntil": null
  },
  {
    "id": "520072STK",
    "title": "Rosewood Chicken Sticks 10 Stuks",
    "category": "Huishouden en dieren",
    "price": 3.51,
    "promoPrice": null,
    "pricePerUnit": "35.1 kg",
    "image": "https://www.jumbo.com/dam-images/fit-in/360x360/Products/26082025_1756173819749_1756173823981_520072_STK_08712113454862_C1N1_s01.png",
    "available": true,
    "promoUntil": null
  },
  {
    "id": "690003KGR",
    "title": "Jumbo Zeeuws Spek ca. 100 g",
    "category": "Vleeswaren, kaas en tapas",
    "price": 3.19,
    "promoPrice": null,
    "pricePerUnit": "29.0 kg",
    "image": "https://www.jumbo.com/dam-images/fit-in/360x360/Products/04072025_1751617977910_1751617988356_2353056000000_1.png",
    "available": true,
    "promoUntil": null
  },
  {
    "id": "169910STK",
    "title": "Santa Maria Fajita Kruidenmix 28 g",
    "category": "Wereldkeukens, kruiden, pasta en rijst",
    "price": 1.02,
    "promoPrice": null,
    "pricePerUnit": "36.43 kg",
    "image": "https://www.jumbo.com/dam-images/fit-in/360x360/Products/13092025_1757730193600_1757730212945_169910_STK_.png",
    "available": true,
    "promoUntil": null
  },
  {
    "id": "484403DS",
    "title": "Beckers Rundvlees Kroketten Family Pack 8 x 70 g",
    "category": "Diepvries",
    "price": 3.99,
    "promoPrice": null,
    "pricePerUnit": "7.12 kg",
    "image": "https://www.jumbo.com/dam-images/fit-in/360x360/Products/08710555675074C1N10a6306e4-fba8-4a06-9aff-a8b1957adbbf-1713361648678.png",
    "available": true,
    "promoUntil": null
  },
  {
    "id": "361367POT",
    "title": "Hak Rode Kool 700 g",
    "category": "Aardappelen, groente en fruit",
    "price": 2.89,
    "promoPrice": null,
    "pricePerUnit": "4.13 kg",
    "image": "https://www.jumbo.com/dam-images/fit-in/360x360/Products/10082023_1691677734927_1691677742393_8720600619687_1.png",
    "available": true,
    "promoUntil": null
  },
  {
    "id": "349895DS",
    "title": "Jumbo Ananas 250 g",
    "category": "Aardappelen, groente en fruit",
    "price": 1.87,
    "promoPrice": null,
    "pricePerUnit": "7.48 kg",
    "image": "https://www.jumbo.com/dam-images/fit-in/360x360/Products/09082023_1691586928916_1691586952883_8718452463596_1.png",
    "available": true,
    "promoUntil": null
  },
  {
    "id": "613421DS",
    "title": "Magnum Mini IJs Double Caramel & Almond Billionaire 6 stuks 6 x 55ml",
    "category": "Diepvries",
    "price": 6.59,
    "promoPrice": null,
    "pricePerUnit": "19.97 l",
    "image": "https://www.jumbo.com/dam-images/fit-in/360x360/Products/01092025_1756722868662_1756722872451_8711327585782_1.png",
    "available": true,
    "promoUntil": null
  },
  {
    "id": "223009ZK",
    "title": "Jumbo's Lasagnebladen 250 g",
    "category": "Wereldkeukens, kruiden, pasta en rijst",
    "price": 2.29,
    "promoPrice": null,
    "pricePerUnit": "9.16 kg",
    "image": "https://www.jumbo.com/dam-images/fit-in/360x360/Products/23092024_1727091277103_1727091282822_8718452832590_1.png",
    "available": true,
    "promoUntil": null
  },
  {
    "id": "670185PAK",
    "title": "Lipton Ice Tea Peach 4 x 250 ml",
    "category": "Frisdrank en sappen",
    "price": 3.59,
    "promoPrice": null,
    "pricePerUnit": "3.59 l",
    "image": "https://www.jumbo.com/dam-images/fit-in/360x360/Products/08711327572140H1N1b75c61f5-71d6-4901-a335-159147e0579e-1719934100092.png",
    "available": true,
    "promoUntil": null
  },
  {
    "id": "594662SC",
    "title": "Vers Aan Tafel Moussaka Vegetarisch 585 g",
    "category": "Verse maaltijden en gemak",
    "price": 5.99,
    "promoPrice": null,
    "pricePerUnit": "10.24 kg",
    "image": "https://www.jumbo.com/dam-images/fit-in/360x360/Products/14022024_1707873858945_1707873869081_8717568249056_1.png",
    "available": true,
    "promoUntil": null
  },
  {
    "id": "547254FLS",
    "title": "Jumbo Shot Gember, Appel & Citroen 125ML",
    "category": "Frisdrank en sappen",
    "price": 1.0,
    "promoPrice": null,
    "pricePerUnit": "8.0 l",
    "image": "https://www.jumbo.com/dam-images/fit-in/360x360/Products/04112024_1730752387427_1730752392636_8718452863846_1.png",
    "available": true,
    "promoUntil": null
  },
  {
    "id": "226080STK",
    "title": "McVitie's Digestives The Original Tarwebiscuit 400 g",
    "category": "Koek, snoep, chocolade en chips",
    "price": 2.08,
    "promoPrice": null,
    "pricePerUnit": "5.2 kg",
    "image": "https://www.jumbo.com/dam-images/fit-in/360x360/Products/15022024_1707967879027_1707967884769_226080_STK_05000396045802_H1N1.png",
    "available": true,
    "promoUntil": null
  },
  {
    "id": "580842FLS",
    "title": "Tiempo & Tierra - Merlot - 750ML",
    "category": "Bier en wijn",
    "price": 4.99,
    "promoPrice": null,
    "pricePerUnit": "6.65 l",
    "image": "https://www.jumbo.com/dam-images/fit-in/360x360/Products/25032024_1711381456401_1711381460638_8411971008063_1.png",
    "available": true,
    "promoUntil": null
  },
  {
    "id": "396251DS",
    "title": "Knoppers Peanut Bar 5 x 40 g",
    "category": "Koek, snoep, chocolade en chips",
    "price": 2.65,
    "promoPrice": null,
    "pricePerUnit": "13.25 kg",
    "image": "https://www.jumbo.com/dam-images/fit-in/360x360/Products/01032024_1709289248143_1709289255155_4014400929355_1.png",
    "available": true,
    "promoUntil": null
  },
  {
    "id": "367279KGR",
    "title": "Jumbo Cremepaté ca. 170 g",
    "category": "Vleeswaren, kaas en tapas",
    "price": 2.97,
    "promoPrice": null,
    "pricePerUnit": "17.5 kg",
    "image": "https://www.jumbo.com/dam-images/fit-in/360x360/Products/09092025_1757421313693_1757421318247_2333441000000_1.png",
    "available": true,
    "promoUntil": null
  },
  {
    "id": "158011FLS",
    "title": "Roche Mazet - Merlot - Rosé - 750ML",
    "category": "Bier en wijn",
    "price": 5.29,
    "promoPrice": null,
    "pricePerUnit": "7.05 l",
    "image": "https://www.jumbo.com/dam-images/fit-in/360x360/Products/158011_3175529633224_1_T1_158011FLS1691393564618.png",
    "available": true,
    "promoUntil": null
  },
  {
    "id": "172680ZK",
    "title": "Bolletje Kruidnoten de Originele 200 g",
    "category": "Koek, snoep, chocolade en chips",
    "price": 1.19,
    "promoPrice": null,
    "pricePerUnit": "5.95 kg",
    "image": "https://www.jumbo.com/dam-images/fit-in/360x360/Products/17052024_1715911822672_1715911836270_172680_ZK_08710482532754_C1N1.png",
    "available": true,
    "promoUntil": null
  },
  {
    "id": "191963STK",
    "title": "Honig Macaroni Volkoren 550 g",
    "category": "Wereldkeukens, kruiden, pasta en rijst",
    "price": 1.87,
    "promoPrice": null,
    "pricePerUnit": "3.4 kg",
    "image": "https://www.jumbo.com/dam-images/fit-in/360x360/Products/04072025_1751598837932_1751598845222_191963_STK_08715700116433_H1N1.png",
    "available": true,
    "promoUntil": null
  },
  {
    "id": "577514STK",
    "title": "Jumbo - Stevig Meergranen - Knapperig en Vers",
    "category": "Brood en gebak",
    "price": 2.89,
    "promoPrice": null,
    "pricePerUnit": "2.89 pieces",
    "image": "https://www.jumbo.com/dam-images/fit-in/360x360/Products/14022024_1707873560807_1707873568863_8718452772032_2.png",
    "available": true,
    "promoUntil": null
  },
  {
    "id": "33035FLS",
    "title": "Gallo - Chardonnay - 750 ML",
    "category": "Bier en wijn",
    "price": 6.99,
    "promoPrice": null,
    "pricePerUnit": "9.32 l",
    "image": "https://www.jumbo.com/dam-images/fit-in/360x360/Products/12122024_1734014459665_1734014462059_85000005033_1.png",
    "available": true,
    "promoUntil": null
  },
  {
    "id": "578159CUP",
    "title": "Jumbo Kaasblokjes Jong Belegen 48+ Voordeelverpakking 200 g",
    "category": "Vleeswaren, kaas en tapas",
    "price": 3.75,
    "promoPrice": null,
    "pricePerUnit": "18.75 kg",
    "image": "https://www.jumbo.com/dam-images/fit-in/360x360/Products/14022024_1707873643852_1707873651581_8718452746859_1.png",
    "available": true,
    "promoUntil": null
  },
  {
    "id": "269291FLS",
    "title": "Jumbo Huiswijn - Soepel & Halfzoet - 1L",
    "category": "Bier en wijn",
    "price": 4.89,
    "promoPrice": null,
    "pricePerUnit": "4.89 l",
    "image": "https://www.jumbo.com/dam-images/fit-in/360x360/Products/29092023_1695995271109_1695995272908_8718452554768_1.png",
    "available": true,
    "promoUntil": null
  },
  {
    "id": "423730ZK",
    "title": "Jumbo Knapperige Salto's Paprika 125 g",
    "category": "Koek, snoep, chocolade en chips",
    "price": 1.24,
    "promoPrice": null,
    "pricePerUnit": "9.92 kg",
    "image": "https://www.jumbo.com/dam-images/fit-in/360x360/Products/28092023_1695920456317_1695920466712_8718452540907_1.png",
    "available": true,
    "promoUntil": null
  },
  {
    "id": "607627TRA",
    "title": "Garden Gourmet Oosterse Wokblokjes",
    "category": "Vlees, vis en vega",
    "price": 3.37,
    "promoPrice": null,
    "pricePerUnit": "21.06 kg",
    "image": "https://www.jumbo.com/dam-images/fit-in/360x360/Products/30012025_1738236770749_1738236789408_8445290894731_596.png",
    "available": true,
    "promoUntil": null
  },
  {
    "id": "568796ZK",
    "title": "Sportlife Smashmint Suikervrije kauwgom  5+1 Gratis 6 x 18 g",
    "category": "Koek, snoep, chocolade en chips",
    "price": 4.1,
    "promoPrice": null,
    "pricePerUnit": "37.96 kg",
    "image": "https://www.jumbo.com/dam-images/fit-in/360x360/Products/28052025_1748442791960_1748442798582_8711400409318_1.png",
    "available": true,
    "promoUntil": null
  },
  {
    "id": "45892STK",
    "title": "Kips Theeworst 125 g",
    "category": "Vleeswaren, kaas en tapas",
    "price": 2.59,
    "promoPrice": null,
    "pricePerUnit": "20.72 kg",
    "image": "https://www.jumbo.com/dam-images/fit-in/360x360/Products/26052025_1748229833231_1748229843040_45892_STK_08710991003776_C1N1.png",
    "available": true,
    "promoUntil": null
  },
  {
    "id": "593982POT",
    "title": "Jumbo Atjar Tjampoer 530 g",
    "category": "Wereldkeukens, kruiden, pasta en rijst",
    "price": 1.4,
    "promoPrice": null,
    "pricePerUnit": "4.83 kg",
    "image": "https://www.jumbo.com/dam-images/fit-in/360x360/Products/14022024_1707873716581_1707873726033_8718452713837_1.png",
    "available": true,
    "promoUntil": null
  },
  {
    "id": "573083FLS",
    "title": "Sisi No Bubbles - Zero Sugar - Tropical - Fles - 1,5 L",
    "category": "Frisdrank en sappen",
    "price": 2.59,
    "promoPrice": null,
    "pricePerUnit": "1.73 l",
    "image": "https://www.jumbo.com/dam-images/fit-in/360x360/Products/18032025_1742266575319_1742266580023_573083_FLS_08715600248463_C1N1.png",
    "available": true,
    "promoUntil": null
  },
  {
    "id": "568235PAK",
    "title": "Roosvicee Multivit Aardbei & Sinaasappel 1,5 L",
    "category": "Frisdrank en sappen",
    "price": 2.49,
    "promoPrice": null,
    "pricePerUnit": "1.66 l",
    "image": "https://www.jumbo.com/dam-images/fit-in/360x360/Products/26012025_1737858050133_1737858057301_568235_PAK_08710395949175_H1N1.png",
    "available": true,
    "promoUntil": null
  },
  {
    "id": "975141PAK",
    "title": "Iglo Rode kool met appeltjes 450 g",
    "category": "Diepvries",
    "price": 1.99,
    "promoPrice": null,
    "pricePerUnit": "4.42 kg",
    "image": "https://www.jumbo.com/dam-images/fit-in/360x360/Products/10092025_1757467209541_1757467226467_975141_PAK_08717774262641_A1N1.png",
    "available": true,
    "promoUntil": null
  },
  {
    "id": "645766KGR",
    "title": "Jumbo Biologisch Rookvlees ca. 100 g",
    "category": "Vleeswaren, kaas en tapas",
    "price": 3.6,
    "promoPrice": null,
    "pricePerUnit": "36.0 kg",
    "image": "https://www.jumbo.com/dam-images/fit-in/360x360/Products/04072025_1751617998529_1751618011391_2348989000000_596.png",
    "available": true,
    "promoUntil": null
  },
  {
    "id": "664907ZK",
    "title": "Venco Droptoppers Salmiak & Mint XL Verpakking 340 g",
    "category": "Koek, snoep, chocolade en chips",
    "price": 3.65,
    "promoPrice": null,
    "pricePerUnit": "10.74 kg",
    "image": "https://www.jumbo.com/dam-images/fit-in/360x360/Products/18012025_1737168394455_1737168403576_664907_ZK_08713800255960_H1N1.png",
    "available": true,
    "promoUntil": null
  },
  {
    "id": "669072STK",
    "title": "HEMA Satéprikkers 30 Stuks",
    "category": "Non-food en servicebalie",
    "price": 1.79,
    "promoPrice": null,
    "pricePerUnit": "0.06 pieces",
    "image": "https://www.jumbo.com/dam-images/fit-in/360x360/Products/12122024_1734004304693_1734004311521_669072_STK_08720354338872_C1N1.png",
    "available": true,
    "promoUntil": null
  },
  {
    "id": "14174STK",
    "title": "Otrivin Neusspray 1 mg/ ml, 10 ml",
    "category": "Drogisterij en baby",
    "price": 6.79,
    "promoPrice": null,
    "pricePerUnit": "679.0 l",
    "image": "https://www.jumbo.com/dam-images/fit-in/360x360/Products/24092025_1758672132545_1758672137354_8713177003010_1.png",
    "available": true,
    "promoUntil": null
  },
  {
    "id": "468720DS",
    "title": "Affligem Dubbel Bier Fles 6 x 300ml",
    "category": "Bier en wijn",
    "price": 8.49,
    "promoPrice": null,
    "pricePerUnit": "4.72 l",
    "image": "https://www.jumbo.com/dam-images/fit-in/360x360/Products/21082025_1755761586993_1755761592418_8712000056995_1.png",
    "available": true,
    "promoUntil": null
  },
  {
    "id": "156979FLS",
    "title": "Jumbo Badkamerreiniger 750 ML",
    "category": "Huishouden en dieren",
    "price": 2.19,
    "promoPrice": null,
    "pricePerUnit": "2.92 l",
    "image": "https://www.jumbo.com/dam-images/fit-in/360x360/Products/29092023_1695996695558_1695996698741_8718452727452_1.png",
    "available": true,
    "promoUntil": null
  },
  {
    "id": "624429ZK",
    "title": "PURINA® ONE Adult Rijk aan Kip kattenvoer 3 kg",
    "category": "Huishouden en dieren",
    "price": 18.41,
    "promoPrice": null,
    "pricePerUnit": "6.14 kg",
    "image": "https://www.jumbo.com/dam-images/fit-in/360x360/Products/20052025_1747706308133_1747706340428_624429_ZK_07613035618794_C1N1_s02.png",
    "available": true,
    "promoUntil": null
  },
  {
    "id": "212720FLS",
    "title": "Tussock Jumper - Sweet Cat Rosso - 750 ML",
    "category": "Bier en wijn",
    "price": 5.49,
    "promoPrice": null,
    "pricePerUnit": "7.32 l",
    "image": "https://www.jumbo.com/dam-images/fit-in/360x360/Products/09082023_1691595042286_1691595044011_3760204540388_1.png",
    "available": true,
    "promoUntil": null
  },
  {
    "id": "666090ZK",
    "title": "Jumbo Paprika Reepjes 450 g",
    "category": "Diepvries",
    "price": 1.79,
    "promoPrice": null,
    "pricePerUnit": "3.98 kg",
    "image": "https://www.jumbo.com/dam-images/fit-in/360x360/Products/30052025_1748619189432_1748619239201_8718452884421_596.png",
    "available": true,
    "promoUntil": null
  },
  {
    "id": "690256FLS",
    "title": "Dreft MaxPower Vloeibaar Afwasmiddel Hygiëne 730ml",
    "category": "Huishouden en dieren",
    "price": 7.59,
    "promoPrice": null,
    "pricePerUnit": "10.4 l",
    "image": "https://www.jumbo.com/dam-images/fit-in/360x360/Products/22082025_1755820925565_1755820928739_8700216891868_1.png",
    "available": true,
    "promoUntil": null
  },
  {
    "id": "668887DS",
    "title": "Brouwerij 't IJ - IJwit - Fles- 4x330ML",
    "category": "Bier en wijn",
    "price": 9.99,
    "promoPrice": null,
    "pricePerUnit": "7.57 l",
    "image": "https://www.jumbo.com/dam-images/fit-in/360x360/Products/08717545263921C1N1d8280b9e-fbed-4c1d-a460-566a93d35102-1742221890798.png",
    "available": true,
    "promoUntil": null
  },
  {
    "id": "226721BAK",
    "title": "Jumbo Aziatische Keuken Kip Zoetzuur 260 g",
    "category": "Verse maaltijden en gemak",
    "price": 3.59,
    "promoPrice": null,
    "pricePerUnit": "13.81 kg",
    "image": "https://www.jumbo.com/dam-images/fit-in/360x360/Products/19042024_1713526452022_1713526462203_8718452826735_1.png",
    "available": true,
    "promoUntil": null
  },
  {
    "id": "478566DS",
    "title": "Dr. Oetker Ristorante Pizza Spinazie 390 g",
    "category": "Diepvries",
    "price": 3.99,
    "promoPrice": null,
    "pricePerUnit": "10.23 kg",
    "image": "https://www.jumbo.com/dam-images/fit-in/360x360/Products/17042025_1744853581175_1744853590535_478566_DS_04001724039020_C1N1_s05.png",
    "available": true,
    "promoUntil": null
  },
  {
    "id": "95117ROL",
    "title": "LU Prince Choco koekjes chocolade vanille 171g",
    "category": "Koek, snoep, chocolade en chips",
    "price": 2.53,
    "promoPrice": null,
    "pricePerUnit": "14.8 kg",
    "image": "https://www.jumbo.com/dam-images/fit-in/360x360/Products/24092025_1758720817668_1758720826926_7622210124418_596.png",
    "available": true,
    "promoUntil": null
  },
  {
    "id": "618982CUP",
    "title": "Hertog IJs IJssalon Drie Chocolades 825ml",
    "category": "Diepvries",
    "price": 5.79,
    "promoPrice": null,
    "pricePerUnit": "7.02 l",
    "image": "https://www.jumbo.com/dam-images/fit-in/360x360/Products/15082025_1755219642164_1755219684974_618982_CUP_08711327617629_H1N1.png",
    "available": true,
    "promoUntil": null
  },
  {
    "id": "703579ZK",
    "title": "Old El Paso Original Gluten Free Tortillas 216g",
    "category": "Wereldkeukens, kruiden, pasta en rijst",
    "price": 3.69,
    "promoPrice": null,
    "pricePerUnit": "17.08 kg",
    "image": "https://www.jumbo.com/dam-images/fit-in/360x360/Products/06082025_1754444767527_1754444776423_703579_ZK_08410076474001_C1N1.png",
    "available": true,
    "promoUntil": null
  },
  {
    "id": "643833STK",
    "title": "Kamar Hot Dog Pullo 400 g",
    "category": "Vleeswaren, kaas en tapas",
    "price": 2.99,
    "promoPrice": null,
    "pricePerUnit": "7.48 kg",
    "image": "https://www.jumbo.com/dam-images/fit-in/360x360/Products/15102024_1728977646141_1728977655089_4008460266581_1.png",
    "available": true,
    "promoUntil": null
  },
  {
    "id": "427968FLS",
    "title": "Royal Club Ginger Beer 0% Suiker 1 L",
    "category": "Frisdrank en sappen",
    "price": 2.49,
    "promoPrice": null,
    "pricePerUnit": "2.49 l",
    "image": "https://www.jumbo.com/dam-images/fit-in/360x360/Products/10082023_1691675813375_1691675817281_8715600245431_1.png",
    "available": true,
    "promoUntil": null
  },
  {
    "id": "186181PAK",
    "title": "Jumbo Basmati Rijst 400 g",
    "category": "Wereldkeukens, kruiden, pasta en rijst",
    "price": 1.36,
    "promoPrice": null,
    "pricePerUnit": "3.4 kg",
    "image": "https://www.jumbo.com/dam-images/fit-in/360x360/Products/07032025_1741354387395_1741354402834_8718452839810_596.png",
    "available": true,
    "promoUntil": null
  },
  {
    "id": "214111PAK",
    "title": "Rummo Fusilli 48 500 g",
    "category": "Wereldkeukens, kruiden, pasta en rijst",
    "price": 2.49,
    "promoPrice": null,
    "pricePerUnit": "4.98 kg",
    "image": "https://www.jumbo.com/dam-images/fit-in/360x360/Products/214111_8008343200486_1_T1_214111PAK1691327059460.png",
    "available": true,
    "promoUntil": null
  },
  {
    "id": "652386ZK",
    "title": "Jumbo Knapperige Pinda Smikkels 200 g",
    "category": "Koek, snoep, chocolade en chips",
    "price": 0.99,
    "promoPrice": null,
    "pricePerUnit": "4.95 kg",
    "image": "https://www.jumbo.com/dam-images/fit-in/360x360/Products/08052025_1746714770804_1746714792635_8718452871339_596.png",
    "available": true,
    "promoUntil": null
  },
  {
    "id": "484353DS",
    "title": "Mora Originals Mmmix Pack 9 stuks 660 g",
    "category": "Diepvries",
    "price": 6.79,
    "promoPrice": null,
    "pricePerUnit": "10.29 kg",
    "image": "https://www.jumbo.com/dam-images/fit-in/360x360/Products/484353_8710861910630_1_T1_163669KST1691161412537.png",
    "available": true,
    "promoUntil": null
  },
  {
    "id": "443891PAK",
    "title": "Jumbo - Sandwich Brood Naturel - 250 g",
    "category": "Brood en gebak",
    "price": 2.99,
    "promoPrice": null,
    "pricePerUnit": "11.96 kg",
    "image": "https://www.jumbo.com/dam-images/fit-in/360x360/Products/10082023_1691675595978_1691675604050_8718452552320_1.png",
    "available": true,
    "promoUntil": null
  },
  {
    "id": "674663BLK",
    "title": "Monster Energy Ultra 500 ml",
    "category": "Frisdrank en sappen",
    "price": 2.29,
    "promoPrice": null,
    "pricePerUnit": "4.58 l",
    "image": "https://www.jumbo.com/dam-images/fit-in/360x360/Products/23012025_1737660808023_1737660811731_5060947543201_1.png",
    "available": true,
    "promoUntil": null
  },
  {
    "id": "608472STK",
    "title": "Jumbo Focaccia Knoflookboter & Mozzarella 300g",
    "category": "Brood en gebak",
    "price": 2.49,
    "promoPrice": null,
    "pricePerUnit": "8.3 kg",
    "image": "https://www.jumbo.com/dam-images/fit-in/360x360/Products/12122024_1734014580981_1734014597094_8718452612529_1.png",
    "available": true,
    "promoUntil": null
  },
  {
    "id": "424538PAK",
    "title": "Bar-le-Duc Natuurlijk Mineraalwater pak 0,5 L",
    "category": "Frisdrank en sappen",
    "price": 0.5,
    "promoPrice": null,
    "pricePerUnit": "1.0 l",
    "image": "https://www.jumbo.com/dam-images/fit-in/360x360/Products/26052025_1748226293650_1748226296210_424538_PAK_00000087351873_C1N1.png",
    "available": true,
    "promoUntil": null
  },
  {
    "id": "621394ZK",
    "title": "Jumbo Luierbroekjes Maat 7 17+ kg 16 Stuks",
    "category": "Drogisterij en baby",
    "price": 5.29,
    "promoPrice": null,
    "pricePerUnit": "0.33 pieces",
    "image": "https://www.jumbo.com/dam-images/fit-in/360x360/Products/12122024_1734014684730_1734014691485_8718452668403_1.png",
    "available": true,
    "promoUntil": null
  },
  {
    "id": "551126BAK",
    "title": "Johma Oudekaas Sweet Chili Salade 175 g",
    "category": "Vleeswaren, kaas en tapas",
    "price": 3.49,
    "promoPrice": null,
    "pricePerUnit": "19.94 kg",
    "image": "https://www.jumbo.com/dam-images/fit-in/360x360/Products/09012025_1736389005480_1736389014655_551126_BAK_08710506086584_C1N1.png",
    "available": true,
    "promoUntil": null
  },
  {
    "id": "161336PAK",
    "title": "Arizona Green Tea met Honing 1,5L",
    "category": "Frisdrank en sappen",
    "price": 2.56,
    "promoPrice": null,
    "pricePerUnit": "1.71 l",
    "image": "https://www.jumbo.com/dam-images/fit-in/360x360/Products/12122024_1734014500403_1734014504201_613008732806_1.png",
    "available": true,
    "promoUntil": null
  },
  {
    "id": "564613KGR",
    "title": "Beemster Kaas Jong Belegen 30+ Plakken ca. 175 g",
    "category": "Vleeswaren, kaas en tapas",
    "price": 3.67,
    "promoPrice": null,
    "pricePerUnit": "20.99 kg",
    "image": "https://www.jumbo.com/dam-images/fit-in/360x360/Products/08052024_1715182453506_1715182458958_2336054000000_1.png",
    "available": true,
    "promoUntil": null
  },
  {
    "id": "523500DS",
    "title": "Honig Maaltijdmix voor Italiaanse Kruidensaus 68 g",
    "category": "Wereldkeukens, kruiden, pasta en rijst",
    "price": 1.99,
    "promoPrice": null,
    "pricePerUnit": "29.26 kg",
    "image": "https://www.jumbo.com/dam-images/fit-in/360x360/Products/18072025_1752802835775_1752802847960_523500_DS_08714700170308_H1N1.png",
    "available": true,
    "promoUntil": null
  },
  {
    "id": "590956FLS",
    "title": "Jumbo - Côtes du Rhône - Villages 750ML",
    "category": "Bier en wijn",
    "price": 6.99,
    "promoPrice": null,
    "pricePerUnit": "9.32 l",
    "image": "https://www.jumbo.com/dam-images/fit-in/360x360/Products/27052025_1748352766464_1748352769809_8718452711963_1.png",
    "available": true,
    "promoUntil": null
  },
  {
    "id": "394144TRA",
    "title": "Jumbo Vegetarische Filet Americain 150 g",
    "category": "Vleeswaren, kaas en tapas",
    "price": 2.39,
    "promoPrice": null,
    "pricePerUnit": "15.93 kg",
    "image": "https://www.jumbo.com/dam-images/fit-in/360x360/Products/16012024_1705422785698_1705422799243_8718452750474_1.png",
    "available": true,
    "promoUntil": null
  },
  {
    "id": "482728ZK",
    "title": "Lay's Max Ribbel Chips Patatje Joppie 185 gr",
    "category": "Koek, snoep, chocolade en chips",
    "price": 2.37,
    "promoPrice": null,
    "pricePerUnit": "12.81 kg",
    "image": "https://www.jumbo.com/dam-images/fit-in/360x360/Products/03042025_1743680028859_1743680034252_8710398524171_1.png",
    "available": true,
    "promoUntil": null
  },
  {
    "id": "73806PAK",
    "title": "Verkade Specials Lange Nekken 150 g (5 x 2 stuks)",
    "category": "Koek, snoep, chocolade en chips",
    "price": 2.84,
    "promoPrice": null,
    "pricePerUnit": "18.93 kg",
    "image": "https://www.jumbo.com/dam-images/fit-in/360x360/Products/03012025_1735871682901_1735871689131_73806_PAK_08710412042254_H1N1.png",
    "available": true,
    "promoUntil": null
  },
  {
    "id": "687001FLS",
    "title": "François Martenot - Pinot Noir - 750ML",
    "category": "Bier en wijn",
    "price": 7.59,
    "promoPrice": null,
    "pricePerUnit": "10.12 l",
    "image": "https://www.jumbo.com/dam-images/fit-in/360x360/Products/22042025_1745328768336_1745328771934_3120581439697_1.png",
    "available": true,
    "promoUntil": null
  },
  {
    "id": "533718KRT",
    "title": "Gulpener - Pilsner - Krat - 24 x 300ML",
    "category": "Bier en wijn",
    "price": 19.75,
    "promoPrice": null,
    "pricePerUnit": "2.74 l",
    "image": "https://www.jumbo.com/dam-images/fit-in/360x360/Products/14022024_1707873088315_1707873095704_8725500211009_1.png",
    "available": true,
    "promoUntil": null
  },
  {
    "id": "698320TRA",
    "title": "Jumbo Kipballetjes 360 g",
    "category": "Vleeswaren, kaas en tapas",
    "price": 2.99,
    "promoPrice": null,
    "pricePerUnit": "8.31 kg",
    "image": "https://www.jumbo.com/dam-images/fit-in/360x360/Products/13082025_1755095615674_1755095621464_8718452965410_1.png",
    "available": true,
    "promoUntil": null
  },
  {
    "id": "453384STK",
    "title": "Swirl Vuilniszakken met Trekband Emboss 60 liter 10 stuks",
    "category": "Huishouden en dieren",
    "price": 2.72,
    "promoPrice": null,
    "pricePerUnit": "0.27 pieces",
    "image": "https://www.jumbo.com/dam-images/fit-in/360x360/Products/20052025_1747722744974_1747722750006_4008871215987_1.png",
    "available": true,
    "promoUntil": null
  },
  {
    "id": "145702ZK",
    "title": "Hebro Kipsaté Pittig 4 Stokjes 172 g",
    "category": "Diepvries",
    "price": 2.49,
    "promoPrice": null,
    "pricePerUnit": "14.48 kg",
    "image": "https://www.jumbo.com/dam-images/fit-in/360x360/Products/145702_8710861910661_1_T1_145702ZK1691393976008.png",
    "available": true,
    "promoUntil": null
  },
  {
    "id": "438799ZK",
    "title": "Jumbo Blad Spinazie 450 g",
    "category": "Aardappelen, groente en fruit",
    "price": 1.08,
    "promoPrice": null,
    "pricePerUnit": "2.4 kg",
    "image": "https://www.jumbo.com/dam-images/fit-in/360x360/Products/14022024_1707872789269_1707872793100_8718452722624_1.png",
    "available": true,
    "promoUntil": null
  },
  {
    "id": "549066DS",
    "title": "Jumbo Pureersoep Tomaat 600 g",
    "category": "Verse maaltijden en gemak",
    "price": 4.03,
    "promoPrice": null,
    "pricePerUnit": "6.72 kg",
    "image": "https://www.jumbo.com/dam-images/fit-in/360x360/Products/16072024_1721144059724_1721144068283_8718452795741_1.png",
    "available": true,
    "promoUntil": null
  },
  {
    "id": "538517PAK",
    "title": "Bavaria - Pilsener - Blik - 12 x 330ML",
    "category": "Bier en wijn",
    "price": 9.99,
    "promoPrice": null,
    "pricePerUnit": "2.52 l",
    "image": "https://www.jumbo.com/dam-images/fit-in/360x360/Products/05082024_1722816020151_1722816023209_8714800046763_1.png",
    "available": true,
    "promoUntil": null
  },
  {
    "id": "525154ZK",
    "title": "Smuldier Eend & Rund Complete Maaltijd 400 g",
    "category": "Diepvries",
    "price": 1.89,
    "promoPrice": null,
    "pricePerUnit": "4.73 kg",
    "image": "https://www.jumbo.com/dam-images/fit-in/360x360/Products/03062024_1717420814326_1717420821861_8720795350082_1.png",
    "available": true,
    "promoUntil": null
  },
  {
    "id": "521780DS",
    "title": "Honig Basis voor Bami Goreng 67 g",
    "category": "Wereldkeukens, kruiden, pasta en rijst",
    "price": 1.99,
    "promoPrice": null,
    "pricePerUnit": "29.7 kg",
    "image": "https://www.jumbo.com/dam-images/fit-in/360x360/Products/18072025_1752803880102_1752803890226_521780_DS_08714700170261_H1N1.png",
    "available": true,
    "promoUntil": null
  },
  {
    "id": "184909STK",
    "title": "Chio Heart Breakers Paprika 125 g",
    "category": "Koek, snoep, chocolade en chips",
    "price": 1.99,
    "promoPrice": null,
    "pricePerUnit": "15.92 kg",
    "image": "https://www.jumbo.com/dam-images/fit-in/360x360/Products/24062025_1750789968724_1750789974568_8710532449209_1.png",
    "available": true,
    "promoUntil": null
  },
  {
    "id": "269547STK",
    "title": "Jumbo Huiswijn - Chardonnay - 250ML",
    "category": "Bier en wijn",
    "price": 2.29,
    "promoPrice": null,
    "pricePerUnit": "9.16 l",
    "image": "https://www.jumbo.com/dam-images/fit-in/360x360/Products/18092023_1695043371738_1695043373586_8718452380626_1.png",
    "available": true,
    "promoUntil": null
  },
  {
    "id": "647656STK",
    "title": "Jumbo Saksische Leverworst 225 g",
    "category": "Vleeswaren, kaas en tapas",
    "price": 2.5,
    "promoPrice": null,
    "pricePerUnit": "11.11 kg",
    "image": "https://www.jumbo.com/dam-images/fit-in/360x360/Products/03122024_1733229155475_1733229160191_8718452869268_1.png",
    "available": true,
    "promoUntil": null
  },
  {
    "id": "482718ZK",
    "title": "Lay's Max Ribbel Chips Heinz Tomaten Ketchup 185 gr",
    "category": "Koek, snoep, chocolade en chips",
    "price": 2.39,
    "promoPrice": null,
    "pricePerUnit": "12.92 kg",
    "image": "https://www.jumbo.com/dam-images/fit-in/360x360/Products/24092025_1758676422770_1758676434704_482718_ZK_08710398524119_C1N1.png",
    "available": true,
    "promoUntil": null
  },
  {
    "id": "600041BAK",
    "title": "Pittige Kip Salade 250 g",
    "category": "Vleeswaren, kaas en tapas",
    "price": 1.99,
    "promoPrice": null,
    "pricePerUnit": "7.96 kg",
    "image": "https://www.jumbo.com/dam-images/fit-in/360x360/Products/16012024_1705422786236_1705422799169_8710378860565_1.png",
    "available": true,
    "promoUntil": null
  },
  {
    "id": "340554DS",
    "title": "Jumbo Bamischijven 4 Stuks",
    "category": "Diepvries",
    "price": 1.59,
    "promoPrice": null,
    "pricePerUnit": "4.97 kg",
    "image": "https://www.jumbo.com/dam-images/fit-in/360x360/Products/08072025_1751985168585_1751985186901_8718452767021_596.png",
    "available": true,
    "promoUntil": null
  },
  {
    "id": "675922DS",
    "title": "Magnum IJs Utopia Double Cherry 3 x 85 ml",
    "category": "Diepvries",
    "price": 4.39,
    "promoPrice": null,
    "pricePerUnit": "17.22 l",
    "image": "https://www.jumbo.com/dam-images/fit-in/360x360/Products/01092025_1756722869374_1756722874705_8711327663695_1.png",
    "available": true,
    "promoUntil": null
  },
  {
    "id": "431075PAK",
    "title": "SPA REINE Natuurlijk Mineraalwater 6 x 33 cl sportdop Kids",
    "category": "Frisdrank en sappen",
    "price": 3.77,
    "promoPrice": null,
    "pricePerUnit": "1.9 l",
    "image": "https://www.jumbo.com/dam-images/fit-in/360x360/Products/08092025_1757316991170_1757316995367_5410013117872_1.png",
    "available": true,
    "promoUntil": null
  },
  {
    "id": "608221STK",
    "title": "van Oers Grand Mère Huzarensalade 1000 g",
    "category": "Verse maaltijden en gemak",
    "price": 4.45,
    "promoPrice": null,
    "pricePerUnit": "4.45 kg",
    "image": "https://www.jumbo.com/dam-images/fit-in/360x360/Products/12122024_1734014623144_1734014631634_8712404000365_1.png",
    "available": true,
    "promoUntil": null
  },
  {
    "id": "770388PAK",
    "title": "Koopmans Bladerdeeg Roomboter 10 Plakjes 450 g",
    "category": "Diepvries",
    "price": 2.99,
    "promoPrice": null,
    "pricePerUnit": "6.64 kg",
    "image": "https://www.jumbo.com/dam-images/fit-in/360x360/Products/09042025_1744171277611_1744171287527_770388_PAK_08710683008058_C1N1_s03.png",
    "available": true,
    "promoUntil": null
  },
  {
    "id": "188968ZK",
    "title": "Chocolate Eclairs 150 g",
    "category": "Koek, snoep, chocolade en chips",
    "price": 1.55,
    "promoPrice": null,
    "pricePerUnit": "10.33 kg",
    "image": "https://www.jumbo.com/dam-images/fit-in/360x360/Products/09082023_1691584438554_1691584457507_8714601010574_1.png",
    "available": true,
    "promoUntil": null
  },
  {
    "id": "579712DS",
    "title": "Dr. Oetker Mini Pizza Formaggi 3 Stuks 300 g",
    "category": "Diepvries",
    "price": 3.99,
    "promoPrice": null,
    "pricePerUnit": "13.3 kg",
    "image": "https://www.jumbo.com/dam-images/fit-in/360x360/Products/17042025_1744860740270_1744860748666_579712_DS_04001724046615_C1N1_s02.png",
    "available": true,
    "promoUntil": null
  },
  {
    "id": "561923FLS",
    "title": "Andrélon Shampoo & Conditioner 2 in 1 300 ml",
    "category": "Drogisterij en baby",
    "price": 5.49,
    "promoPrice": null,
    "pricePerUnit": "18.3 l",
    "image": "https://www.jumbo.com/dam-images/fit-in/360x360/Products/06022024_1707186593928_1707186617958_561923_FLS_08720181327711_H1N1.png",
    "available": true,
    "promoUntil": null
  },
  {
    "id": "618422DS",
    "title": "Jumbo Ananas 250 g",
    "category": "Aardappelen, groente en fruit",
    "price": 2.5,
    "promoPrice": null,
    "pricePerUnit": "10.0 kg",
    "image": "https://www.jumbo.com/dam-images/fit-in/360x360/Products/07052024_1715099656984_1715099662926_8718452835621_1.png",
    "available": true,
    "promoUntil": null
  },
  {
    "id": "188722DS",
    "title": "Iglo Ping & Klaar Lasagnette met sperziebonen 380 g",
    "category": "Diepvries",
    "price": 5.93,
    "promoPrice": null,
    "pricePerUnit": "15.61 kg",
    "image": "https://www.jumbo.com/dam-images/fit-in/360x360/Products/15072025_1752543636128_1752543649211_188722_DS_08717774267011_H1N1.png",
    "available": true,
    "promoUntil": null
  },
  {
    "id": "656716KGR",
    "title": "Jumbo Goudse Kaas Jong Belegen 48+ Plakken ca. 230 g",
    "category": "Vleeswaren, kaas en tapas",
    "price": 4.02,
    "promoPrice": null,
    "pricePerUnit": "17.5 kg",
    "image": "https://www.jumbo.com/dam-images/fit-in/360x360/Products/26042024_1714149249850_1714149255722_2378288000000_1.png",
    "available": true,
    "promoUntil": null
  },
  {
    "id": "388146ZK",
    "title": "Jumbo - Diepvries Kaiserbroodjes Volkoren - 4 Stuks",
    "category": "Brood en gebak",
    "price": 1.56,
    "promoPrice": null,
    "pricePerUnit": "0.39 pieces",
    "image": "https://www.jumbo.com/dam-images/fit-in/360x360/Products/10082023_1691677687106_1691677703659_8718452429882_1.png",
    "available": true,
    "promoUntil": null
  },
  {
    "id": "678881TUB",
    "title": "Oral-B Pro-Expert Professionele Bescherming Reinigingskristallen Tandpasta 75ml",
    "category": "Drogisterij en baby",
    "price": 4.89,
    "promoPrice": null,
    "pricePerUnit": "65.2 l",
    "image": "https://www.jumbo.com/dam-images/fit-in/360x360/Products/18092025_1758153732265_1758153735737_8700216666985_1.png",
    "available": true,
    "promoUntil": null
  },
  {
    "id": "575457PAK",
    "title": "Wahid Kipsaté in Pindasaus 3 Stokjes 150 g",
    "category": "Diepvries",
    "price": 2.25,
    "promoPrice": null,
    "pricePerUnit": "15.0 kg",
    "image": "https://www.jumbo.com/dam-images/fit-in/360x360/Products/28032025_1743157992693_1743157997923_8716221095610_1.png",
    "available": true,
    "promoUntil": null
  },
  {
    "id": "580750STK",
    "title": "Jumbo Schuursponsen 6 Stuks",
    "category": "Huishouden en dieren",
    "price": 0.79,
    "promoPrice": null,
    "pricePerUnit": "0.13 pieces",
    "image": "https://www.jumbo.com/dam-images/fit-in/360x360/Products/14052025_1747215232462_1747215239205_8718452699940_1.png",
    "available": true,
    "promoUntil": null
  },
  {
    "id": "577079CUP",
    "title": "Jumbo Kaasblokjes Extra Belegen 48+ 120 g",
    "category": "Vleeswaren, kaas en tapas",
    "price": 2.49,
    "promoPrice": null,
    "pricePerUnit": "20.75 kg",
    "image": "https://www.jumbo.com/dam-images/fit-in/360x360/Products/14022024_1707873662077_1707873667792_8718452746835_1.png",
    "available": true,
    "promoUntil": null
  },
  {
    "id": "608735RP",
    "title": "Josef Dettelbacher Gegrild Gehakt 250 g",
    "category": "Vleeswaren, kaas en tapas",
    "price": 2.81,
    "promoPrice": null,
    "pricePerUnit": "11.24 kg",
    "image": "https://www.jumbo.com/dam-images/fit-in/360x360/Products/22042025_1745335948182_1745335958208_87244359_1.png",
    "available": true,
    "promoUntil": null
  },
  {
    "id": "190656ZK",
    "title": "Sheba Kattenvoer Mini Filets - Natvoer - Mix Selectie in Saus - 12 x 85g",
    "category": "Huishouden en dieren",
    "price": 8.21,
    "promoPrice": null,
    "pricePerUnit": "0.68 pieces",
    "image": "https://www.jumbo.com/dam-images/fit-in/360x360/Products/26032024_1711445596249_1711445617186_4770608244163_596.png",
    "available": true,
    "promoUntil": null
  },
  {
    "id": "641738KGR",
    "title": "Jumbo Tynjetaler Gatenkaas van de Boerderij 50+ Jong Belegen ca. 452 g",
    "category": "Vleeswaren, kaas en tapas",
    "price": 7.68,
    "promoPrice": null,
    "pricePerUnit": "16.99 kg",
    "image": "https://www.jumbo.com/dam-images/fit-in/360x360/Products/12122024_1734014745956_1734014752570_2324434000000_1.png",
    "available": true,
    "promoUntil": null
  },
  {
    "id": "644112KGR",
    "title": "Jumbo Streek Limburgse Cervelaat ca. 120 g",
    "category": "Vleeswaren, kaas en tapas",
    "price": 2.94,
    "promoPrice": null,
    "pricePerUnit": "24.5 kg",
    "image": "https://www.jumbo.com/dam-images/fit-in/360x360/Products/09092025_1757421321745_1757421335212_2346766000000_1.png",
    "available": true,
    "promoUntil": null
  },
  {
    "id": "500076ZK",
    "title": "Werther's Original Klassieke Roomsnoepjes Zak, 175 gram",
    "category": "Koek, snoep, chocolade en chips",
    "price": 1.89,
    "promoPrice": null,
    "pricePerUnit": "10.8 kg",
    "image": "https://www.jumbo.com/dam-images/fit-in/360x360/Products/12122024_1734014820458_1734014828391_40144283_1.png",
    "available": true,
    "promoUntil": null
  },
  {
    "id": "81989DS",
    "title": "Grand'Italia Lasagne Volkoren 250 g",
    "category": "Wereldkeukens, kruiden, pasta en rijst",
    "price": 2.66,
    "promoPrice": null,
    "pricePerUnit": "10.64 kg",
    "image": "https://www.jumbo.com/dam-images/fit-in/360x360/Products/25052024_1716599452045_1716599455179_81989_DS_08000050217269_H1N1.png",
    "available": true,
    "promoUntil": null
  },
  {
    "id": "143859ZK",
    "title": "Aviko Zoete Aardappel Friet",
    "category": "Diepvries",
    "price": 3.28,
    "promoPrice": null,
    "pricePerUnit": "7.29 kg",
    "image": "https://www.jumbo.com/dam-images/fit-in/360x360/Products/15102024_1728999188999_1728999204863_8710449925179_1.png",
    "available": true,
    "promoUntil": null
  },
  {
    "id": "431091DSL",
    "title": "Spa TOUCH Bruisend Grapefruit 6 x 50 cl",
    "category": "Frisdrank en sappen",
    "price": 7.02,
    "promoPrice": null,
    "pricePerUnit": "2.34 l",
    "image": "https://www.jumbo.com/dam-images/fit-in/360x360/Products/16082023_1692178383825_1692178389545_5410013154433_1.png",
    "available": true,
    "promoUntil": null
  },
  {
    "id": "628914RP",
    "title": "Jumbo Melkchocolade Hazelnoot 200 g",
    "category": "Koek, snoep, chocolade en chips",
    "price": 3.47,
    "promoPrice": null,
    "pricePerUnit": "17.35 kg",
    "image": "https://www.jumbo.com/dam-images/fit-in/360x360/Products/23052025_1748014408817_1748014421284_8718452877065_596.png",
    "available": true,
    "promoUntil": null
  },
  {
    "id": "370173DS",
    "title": "Olvarit 8 Maanden Fijne Granen Babypap 200 g",
    "category": "Drogisterij en baby",
    "price": 2.37,
    "promoPrice": null,
    "pricePerUnit": "11.85 kg",
    "image": "https://www.jumbo.com/dam-images/fit-in/360x360/Products/21082025_1755741394148_1755741411489_370173_DS_03041091579270_C1N1.png",
    "available": true,
    "promoUntil": null
  },
  {
    "id": "535666TRL",
    "title": "Leffe - Blond Belgisch Abdijbier - Blik - 4 x 6 x 330ML",
    "category": "Bier en wijn",
    "price": 37.16,
    "promoPrice": null,
    "pricePerUnit": "4.69 l",
    "image": "https://www.jumbo.com/dam-images/fit-in/360x360/Products/535666TRL15a6b5b7f-1398-4e30-ba73-ad07322542d1-1740409047938.png",
    "available": true,
    "promoUntil": null
  },
  {
    "id": "700929KGR",
    "title": "Jumbo Schouderham Dikke Plak ca. 140 g",
    "category": "Vleeswaren, kaas en tapas",
    "price": 2.5,
    "promoPrice": null,
    "pricePerUnit": "19.23 kg",
    "image": "https://www.jumbo.com/dam-images/fit-in/360x360/Products/29012025_1738168391173_1738168398384_2333481000000_1.png",
    "available": true,
    "promoUntil": null
  },
  {
    "id": "544636BAK",
    "title": "La Place Kruiden Roomkaas met Crème Fraîche, Bieslook & Peterselie 120 g",
    "category": "Vleeswaren, kaas en tapas",
    "price": 2.29,
    "promoPrice": null,
    "pricePerUnit": "19.08 kg",
    "image": "https://www.jumbo.com/dam-images/fit-in/360x360/Products/22072024_1721659042263_1721659049813_8718452788767_1.png",
    "available": true,
    "promoUntil": null
  },
  {
    "id": "246254ZK",
    "title": "Jumbo Melk Brioches 10 Stuks",
    "category": "Brood en gebak",
    "price": 1.99,
    "promoPrice": null,
    "pricePerUnit": "5.69 kg",
    "image": "https://www.jumbo.com/dam-images/fit-in/360x360/Products/14022024_1707873432761_1707873436435_8718452393763_1.png",
    "available": true,
    "promoUntil": null
  },
  {
    "id": "385748BAK",
    "title": "Jumbo Rundvlees Schotel 400 g",
    "category": "Verse maaltijden en gemak",
    "price": 2.99,
    "promoPrice": null,
    "pricePerUnit": "7.48 kg",
    "image": "https://www.jumbo.com/dam-images/fit-in/360x360/Products/12122024_1734014501857_1734014508716_8718452457922_1.png",
    "available": true,
    "promoUntil": null
  },
  {
    "id": "66112FLS",
    "title": "Quevedo - Ruby Porto - 750ML",
    "category": "Bier en wijn",
    "price": 8.79,
    "promoPrice": null,
    "pricePerUnit": "11.72 l",
    "image": "https://www.jumbo.com/dam-images/fit-in/360x360/Products/09082023_1691589636710_1691589644538_5605891042099_1.png",
    "available": true,
    "promoUntil": null
  },
  {
    "id": "679066STK",
    "title": "Ambachtelijke Krabsalade 150 g",
    "category": "Vleeswaren, kaas en tapas",
    "price": 3.29,
    "promoPrice": null,
    "pricePerUnit": "21.93 kg",
    "image": "https://www.jumbo.com/dam-images/fit-in/360x360/Products/14022025_1739539886081_1739539892239_5414268003706_1.png",
    "available": true,
    "promoUntil": null
  },
  {
    "id": "672331ZK",
    "title": "Iglo Roerbaksensatie Asian Beef  450g",
    "category": "Diepvries",
    "price": 5.5,
    "promoPrice": null,
    "pricePerUnit": "12.22 kg",
    "image": "https://www.jumbo.com/dam-images/fit-in/360x360/Products/02082025_1754100591919_1754100598660_672331_ZK_08720195572992_A1N1.png",
    "available": true,
    "promoUntil": null
  },
  {
    "id": "507416ZK",
    "title": "Page Vochtig Toiletpapier Aloë Vera Maxi",
    "category": "Huishouden en dieren",
    "price": 3.49,
    "promoPrice": null,
    "pricePerUnit": "0.05 pieces",
    "image": "https://www.jumbo.com/dam-images/fit-in/360x360/Products/16092025_1757986875491_1757986880793_507416_ZK_05029053578774_C1N1.png",
    "available": true,
    "promoUntil": null
  },
  {
    "id": "521778DS",
    "title": "Honig Basis voor Macaronisaus Stroganoff 69 g",
    "category": "Wereldkeukens, kruiden, pasta en rijst",
    "price": 1.99,
    "promoPrice": null,
    "pricePerUnit": "28.84 kg",
    "image": "https://www.jumbo.com/dam-images/fit-in/360x360/Products/18072025_1752803680814_1752803691665_521778_DS_08714700170346_H1N1.png",
    "available": true,
    "promoUntil": null
  },
  {
    "id": "478505DS",
    "title": "Dr. Oetker Ristorante Pizza Prosciutto 340 g",
    "category": "Diepvries",
    "price": 4.39,
    "promoPrice": null,
    "pricePerUnit": "12.91 kg",
    "image": "https://www.jumbo.com/dam-images/fit-in/360x360/Products/17042025_1744855966482_1744855974988_478505_DS_04001724038962_C1N1_s04.png",
    "available": true,
    "promoUntil": null
  },
  {
    "id": "441127ZK",
    "title": "Knorr Maaltijdmix Voordeelverpakking Macaroni 85 g",
    "category": "Wereldkeukens, kruiden, pasta en rijst",
    "price": 1.99,
    "promoPrice": null,
    "pricePerUnit": "23.41 kg",
    "image": "https://www.jumbo.com/dam-images/fit-in/360x360/Products/09122023_1702088833408_1702088887414_441127_ZK_08720182035202_C1N1.png",
    "available": true,
    "promoUntil": null
  },
  {
    "id": "540372ZK",
    "title": "Purina® ONE Sensitive Rijk aan Kalkoen kattenvoer 1,5 kg",
    "category": "Huishouden en dieren",
    "price": 11.29,
    "promoPrice": null,
    "pricePerUnit": "7.53 kg",
    "image": "https://www.jumbo.com/dam-images/fit-in/360x360/Products/18072025_1752801852087_1752801856357_540372_ZK_07613035608047_H1N1_s04.png",
    "available": true,
    "promoUntil": null
  },
  {
    "id": "595138DS",
    "title": "Jumbo Vegan Kroketten 4 Stuks",
    "category": "Diepvries",
    "price": 2.76,
    "promoPrice": null,
    "pricePerUnit": "8.63 kg",
    "image": "https://www.jumbo.com/dam-images/fit-in/360x360/Products/07022024_1707312844459_1707312871865_8718452774852_596.png",
    "available": true,
    "promoUntil": null
  },
  {
    "id": "559468ZK",
    "title": "Lay's Wokkels Paprika Chips 100 g",
    "category": "Koek, snoep, chocolade en chips",
    "price": 2.19,
    "promoPrice": null,
    "pricePerUnit": "21.9 kg",
    "image": "https://www.jumbo.com/dam-images/fit-in/360x360/Products/23122024_1734982379785_1734982385874_8710398513854_1.png",
    "available": true,
    "promoUntil": null
  },
  {
    "id": "617471DS",
    "title": "Milner Belegen 30+ Kaas Voordeelpak",
    "category": "Vleeswaren, kaas en tapas",
    "price": 5.21,
    "promoPrice": null,
    "pricePerUnit": "20.84 kg",
    "image": "https://www.jumbo.com/dam-images/fit-in/360x360/Products/18112024_1731918755990_1731918778793_8710912059455_6.png",
    "available": true,
    "promoUntil": null
  },
  {
    "id": "670077STK",
    "title": "HEMA Theedoek Ruit Blauw/Groen/Lila",
    "category": "Non-food en servicebalie",
    "price": 3.99,
    "promoPrice": null,
    "pricePerUnit": "3.99 pieces",
    "image": "https://www.jumbo.com/dam-images/fit-in/360x360/Products/18122024_1734514981484_1734514986548_670077_STK_08720354932179_C1N1.png",
    "available": true,
    "promoUntil": null
  },
  {
    "id": "566775FLS",
    "title": "Sanex Expert Skin Health Hydrating douchegel 400ml",
    "category": "Drogisterij en baby",
    "price": 5.99,
    "promoPrice": null,
    "pricePerUnit": "14.98 l",
    "image": "https://www.jumbo.com/dam-images/fit-in/360x360/Products/04122024_1733282012307_1733282014662_566775_FLS_08718951602373_C1N1.png",
    "available": true,
    "promoUntil": null
  },
  {
    "id": "623159BOX",
    "title": "WC Eend Fresh Discs Lime Zest Houder",
    "category": "Huishouden en dieren",
    "price": 3.75,
    "promoPrice": null,
    "pricePerUnit": "104.17 l",
    "image": "https://www.jumbo.com/dam-images/fit-in/360x360/Products/21012025_1737426014765_1737426018267_623159_BOX_05000204340150_C1N1.png",
    "available": true,
    "promoUntil": null
  },
  {
    "id": "192148DS",
    "title": "Iglo Kapiteins Klassiekers Lekkerbekjes in Bierbeslag 2 Stuks 240 g",
    "category": "Diepvries",
    "price": 4.94,
    "promoPrice": null,
    "pricePerUnit": "20.58 kg",
    "image": "https://www.jumbo.com/dam-images/fit-in/360x360/Products/16072024_1721158453069_1721158461963_8717774267554_1.png",
    "available": true,
    "promoUntil": null
  },
  {
    "id": "163473PAK",
    "title": "Jumbo Rodekool met Appel 520 g",
    "category": "Aardappelen, groente en fruit",
    "price": 1.59,
    "promoPrice": null,
    "pricePerUnit": "3.18 kg",
    "image": "https://www.jumbo.com/dam-images/fit-in/360x360/Products/18092023_1695061431772_1695061441376_8718452461745_1.png",
    "available": true,
    "promoUntil": null
  },
  {
    "id": "450567PAK",
    "title": "Apple Bandit Raspberry Cider Fles 6 x 300ml",
    "category": "Bier en wijn",
    "price": 7.29,
    "promoPrice": null,
    "pricePerUnit": "4.05 l",
    "image": "https://www.jumbo.com/dam-images/fit-in/360x360/Products/07012025_1736267696203_1736267702760_8712000057664_1.png",
    "available": true,
    "promoUntil": null
  },
  {
    "id": "578738CUP",
    "title": "Ben & Jerry's IJs Caramel Chew Chew 100ml ",
    "category": "Diepvries",
    "price": 2.29,
    "promoPrice": null,
    "pricePerUnit": "22.9 l",
    "image": "https://www.jumbo.com/dam-images/fit-in/360x360/Products/15072025_1752577908529_1752577956110_578738_CUP_08711200562725_H1N1.png",
    "available": true,
    "promoUntil": null
  },
  {
    "id": "147544BLK",
    "title": "Jumbo Brokken in Gelei met Rund & Kip 415 g",
    "category": "Huishouden en dieren",
    "price": 0.99,
    "promoPrice": null,
    "pricePerUnit": "2.39 kg",
    "image": "https://www.jumbo.com/dam-images/fit-in/360x360/Products/10052024_1715351654866_1715351672410_8718452746385_596.png",
    "available": true,
    "promoUntil": null
  },
  {
    "id": "578022CUP",
    "title": "Jumbo Gezouten Cashewnoten Fairtrade 140 g",
    "category": "Koek, snoep, chocolade en chips",
    "price": 4.19,
    "promoPrice": null,
    "pricePerUnit": "29.93 kg",
    "image": "https://www.jumbo.com/dam-images/fit-in/360x360/Products/21112024_1732214164269_1732214167617_8718452739707_1.png",
    "available": true,
    "promoUntil": null
  },
  {
    "id": "621519FLS",
    "title": "Ajax Allesreiniger Rode Bloem 1L",
    "category": "Huishouden en dieren",
    "price": 3.29,
    "promoPrice": null,
    "pricePerUnit": "3.29 l",
    "image": "https://www.jumbo.com/dam-images/fit-in/360x360/Products/09082023_1691595415377_1691595421462_8718951594968_1.png",
    "available": true,
    "promoUntil": null
  },
  {
    "id": "647605POT",
    "title": "Jumbo's Basilico Pastasaus 350 g",
    "category": "Wereldkeukens, kruiden, pasta en rijst",
    "price": 2.39,
    "promoPrice": null,
    "pricePerUnit": "6.83 kg",
    "image": "https://www.jumbo.com/dam-images/fit-in/360x360/Products/12122024_1734003203681_1734003210539_8718452870158_1.png",
    "available": true,
    "promoUntil": null
  },
  {
    "id": "190748ZK",
    "title": "Mora Mini's Kipfingers 312 g",
    "category": "Diepvries",
    "price": 5.89,
    "promoPrice": null,
    "pricePerUnit": "18.88 kg",
    "image": "https://www.jumbo.com/dam-images/fit-in/360x360/Products/08082025_1754615189108_1754615200091_190748_ZK_08710861999314_C1N1.png",
    "available": true,
    "promoUntil": null
  },
  {
    "id": "180678ZK",
    "title": "Jumbo Ribbel Frites 1 kg",
    "category": "Diepvries",
    "price": 2.29,
    "promoPrice": null,
    "pricePerUnit": "2.29 kg",
    "image": "https://www.jumbo.com/dam-images/fit-in/360x360/Products/29042025_1745915587211_1745915607612_8718452295043_596.png",
    "available": true,
    "promoUntil": null
  },
  {
    "id": "688885FLS",
    "title": "Robijn Wasverzachter Jasmijn & Sandelhout 780ML",
    "category": "Huishouden en dieren",
    "price": 6.79,
    "promoPrice": null,
    "pricePerUnit": "0.17 wb",
    "image": "https://www.jumbo.com/dam-images/fit-in/360x360/Products/07062025_1749259840474_1749259869169_688885_FLS_08720181633072_H1N1.png",
    "available": true,
    "promoUntil": null
  },
  {
    "id": "655866ZK",
    "title": "Jumbo's Tomaat Basilicum Pastasaus 250 g",
    "category": "Verse maaltijden en gemak",
    "price": 2.69,
    "promoPrice": null,
    "pricePerUnit": "10.76 kg",
    "image": "https://www.jumbo.com/dam-images/fit-in/360x360/Products/07072025_1751887997381_1751888003829_8718452841875_1.png",
    "available": true,
    "promoUntil": null
  },
  {
    "id": "621335FLS",
    "title": "Jumbo Huiswijn - Droog & Fris - 250ML",
    "category": "Bier en wijn",
    "price": 2.29,
    "promoPrice": null,
    "pricePerUnit": "9.16 l",
    "image": "https://www.jumbo.com/dam-images/fit-in/360x360/Products/14062024_1718368426159_1718368430577_8718452836765_1.png",
    "available": true,
    "promoUntil": null
  },
  {
    "id": "368781DS",
    "title": "Consenza Gluten Free Frikandel 5 Stuks 350 g",
    "category": "Diepvries",
    "price": 4.94,
    "promoPrice": null,
    "pricePerUnit": "14.11 kg",
    "image": "https://www.jumbo.com/dam-images/fit-in/360x360/Products/05112024_1730774302131_1730774310807_368781_DS_08717496860736_C1N1.png",
    "available": true,
    "promoUntil": null
  },
  {
    "id": "482878FLS",
    "title": "O2 Life Peach Green Tea 750 ml",
    "category": "Frisdrank en sappen",
    "price": 1.85,
    "promoPrice": null,
    "pricePerUnit": "2.47 l",
    "image": "https://www.jumbo.com/dam-images/fit-in/360x360/Products/28072025_1753706036810_1753706043928_8718104461284_1.png",
    "available": true,
    "promoUntil": null
  },
  {
    "id": "491003DS",
    "title": "Jumbo Feestmix IJslollies 10 Stuks",
    "category": "Diepvries",
    "price": 3.99,
    "promoPrice": null,
    "pricePerUnit": "8.79 kg",
    "image": "https://www.jumbo.com/dam-images/fit-in/360x360/Products/09082023_1691590666433_1691590696056_8718452618651_1.png",
    "available": true,
    "promoUntil": null
  },
  {
    "id": "545069BLK",
    "title": "Jumbo Zero Sugar - Lemon & Lime - Blik - 330ML",
    "category": "Frisdrank en sappen",
    "price": 0.39,
    "promoPrice": null,
    "pricePerUnit": "1.18 l",
    "image": "https://www.jumbo.com/dam-images/fit-in/360x360/Products/12052025_1747049647182_1747049659663_8718452639571_596.png",
    "available": true,
    "promoUntil": null
  },
  {
    "id": "377224PAK",
    "title": "Lotus Biscoff speculoos koek sandwich speculoos 150 g",
    "category": "Koek, snoep, chocolade en chips",
    "price": 1.87,
    "promoPrice": null,
    "pricePerUnit": "12.47 kg",
    "image": "https://www.jumbo.com/dam-images/fit-in/360x360/Products/08062024_1717817731047_1717817733213_377224_PAK_05410126006360_C1N1.png",
    "available": true,
    "promoUntil": null
  },
  {
    "id": "153539TUB",
    "title": "Danish Chef Cheese Spread Naturel 85 g",
    "category": "Vleeswaren, kaas en tapas",
    "price": 1.75,
    "promoPrice": null,
    "pricePerUnit": "20.59 kg",
    "image": "https://www.jumbo.com/dam-images/fit-in/360x360/Products/02092025_1756823646845_1756823649936_8710597060050_1.png",
    "available": true,
    "promoUntil": null
  },
  {
    "id": "381987ZK",
    "title": "Jumbo Luiers Maat 4 9-14 kg Voordeelverpakking 80 Stuks",
    "category": "Drogisterij en baby",
    "price": 10.99,
    "promoPrice": null,
    "pricePerUnit": "0.14 pieces",
    "image": "https://www.jumbo.com/dam-images/fit-in/360x360/Products/29092023_1695995174022_1695995182481_8718452493814_1.png",
    "available": true,
    "promoUntil": null
  },
  {
    "id": "179704STK",
    "title": "Mora Mini's Funmix Selection 32 Stuks 504 g",
    "category": "Diepvries",
    "price": 7.22,
    "promoPrice": null,
    "pricePerUnit": "14.33 kg",
    "image": "https://www.jumbo.com/dam-images/fit-in/360x360/Products/12042024_1712888443847_1712888455810_179704_STK_08710861995545_C1N1_s04.png",
    "available": true,
    "promoUntil": null
  },
  {
    "id": "613995ZK",
    "title": "Jumbo Pinda's Gezouten 250 g",
    "category": "Koek, snoep, chocolade en chips",
    "price": 0.99,
    "promoPrice": null,
    "pricePerUnit": "3.96 kg",
    "image": "https://www.jumbo.com/dam-images/fit-in/360x360/Products/04062024_1717490780713_1717490797735_8718452830602_596.png",
    "available": true,
    "promoUntil": null
  },
  {
    "id": "439291FLS",
    "title": "Jumbo Helder Bruisend Watermeloensmaak 1,5 L",
    "category": "Frisdrank en sappen",
    "price": 1.19,
    "promoPrice": null,
    "pricePerUnit": "0.79 l",
    "image": "https://www.jumbo.com/dam-images/fit-in/360x360/Products/17072024_1721205201513_1721205205423_8718452640454_1.png",
    "available": true,
    "promoUntil": null
  },
  {
    "id": "439302TRA",
    "title": "Evian Natuurlijk Mineraalwater - Fles 6 x 500ML",
    "category": "Frisdrank en sappen",
    "price": 4.48,
    "promoPrice": null,
    "pricePerUnit": "1.49 l",
    "image": "https://www.jumbo.com/dam-images/fit-in/360x360/Products/21112024_1732214144535_1732214150155_3068320127101_1.png",
    "available": true,
    "promoUntil": null
  },
  {
    "id": "608130FLS",
    "title": "Coca-Cola Zero Sugar Cherry Frisdrank 1,5 L",
    "category": "Frisdrank en sappen",
    "price": 2.99,
    "promoPrice": null,
    "pricePerUnit": "1.99 l",
    "image": "https://www.jumbo.com/dam-images/fit-in/360x360/Products/03022024_1706930636918_1706930642959_608130_FLS_05000112668278_H1N1.png",
    "available": true,
    "promoUntil": null
  },
  {
    "id": "685474DS",
    "title": "Jumbo Chocoladeletter Wit S 135 g",
    "category": "",
    "price": 2.59,
    "promoPrice": null,
    "pricePerUnit": "19.19 kg",
    "image": "https://www.jumbo.com/dam-images/fit-in/360x360/Products/17062025_1750178008626_1750178020874_8718452915323_596.png",
    "available": true,
    "promoUntil": null
  },
  {
    "id": "635427ZK",
    "title": "Edet Comfort Lucht 3 Laags 6 Stuks",
    "category": "Huishouden en dieren",
    "price": 6.59,
    "promoPrice": null,
    "pricePerUnit": "1.1 pieces",
    "image": "https://www.jumbo.com/dam-images/fit-in/360x360/Products/20062025_1750382329509_1750382333141_635427_ZK_.png",
    "available": true,
    "promoUntil": null
  },
  {
    "id": "448348BAK",
    "title": "Jumbo Tapas España 120 g",
    "category": "Vleeswaren, kaas en tapas",
    "price": 4.19,
    "promoPrice": null,
    "pricePerUnit": "34.92 kg",
    "image": "https://www.jumbo.com/dam-images/fit-in/360x360/Products/09082023_1691589290901_1691589305030_8718452609246_1.png",
    "available": true,
    "promoUntil": null
  },
  {
    "id": "541740KGR",
    "title": "La Place Kipfilet met Cajun Kruiden Ca. 100 g",
    "category": "Vleeswaren, kaas en tapas",
    "price": 3.15,
    "promoPrice": null,
    "pricePerUnit": "31.5 kg",
    "image": "https://www.jumbo.com/dam-images/fit-in/360x360/Products/07072025_1751887994793_1751888002305_2336099000000_1.png",
    "available": true,
    "promoUntil": null
  },
  {
    "id": "544266DSL",
    "title": "Dove Men+Care Advanced Anti-Transpirant Deodorant Spray Clean Comfort 6 x 150 ml",
    "category": "Drogisterij en baby",
    "price": 32.94,
    "promoPrice": 23.05,
    "pricePerUnit": "25.61 l",
    "image": "https://www.jumbo.com/dam-images/fit-in/360x360/Products/12122024_1734014981518_1734014987057_8720181284465_1.png",
    "available": true,
    "promoUntil": "di 7 okt"
  },
  {
    "id": "513262DS",
    "title": "Knorr Wereldgerechten Maaltijdpakket Mexicaanse Taco's 136 g",
    "category": "Wereldkeukens, kruiden, pasta en rijst",
    "price": 4.29,
    "promoPrice": null,
    "pricePerUnit": "31.54 kg",
    "image": "https://www.jumbo.com/dam-images/fit-in/360x360/Products/19092025_1758292429967_1758292441589_8720182243539_1.png",
    "available": true,
    "promoUntil": null
  },
  {
    "id": "195620POT",
    "title": "Tartuforo Truffeltapenade 80 g",
    "category": "Vleeswaren, kaas en tapas",
    "price": 5.93,
    "promoPrice": null,
    "pricePerUnit": "74.13 kg",
    "image": "https://www.jumbo.com/dam-images/fit-in/360x360/Products/09082023_1691584854997_1691584864645_8018965030682_1.png",
    "available": true,
    "promoUntil": null
  },
  {
    "id": "496220STK",
    "title": "Jumbo Brabantse Worstenbroodjes 4 Stuks",
    "category": "Brood en gebak",
    "price": 6.39,
    "promoPrice": null,
    "pricePerUnit": "1.6 pieces",
    "image": "https://www.jumbo.com/dam-images/fit-in/360x360/Products/09082023_1691591033697_1691591043397_8718452650668_1.png",
    "available": true,
    "promoUntil": null
  },
  {
    "id": "701843KGR",
    "title": "Jumbo Ontbijtspek Droog Gezouten ca. 125 g",
    "category": "Vleeswaren, kaas en tapas",
    "price": 3.0,
    "promoPrice": null,
    "pricePerUnit": "24.0 kg",
    "image": "https://www.jumbo.com/dam-images/fit-in/360x360/Products/30062025_1751290367467_1751290374725_2369500000000_1.png",
    "available": true,
    "promoUntil": null
  },
  {
    "id": "599816ZK",
    "title": "Jumbo Pepermuntballen 360 g",
    "category": "Koek, snoep, chocolade en chips",
    "price": 2.39,
    "promoPrice": null,
    "pricePerUnit": "6.64 kg",
    "image": "https://www.jumbo.com/dam-images/fit-in/360x360/Products/12122024_1734014725307_1734014730990_8718452742448_1.png",
    "available": true,
    "promoUntil": null
  },
  {
    "id": "512893FLS",
    "title": "Terrapura - Single Vineyard - Cabernet Sauvignon - 750ML",
    "category": "Bier en wijn",
    "price": 8.49,
    "promoPrice": null,
    "pricePerUnit": "11.32 l",
    "image": "https://www.jumbo.com/dam-images/fit-in/360x360/Products/10062025_1749565988770_1749565992402_7804677230745_1.png",
    "available": true,
    "promoUntil": null
  },
  {
    "id": "647603POT",
    "title": "Jumbo's Tradizionale Pastasaus 350 g",
    "category": "Wereldkeukens, kruiden, pasta en rijst",
    "price": 2.39,
    "promoPrice": null,
    "pricePerUnit": "6.83 kg",
    "image": "https://www.jumbo.com/dam-images/fit-in/360x360/Products/12122024_1734003203916_1734003211338_8718452870165_1.png",
    "available": true,
    "promoUntil": null
  },
  {
    "id": "670487FLS",
    "title": "Robijn Intense Wasparfum Paradise Secret 342 ml",
    "category": "Huishouden en dieren",
    "price": 6.99,
    "promoPrice": null,
    "pricePerUnit": "0.41 wb",
    "image": "https://www.jumbo.com/dam-images/fit-in/360x360/Products/23092025_1758592221874_1758592277732_670487_FLS_08720181577178_C1N1.png",
    "available": true,
    "promoUntil": null
  },
  {
    "id": "575977ZK",
    "title": "Jumbo Borrelzoutjes Hot Krokantjes 200 g",
    "category": "Koek, snoep, chocolade en chips",
    "price": 2.99,
    "promoPrice": null,
    "pricePerUnit": "14.95 kg",
    "image": "https://www.jumbo.com/dam-images/fit-in/360x360/Products/14022024_1707873433542_1707873448124_8718452707669_1.png",
    "available": true,
    "promoUntil": null
  },
  {
    "id": "665738STK",
    "title": "Badedas Badschuim Feel Classic 1 L",
    "category": "Drogisterij en baby",
    "price": 6.29,
    "promoPrice": null,
    "pricePerUnit": "6.29 l",
    "image": "https://www.jumbo.com/dam-images/fit-in/360x360/Products/21012025_1737425649983_1737425650437_665738_STK_.png",
    "available": true,
    "promoUntil": null
  },
  {
    "id": "669859FLS",
    "title": "Ariel Vloeibaar Wasmiddel + Unstoppables, 30 Wasbeurten",
    "category": "Huishouden en dieren",
    "price": 23.99,
    "promoPrice": null,
    "pricePerUnit": "0.8 wb",
    "image": "https://www.jumbo.com/dam-images/fit-in/360x360/Products/29082025_1756425729927_1756425733103_8700216604338_1.png",
    "available": true,
    "promoUntil": null
  },
  {
    "id": "670278FLS",
    "title": "Lipton Ice Tea Sparkling Green Citrus No Sugar 1,5 L",
    "category": "Frisdrank en sappen",
    "price": 3.69,
    "promoPrice": null,
    "pricePerUnit": "2.46 l",
    "image": "https://www.jumbo.com/dam-images/fit-in/360x360/Products/08062025_1749348395604_1749348422781_670278_FLS_08711327670273_C1N1.png",
    "available": true,
    "promoUntil": null
  },
  {
    "id": "640736FLS",
    "title": "HG Vloeibare Ontstopper 1L",
    "category": "Huishouden en dieren",
    "price": 7.09,
    "promoPrice": null,
    "pricePerUnit": "7.09 l",
    "image": "https://www.jumbo.com/dam-images/fit-in/360x360/Products/14062025_1749866020017_1749866024122_640736_FLS_08711577004774_C1N1.png",
    "available": true,
    "promoUntil": null
  },
  {
    "id": "701329FLS",
    "title": "Andrélon Shampoo Iedere Dag 400 ml",
    "category": "Drogisterij en baby",
    "price": 6.99,
    "promoPrice": null,
    "pricePerUnit": "17.48 l",
    "image": "https://www.jumbo.com/dam-images/fit-in/360x360/Products/11072025_1752244367366_1752244371700_8720181576713_1.png",
    "available": true,
    "promoUntil": null
  },
  {
    "id": "649513PAK",
    "title": "Jumbo Zakdoekjes Balsem 4 Laags 10 Stuks",
    "category": "Drogisterij en baby",
    "price": 1.59,
    "promoPrice": null,
    "pricePerUnit": "0.16 pieces",
    "image": "https://www.jumbo.com/dam-images/fit-in/360x360/Products/04112024_1730741707411_1730741718325_8718452847136_596.png",
    "available": true,
    "promoUntil": null
  },
  {
    "id": "660528STK",
    "title": "Jumbo Frans Stokbrood Wit 220 g",
    "category": "",
    "price": 1.29,
    "promoPrice": null,
    "pricePerUnit": "5.86 kg",
    "image": "https://www.jumbo.com/dam-images/fit-in/360x360/Products/21052025_1747837988853_1747837993019_8718452890750_1.png",
    "available": true,
    "promoUntil": null
  },
  {
    "id": "645249DS",
    "title": "Felix Seaside Sensations met Zalm en met Groenten, Droog Kattenvoer 1 KG",
    "category": "Huishouden en dieren",
    "price": 3.81,
    "promoPrice": null,
    "pricePerUnit": "3.81 kg",
    "image": "https://www.jumbo.com/dam-images/fit-in/360x360/Products/30032025_1743300156621_1743300171540_645249_DS_08445291014060_C1N1_s01.png",
    "available": true,
    "promoUntil": null
  },
  {
    "id": "487649FLS",
    "title": "Jumbo Vaatwasmachinereiniger 1 Wasbeurt",
    "category": "Huishouden en dieren",
    "price": 1.29,
    "promoPrice": null,
    "pricePerUnit": "5.16 l",
    "image": "https://www.jumbo.com/dam-images/fit-in/360x360/Products/07022024_1707320044202_1707320060554_8718452580040_596.png",
    "available": true,
    "promoUntil": null
  },
  {
    "id": "545403BUS",
    "title": "Dove Men+Care Advanced Anti-Transpirant Deodorant Spray Extra Fresh 150 ml",
    "category": "Drogisterij en baby",
    "price": 4.39,
    "promoPrice": null,
    "pricePerUnit": "29.27 l",
    "image": "https://www.jumbo.com/dam-images/fit-in/360x360/Products/14032025_1741921352764_1741921387341_545403_BUS_08720181284397_H1N1.png",
    "available": true,
    "promoUntil": null
  },
  {
    "id": "246252ZK",
    "title": "Jumbo Melk Brioches met Chocoladestukjes 10 Stuks",
    "category": "Brood en gebak",
    "price": 1.99,
    "promoPrice": null,
    "pricePerUnit": "5.69 kg",
    "image": "https://www.jumbo.com/dam-images/fit-in/360x360/Products/14022024_1707873434443_1707873439136_8718452687480_1.png",
    "available": true,
    "promoUntil": null
  },
  {
    "id": "610280ZK",
    "title": "Jumbo Bloemkool Rijst 600 g",
    "category": "Diepvries",
    "price": 1.99,
    "promoPrice": null,
    "pricePerUnit": "3.32 kg",
    "image": "https://www.jumbo.com/dam-images/fit-in/360x360/Products/11042024_1712853188733_1712853202121_8718452801268_596.png",
    "available": true,
    "promoUntil": null
  },
  {
    "id": "711328BAK",
    "title": "Jumbo Luxe Borrelschaal 325 g",
    "category": "Vleeswaren, kaas en tapas",
    "price": 5.75,
    "promoPrice": null,
    "pricePerUnit": "17.69 kg",
    "image": "https://www.jumbo.com/dam-images/fit-in/360x360/Products/04072025_1751617994375_1751618004331_8718452767816_1.png",
    "available": true,
    "promoUntil": null
  },
  {
    "id": "447827FLS",
    "title": "Jumbo Allesreiniger Waterlelie Katoen 1,25 L",
    "category": "Huishouden en dieren",
    "price": 0.75,
    "promoPrice": null,
    "pricePerUnit": "0.6 l",
    "image": "https://www.jumbo.com/dam-images/fit-in/360x360/Products/09082023_1691589034272_1691589039986_8718452564910_1.png",
    "available": true,
    "promoUntil": null
  },
  {
    "id": "454520PAK",
    "title": "Côte d'Or Chocoladereep Intense Extra Pure Chocolade 70% 100g",
    "category": "Koek, snoep, chocolade en chips",
    "price": 3.85,
    "promoPrice": null,
    "pricePerUnit": "38.5 kg",
    "image": "https://www.jumbo.com/dam-images/fit-in/360x360/Products/02092025_1756809249829_1756809260629_7622400006753_596.png",
    "available": true,
    "promoUntil": null
  },
  {
    "id": "620746CUP",
    "title": "Jumbo Olijven Kalamata 100 g",
    "category": "Vleeswaren, kaas en tapas",
    "price": 2.99,
    "promoPrice": null,
    "pricePerUnit": "29.9 kg",
    "image": "https://www.jumbo.com/dam-images/fit-in/360x360/Products/22072024_1721659042997_1721659051161_8718452846900_1.png",
    "available": true,
    "promoUntil": null
  },
  {
    "id": "648701POT",
    "title": "Jumbo's Guacamole Salsa 300 g",
    "category": "Wereldkeukens, kruiden, pasta en rijst",
    "price": 1.85,
    "promoPrice": null,
    "pricePerUnit": "6.17 kg",
    "image": "https://www.jumbo.com/dam-images/fit-in/360x360/Products/12122024_1734003204066_1734003214564_8718452861033_1.png",
    "available": true,
    "promoUntil": null
  },
  {
    "id": "319760STK",
    "title": "TUC crackers naturel 3-pack 300g",
    "category": "Koek, snoep, chocolade en chips",
    "price": 2.79,
    "promoPrice": null,
    "pricePerUnit": "9.3 kg",
    "image": "https://www.jumbo.com/dam-images/fit-in/360x360/Products/02092025_1756816428558_1756816437578_5410041030006_596.png",
    "available": true,
    "promoUntil": null
  },
  {
    "id": "213017STK",
    "title": "Jumbo Opbakaardappelen met Schil 450 g",
    "category": "Aardappelen, groente en fruit",
    "price": 1.09,
    "promoPrice": null,
    "pricePerUnit": "2.42 kg",
    "image": "https://www.jumbo.com/dam-images/fit-in/360x360/Products/18062024_1718710529021_1718710537033_8718452801572_1.png",
    "available": true,
    "promoUntil": null
  },
  {
    "id": "641735KGR",
    "title": "Jumbo Boerenkaas 48+ Oud ca. 175 g",
    "category": "Vleeswaren, kaas en tapas",
    "price": 4.02,
    "promoPrice": null,
    "pricePerUnit": "22.99 kg",
    "image": "https://www.jumbo.com/dam-images/fit-in/360x360/Products/30062025_1751293987574_1751293993421_2369028000000_1.png",
    "available": true,
    "promoUntil": null
  },
  {
    "id": "547739FLS",
    "title": "Dove Men+Care 3-in-1 Verzorgende Douchegel Clean Comfort 400 ml",
    "category": "Drogisterij en baby",
    "price": 7.15,
    "promoPrice": null,
    "pricePerUnit": "17.88 l",
    "image": "https://www.jumbo.com/dam-images/fit-in/360x360/Products/03092025_1756864307775_1756864334781_547739_FLS_08720181313448_C1N1.png",
    "available": true,
    "promoUntil": null
  },
  {
    "id": "560725DS",
    "title": "Felix Soup Vis Selectie Kattensoep 6 x 48g",
    "category": "Huishouden en dieren",
    "price": 1.93,
    "promoPrice": null,
    "pricePerUnit": "6.7 kg",
    "image": "https://www.jumbo.com/dam-images/fit-in/360x360/Products/04042025_1743731991061_1743732002461_560725_DS_08445290289742_C1N1_s03.png",
    "available": true,
    "promoUntil": null
  },
  {
    "id": "711594DS",
    "title": "LU PiM's Koekjes Sinaasappel 150 g",
    "category": "Koek, snoep, chocolade en chips",
    "price": 3.0,
    "promoPrice": null,
    "pricePerUnit": "20.0 kg",
    "image": "https://www.jumbo.com/dam-images/fit-in/360x360/Products/23092025_1758630795245_1758630802886_5410041005707_596.png",
    "available": true,
    "promoUntil": null
  },
  {
    "id": "608117FLS",
    "title": "Coca-Cola Cherry 1,5L",
    "category": "Frisdrank en sappen",
    "price": 2.99,
    "promoPrice": null,
    "pricePerUnit": "1.99 l",
    "image": "https://www.jumbo.com/dam-images/fit-in/360x360/Products/25032024_1711381577949_1711381585542_5000112668254_1.png",
    "available": true,
    "promoUntil": null
  },
  {
    "id": "200845FLS",
    "title": "Jumbo Wasverzachter Oceaan Bries 2L 27 Wasbeurten",
    "category": "Huishouden en dieren",
    "price": 2.29,
    "promoPrice": null,
    "pricePerUnit": "0.08 wb",
    "image": "https://www.jumbo.com/dam-images/fit-in/360x360/Products/26052025_1748277172599_1748277177709_8718452897766_1.png",
    "available": true,
    "promoUntil": null
  },
  {
    "id": "622028DSL",
    "title": "Dettol Doekjes Citrus 5 x 72 Stuks",
    "category": "Huishouden en dieren",
    "price": 22.45,
    "promoPrice": null,
    "pricePerUnit": "0.06 pieces",
    "image": "https://www.jumbo.com/dam-images/fit-in/360x360/Products/622028DSL139a6df3d-c2ce-4e5f-bfe7-609fb195104f-1717485196217.png",
    "available": true,
    "promoUntil": null
  },
  {
    "id": "514889ZK",
    "title": "Jumbo Muffins met Chocolade 300 g",
    "category": "Koek, snoep, chocolade en chips",
    "price": 1.82,
    "promoPrice": null,
    "pricePerUnit": "6.07 kg",
    "image": "https://www.jumbo.com/dam-images/fit-in/360x360/Products/09082023_1691586931945_1691586942420_8718452457847_1.png",
    "available": true,
    "promoUntil": null
  },
  {
    "id": "685475DS",
    "title": "Jumbo Chocoladeletter Puur S 135 g",
    "category": "",
    "price": 2.59,
    "promoPrice": null,
    "pricePerUnit": "19.19 kg",
    "image": "https://www.jumbo.com/dam-images/fit-in/360x360/Products/17062025_1750178008723_1750178020645_8718452915309_596.png",
    "available": true,
    "promoUntil": null
  },
  {
    "id": "222850DS",
    "title": "Vitakraft Liquid Snack met Kip en Taurine, 6 Stuks",
    "category": "Huishouden en dieren",
    "price": 3.09,
    "promoPrice": null,
    "pricePerUnit": "0.52 pieces",
    "image": "https://www.jumbo.com/dam-images/fit-in/360x360/Products/12042025_1744422983100_1744422985948_222850_DS_.png",
    "available": true,
    "promoUntil": null
  },
  {
    "id": "292462TRA",
    "title": "La Salumeria Italiana Mortadella Bologna 100 g",
    "category": "Vleeswaren, kaas en tapas",
    "price": 2.59,
    "promoPrice": null,
    "pricePerUnit": "25.9 kg",
    "image": "https://www.jumbo.com/dam-images/fit-in/360x360/Products/09082023_1691586737203_1691586777102_8023918100053_1.png",
    "available": true,
    "promoUntil": null
  },
  {
    "id": "452421TRA",
    "title": "Jumbo Serrano Ham Consorcio 80 g",
    "category": "Vleeswaren, kaas en tapas",
    "price": 2.69,
    "promoPrice": null,
    "pricePerUnit": "33.63 kg",
    "image": "https://www.jumbo.com/dam-images/fit-in/360x360/Products/29012025_1738150366409_1738150374263_8718452593729_1.png",
    "available": true,
    "promoUntil": null
  },
  {
    "id": "678176DS",
    "title": "Fixodent Complete Fresh",
    "category": "Drogisterij en baby",
    "price": 6.49,
    "promoPrice": null,
    "pricePerUnit": "138.09 kg",
    "image": "https://www.jumbo.com/dam-images/fit-in/360x360/Products/25082025_1756125157719_1756125160848_8700216623629_1.png",
    "available": true,
    "promoUntil": null
  },
  {
    "id": "370057PAK",
    "title": "Xylifresh Peppermint Sugar Free Gum 4 x 18 g",
    "category": "Koek, snoep, chocolade en chips",
    "price": 3.32,
    "promoPrice": null,
    "pricePerUnit": "46.11 kg",
    "image": "https://www.jumbo.com/dam-images/fit-in/360x360/Products/05082025_1754355940295_1754355945728_370057_PAK_08711400301230_C1N1.png",
    "available": true,
    "promoUntil": null
  },
  {
    "id": "777331PAK",
    "title": "Koopmans Bladerdeeg Origineel 10 Plakjes 450 g",
    "category": "Diepvries",
    "price": 1.26,
    "promoPrice": null,
    "pricePerUnit": "2.8 kg",
    "image": "https://www.jumbo.com/dam-images/fit-in/360x360/Products/18042025_1744943359079_1744943370268_777331_PAK_08710683008003_C1N1_s03.png",
    "available": true,
    "promoUntil": null
  },
  {
    "id": "521779DS",
    "title": "Honig Basis voor Roerbakmie 41 g",
    "category": "Wereldkeukens, kruiden, pasta en rijst",
    "price": 1.99,
    "promoPrice": null,
    "pricePerUnit": "48.54 kg",
    "image": "https://www.jumbo.com/dam-images/fit-in/360x360/Products/18072025_1752803759492_1752803769634_521779_DS_08714700170292_H1N1.png",
    "available": true,
    "promoUntil": null
  },
  {
    "id": "600047BAK",
    "title": "Komkommer Salade 250 g",
    "category": "Vleeswaren, kaas en tapas",
    "price": 1.32,
    "promoPrice": null,
    "pricePerUnit": "5.28 kg",
    "image": "https://www.jumbo.com/dam-images/fit-in/360x360/Products/16012024_1705422786595_1705422798213_8710378860527_1.png",
    "available": true,
    "promoUntil": null
  },
  {
    "id": "63125BAK",
    "title": "Jumbo Filet Americain Martino 150 g",
    "category": "Vleeswaren, kaas en tapas",
    "price": 3.19,
    "promoPrice": null,
    "pricePerUnit": "21.27 kg",
    "image": "https://www.jumbo.com/dam-images/fit-in/360x360/Products/20112023_1700498044181_1700498057161_8718452669653_1.png",
    "available": true,
    "promoUntil": null
  },
  {
    "id": "639288STK",
    "title": "Jumbo Roerbakmix Italiaans 250 g",
    "category": "Aardappelen, groente en fruit",
    "price": 1.89,
    "promoPrice": null,
    "pricePerUnit": "7.56 kg",
    "image": "https://www.jumbo.com/dam-images/fit-in/360x360/Products/07022025_1738956793948_1738956802445_8718452785445_1.png",
    "available": true,
    "promoUntil": null
  },
  {
    "id": "648133KGR",
    "title": "Jumbo Geitenkaas 50+ Belegen ca. 200 g",
    "category": "Vleeswaren, kaas en tapas",
    "price": 4.8,
    "promoPrice": null,
    "pricePerUnit": "23.99 kg",
    "image": "https://www.jumbo.com/dam-images/fit-in/360x360/Products/19122023_1703000122575_1703000129005_2336034000000_1.png",
    "available": true,
    "promoUntil": null
  },
  {
    "id": "45481PAK",
    "title": "LU Scholiertje Chocolade Koekjes Puur (2x75 g) 150g",
    "category": "Koek, snoep, chocolade en chips",
    "price": 3.55,
    "promoPrice": null,
    "pricePerUnit": "23.67 kg",
    "image": "https://www.jumbo.com/dam-images/fit-in/360x360/Products/05082025_1754400782248_1754400788349_5410041485301_596.png",
    "available": true,
    "promoUntil": null
  },
  {
    "id": "460255DS",
    "title": "Made Good Mixed Berry Granola Bars 6 x 24 g",
    "category": "Koek, snoep, chocolade en chips",
    "price": 3.17,
    "promoPrice": null,
    "pricePerUnit": "22.01 kg",
    "image": "https://www.jumbo.com/dam-images/fit-in/360x360/Products/23042025_1745374071188_1745374072657_460255_DS_00687456213101_A1N1.png",
    "available": true,
    "promoUntil": null
  },
  {
    "id": "576075ZK",
    "title": "Jumbo Borrelzoutjes Pikantjes Feestmix 175 g",
    "category": "Koek, snoep, chocolade en chips",
    "price": 2.69,
    "promoPrice": null,
    "pricePerUnit": "15.37 kg",
    "image": "https://www.jumbo.com/dam-images/fit-in/360x360/Products/14022024_1707873434036_1707873446912_8718452707638_1.png",
    "available": true,
    "promoUntil": null
  },
  {
    "id": "478503DS",
    "title": "Jumbo Crispy Bonbons met Hazelnoot 250 g",
    "category": "Koek, snoep, chocolade en chips",
    "price": 2.49,
    "promoPrice": null,
    "pricePerUnit": "9.96 kg",
    "image": "https://www.jumbo.com/dam-images/fit-in/360x360/Products/01112024_1730471707565_1730471719737_8718452817917_596.png",
    "available": true,
    "promoUntil": null
  },
  {
    "id": "622477POT",
    "title": "Vanish Oxi Action Whitening Booster Poeder - Vlekverwijderaar Voor Witte Was - 720g",
    "category": "Huishouden en dieren",
    "price": 12.99,
    "promoPrice": null,
    "pricePerUnit": "18.04 kg",
    "image": "https://www.jumbo.com/dam-images/fit-in/360x360/Products/08082024_1723120459229_1723120463962_3665468700830_1.png",
    "available": true,
    "promoUntil": null
  },
  {
    "id": "595735ZK",
    "title": "Jumbo Rauwkost Komkommer 150 g",
    "category": "Aardappelen, groente en fruit",
    "price": 2.29,
    "promoPrice": null,
    "pricePerUnit": "15.27 kg",
    "image": "https://www.jumbo.com/dam-images/fit-in/360x360/Products/16072024_1721144060180_1721144071014_8718452788668_1.png",
    "available": true,
    "promoUntil": null
  },
  {
    "id": "570172DS",
    "title": "Gourmet Gold Mousse met Konijn, Rund, Kalf en Lam 24 x 85g",
    "category": "Huishouden en dieren",
    "price": 16.13,
    "promoPrice": null,
    "pricePerUnit": "7.91 kg",
    "image": "https://www.jumbo.com/dam-images/fit-in/360x360/Products/06062025_1749175423521_1749175471489_570172_DS_03222270889759_C1N1_s02.png",
    "available": true,
    "promoUntil": null
  },
  {
    "id": "175775DS",
    "title": "Jumbo Oranje Tops 10 Stuks",
    "category": "Diepvries",
    "price": 2.32,
    "promoPrice": null,
    "pricePerUnit": "5.4 kg",
    "image": "https://www.jumbo.com/dam-images/fit-in/360x360/Products/27052025_1748360090098_1748360118532_8718452178018_596.png",
    "available": true,
    "promoUntil": null
  },
  {
    "id": "436315FLS",
    "title": "Spa TOUCH Bruisend Grapefruit 1L",
    "category": "Frisdrank en sappen",
    "price": 1.74,
    "promoPrice": null,
    "pricePerUnit": "1.74 l",
    "image": "https://www.jumbo.com/dam-images/fit-in/360x360/Products/13082025_1755052760330_1755052765786_436315_FLS_05410013154396_H1N1.png",
    "available": true,
    "promoUntil": null
  },
  {
    "id": "308869STK",
    "title": "Voltaren Emulgel extra sterk bij spier- en gewrichtspijn 2,32% gel 100 g",
    "category": "Drogisterij en baby",
    "price": 25.89,
    "promoPrice": null,
    "pricePerUnit": "258.9 kg",
    "image": "https://www.jumbo.com/dam-images/fit-in/360x360/Products/24092025_1758672132709_1758672137197_5054563910202_1.png",
    "available": true,
    "promoUntil": null
  },
  {
    "id": "692603ZK",
    "title": "Knorr Mix voor Tagliatelle",
    "category": "Wereldkeukens, kruiden, pasta en rijst",
    "price": 1.75,
    "promoPrice": null,
    "pricePerUnit": "28.23 kg",
    "image": "https://www.jumbo.com/dam-images/fit-in/360x360/Products/26052025_1748232829686_1748232848326_692603_ZK_08721201956287_C1N1.png",
    "available": true,
    "promoUntil": null
  },
  {
    "id": "678175DS",
    "title": "Fixodent Plus Onverslaanbare Beet",
    "category": "Drogisterij en baby",
    "price": 6.49,
    "promoPrice": null,
    "pricePerUnit": "162.25 kg",
    "image": "https://www.jumbo.com/dam-images/fit-in/360x360/Products/25082025_1756125157814_1756125161027_8700216620710_1.png",
    "available": true,
    "promoUntil": null
  },
  {
    "id": "443598ZK",
    "title": "Conimex Kroepoek Naturel 73 g",
    "category": "Wereldkeukens, kruiden, pasta en rijst",
    "price": 1.5,
    "promoPrice": null,
    "pricePerUnit": "20.55 kg",
    "image": "https://www.jumbo.com/dam-images/fit-in/360x360/Products/29032025_1743214363512_1743214388918_443598_ZK_08710522975015_H1N1.png",
    "available": true,
    "promoUntil": null
  },
  {
    "id": "76215ZK",
    "title": "Aviko Aardappelschotel Hollandse Stijl 450 g",
    "category": "Diepvries",
    "price": 2.76,
    "promoPrice": null,
    "pricePerUnit": "6.13 kg",
    "image": "https://www.jumbo.com/dam-images/fit-in/360x360/Products/15102024_1728999188820_1728999197268_8710449914890_1.png",
    "available": true,
    "promoUntil": null
  },
  {
    "id": "611247BAK",
    "title": "Jumbo Rijst Zoetzure Kip 450 g",
    "category": "Verse maaltijden en gemak",
    "price": 4.5,
    "promoPrice": null,
    "pricePerUnit": "10.0 kg",
    "image": "https://www.jumbo.com/dam-images/fit-in/360x360/Products/26042024_1714145596818_1714145647092_8718452808069_1.png",
    "available": true,
    "promoUntil": null
  },
  {
    "id": "667409STK",
    "title": "HEMA Geurstokjes Blossom 100ML",
    "category": "Non-food en servicebalie",
    "price": 9.99,
    "promoPrice": null,
    "pricePerUnit": "99.9 l",
    "image": "https://www.jumbo.com/dam-images/fit-in/360x360/Products/04122024_1733303591188_1733303596597_667409_STK_08720354495162_C1N1.png",
    "available": true,
    "promoUntil": null
  },
  {
    "id": "292079STK",
    "title": "Jumbo Kokosmakronen 360 g",
    "category": "Koek, snoep, chocolade en chips",
    "price": 1.87,
    "promoPrice": null,
    "pricePerUnit": "5.19 kg",
    "image": "https://www.jumbo.com/dam-images/fit-in/360x360/Products/09082023_1691585789763_1691585799842_8718452381319_1.png",
    "available": true,
    "promoUntil": null
  },
  {
    "id": "22735STK",
    "title": "Jumbo Luchtverfrisser Frisse Lelietjes 180 g",
    "category": "Huishouden en dieren",
    "price": 1.07,
    "promoPrice": null,
    "pricePerUnit": "5.94 kg",
    "image": "https://www.jumbo.com/dam-images/fit-in/360x360/Products/10082023_1691674925175_1691674938411_8711715842930_1.png",
    "available": true,
    "promoUntil": null
  },
  {
    "id": "577904BAK",
    "title": "Jumbo Groene Salade Tomaat & Komkommer 330 g",
    "category": "Aardappelen, groente en fruit",
    "price": 3.89,
    "promoPrice": null,
    "pricePerUnit": "11.79 kg",
    "image": "https://www.jumbo.com/dam-images/fit-in/360x360/Products/16072024_1721144061463_1721144070137_8718452805471_1.png",
    "available": true,
    "promoUntil": null
  },
  {
    "id": "691846ZK",
    "title": "Jumbo Vaatwascapsules All in One 25 Stuks",
    "category": "Huishouden en dieren",
    "price": 4.29,
    "promoPrice": null,
    "pricePerUnit": "0.17 wb",
    "image": "https://www.jumbo.com/dam-images/fit-in/360x360/Products/02052025_1746192747159_1746192762883_8718452887132_596.png",
    "available": true,
    "promoUntil": null
  },
  {
    "id": "680917ZK",
    "title": "Pampers Baby-Dry Pants Luierbroekjes Maat 6, 64 Luierbroekjes",
    "category": "Drogisterij en baby",
    "price": 48.49,
    "promoPrice": null,
    "pricePerUnit": "0.76 pieces",
    "image": "https://www.jumbo.com/dam-images/fit-in/360x360/Products/14082025_1755196421625_1755196425887_8700216595643_1.png",
    "available": true,
    "promoUntil": null
  },
  {
    "id": "420150ZK",
    "title": "BROS Mini Melkchocolade Uitdeelzak 208 g",
    "category": "Koek, snoep, chocolade en chips",
    "price": 4.35,
    "promoPrice": null,
    "pricePerUnit": "20.91 kg",
    "image": "https://www.jumbo.com/dam-images/fit-in/360x360/Products/27112024_1732673392984_1732673419198_420150_ZK_08593893775633_C1N1_s01.png",
    "available": true,
    "promoUntil": null
  },
  {
    "id": "42765PAK",
    "title": "Jumbo Eierwafels met Poedersuiker 260 g",
    "category": "Koek, snoep, chocolade en chips",
    "price": 1.28,
    "promoPrice": null,
    "pricePerUnit": "5.12 kg",
    "image": "https://www.jumbo.com/dam-images/fit-in/360x360/Products/29092023_1695995086902_1695995092504_8718452387182_1.png",
    "available": true,
    "promoUntil": null
  },
  {
    "id": "545067DSL",
    "title": "Jumbo Cola Vanilla Flavour Zero Sugar Blik 24 x 330 ml",
    "category": "Frisdrank en sappen",
    "price": 13.16,
    "promoPrice": null,
    "pricePerUnit": "1.66 l",
    "image": "https://www.jumbo.com/dam-images/fit-in/360x360/Products/545067_8718452717675_1_T1_203830DSL1691139369376.png",
    "available": true,
    "promoUntil": null
  },
  {
    "id": "237956STK",
    "title": "Verstegen Paprikapoeder Gerookt 35 g",
    "category": "Wereldkeukens, kruiden, pasta en rijst",
    "price": 2.99,
    "promoPrice": null,
    "pricePerUnit": "85.43 kg",
    "image": "https://www.jumbo.com/dam-images/fit-in/360x360/Products/26082025_1756172033973_1756172037949_237956_STK_08712200856104_C1N1.png",
    "available": true,
    "promoUntil": null
  },
  {
    "id": "668563PAK",
    "title": "Jumbo Tropical met Appel 1,5 L",
    "category": "Frisdrank en sappen",
    "price": 1.35,
    "promoPrice": null,
    "pricePerUnit": "0.9 l",
    "image": "https://www.jumbo.com/dam-images/fit-in/360x360/Products/26022025_1740587608685_1740587632065_8718452892716_596.png",
    "available": true,
    "promoUntil": null
  },
  {
    "id": "639092DS",
    "title": "Lay's Classic Mix Multipack Chips 12 x 27,5 g",
    "category": "Koek, snoep, chocolade en chips",
    "price": 4.49,
    "promoPrice": null,
    "pricePerUnit": "4.49 pieces",
    "image": "https://www.jumbo.com/dam-images/fit-in/360x360/Products/25072025_1753453971690_1753453979513_8710398531148_1.png",
    "available": true,
    "promoUntil": null
  },
  {
    "id": "148058DS",
    "title": "Jumbo Tonijnsteaks 250 g",
    "category": "Diepvries",
    "price": 5.93,
    "promoPrice": null,
    "pricePerUnit": "23.72 kg",
    "image": "https://www.jumbo.com/dam-images/fit-in/360x360/Products/18032025_1742315586775_1742315593520_8718452581313_1.png",
    "available": true,
    "promoUntil": null
  },
  {
    "id": "641013KGR",
    "title": "Jumbo Pepersalami ca. 120 g",
    "category": "Vleeswaren, kaas en tapas",
    "price": 3.0,
    "promoPrice": null,
    "pricePerUnit": "25.0 kg",
    "image": "https://www.jumbo.com/dam-images/fit-in/360x360/Products/04072025_1751617997375_1751618004702_2336023000000_1.png",
    "available": true,
    "promoUntil": null
  },
  {
    "id": "134890DSL",
    "title": "Gato Negro – Sauvignon Blanc 6 x 750 ml",
    "category": "Bier en wijn",
    "price": 31.74,
    "promoPrice": null,
    "pricePerUnit": "7.05 l",
    "image": "https://www.jumbo.com/dam-images/fit-in/360x360/Products/134890DSL-1692280087869.png",
    "available": true,
    "promoUntil": null
  },
  {
    "id": "593485ZK",
    "title": "Jumbo Fijne Stukjes in Gelei Kitten 12 x 85 g",
    "category": "Huishouden en dieren",
    "price": 4.69,
    "promoPrice": null,
    "pricePerUnit": "4.6 kg",
    "image": "https://www.jumbo.com/dam-images/fit-in/360x360/Products/26042024_1714145594927_1714145613219_8718452777464_596.png",
    "available": true,
    "promoUntil": null
  },
  {
    "id": "350321PAK",
    "title": "Schär Pizza Base Glutenvrij 2 x 150 g",
    "category": "Wereldkeukens, kruiden, pasta en rijst",
    "price": 4.8,
    "promoPrice": null,
    "pricePerUnit": "16.0 kg",
    "image": "https://www.jumbo.com/dam-images/fit-in/360x360/Products/31032025_1743413561247_1743413573091_8008698002025_1.png",
    "available": true,
    "promoUntil": null
  },
  {
    "id": "575950CUP",
    "title": "Jumbo Ongezouten Pistache Notenmix 130 g",
    "category": "Koek, snoep, chocolade en chips",
    "price": 3.99,
    "promoPrice": null,
    "pricePerUnit": "30.69 kg",
    "image": "https://www.jumbo.com/dam-images/fit-in/360x360/Products/14022024_1707873976516_1707873980796_8718452738946_1.png",
    "available": true,
    "promoUntil": null
  },
  {
    "id": "112609PAK",
    "title": "Douwe Egberts Aroma Rood Grove Maling Filterkoffie 500 g",
    "category": "Koffie en thee",
    "price": 8.15,
    "promoPrice": null,
    "pricePerUnit": "16.3 kg",
    "image": "https://www.jumbo.com/dam-images/fit-in/360x360/Products/13012024_1705123436060_1705123442126_112609_PAK_08711000003282_C1N1.png",
    "available": false,
    "promoUntil": null
  },
  {
    "id": "195815STK",
    "title": "Jumbo Teriyaki Saus 175 ml",
    "category": "Wereldkeukens, kruiden, pasta en rijst",
    "price": 1.64,
    "promoPrice": null,
    "pricePerUnit": "9.37 l",
    "image": "https://www.jumbo.com/dam-images/fit-in/360x360/Products/09082023_1691584856069_1691584866729_8718452261802_1.png",
    "available": true,
    "promoUntil": null
  },
  {
    "id": "606326ZK",
    "title": "Jumbo Gesneden Snijbonen 200 g",
    "category": "Aardappelen, groente en fruit",
    "price": 1.99,
    "promoPrice": null,
    "pricePerUnit": "9.95 kg",
    "image": "https://www.jumbo.com/dam-images/fit-in/360x360/Products/31052024_1717151659324_1717151667127_8718452773329_1.png",
    "available": true,
    "promoUntil": null
  },
  {
    "id": "581695DS",
    "title": "Buys Zoenen 2 x 6 Stuks 200 g",
    "category": "Koek, snoep, chocolade en chips",
    "price": 2.34,
    "promoPrice": null,
    "pricePerUnit": "11.7 kg",
    "image": "https://www.jumbo.com/dam-images/fit-in/360x360/Products/20102023_1697764416522_1697764419544_581695_DS_08710739501762_C1N1.png",
    "available": true,
    "promoUntil": null
  },
  {
    "id": "200590ZK",
    "title": "Grand'Italia Fusilli Glutenvrij Pasta 400 g",
    "category": "Wereldkeukens, kruiden, pasta en rijst",
    "price": 3.95,
    "promoPrice": null,
    "pricePerUnit": "9.88 kg",
    "image": "https://www.jumbo.com/dam-images/fit-in/360x360/Products/25052024_1716603778795_1716603783134_200590_ZK_08000050025475_H1N1.png",
    "available": true,
    "promoUntil": null
  },
  {
    "id": "370860ZK",
    "title": "Stegeman Cervelaat Fijn 225 g",
    "category": "Vleeswaren, kaas en tapas",
    "price": 3.75,
    "promoPrice": null,
    "pricePerUnit": "16.67 kg",
    "image": "https://www.jumbo.com/dam-images/fit-in/360x360/Products/10082023_1691677978580_1691677980254_8710765962001_1.png",
    "available": true,
    "promoUntil": null
  },
  {
    "id": "547486ZK",
    "title": "Jumbo Verse Boerenfriet met Schil 1 kg",
    "category": "Aardappelen, groente en fruit",
    "price": 2.59,
    "promoPrice": null,
    "pricePerUnit": "2.59 kg",
    "image": "https://www.jumbo.com/dam-images/fit-in/360x360/Products/05082024_1722872066693_1722872075727_8718452802425_1.png",
    "available": true,
    "promoUntil": null
  },
  {
    "id": "486572CUP",
    "title": "Ben & Jerry's IJs Strawberry Cheesecake 465 ml",
    "category": "Diepvries",
    "price": 7.69,
    "promoPrice": null,
    "pricePerUnit": "16.54 l",
    "image": "https://www.jumbo.com/dam-images/fit-in/360x360/Products/24092025_1758679560636_1758679590197_486572_CUP_08711327374126_H1N1.png",
    "available": true,
    "promoUntil": null
  },
  {
    "id": "666030KGR",
    "title": "Jumbo Leverkaas ca. 120 g",
    "category": "Vleeswaren, kaas en tapas",
    "price": 2.4,
    "promoPrice": null,
    "pricePerUnit": "20.0 kg",
    "image": "https://www.jumbo.com/dam-images/fit-in/360x360/Products/14022025_1739539722962_1739539730615_2369651000000_1.png",
    "available": true,
    "promoUntil": null
  },
  {
    "id": "232721STK",
    "title": "Villa Aix - Coteaux d'Aix en Provence - Grenache - Cinsault - Rosé - 750 ML",
    "category": "Bier en wijn",
    "price": 9.49,
    "promoPrice": null,
    "pricePerUnit": "12.65 l",
    "image": "https://www.jumbo.com/dam-images/fit-in/360x360/Products/07122023_1701922186751_1701922194578_232721_STK_03334861003786_C1N1.png",
    "available": true,
    "promoUntil": null
  },
  {
    "id": "553414FLS",
    "title": "Lipton Ice Tea Lemon 1500 ml",
    "category": "Frisdrank en sappen",
    "price": 3.69,
    "promoPrice": null,
    "pricePerUnit": "2.46 l",
    "image": "https://www.jumbo.com/dam-images/fit-in/360x360/Products/03042025_1743650375598_1743650401036_553414_FLS_08711327583917_H1N1.png",
    "available": true,
    "promoUntil": null
  },
  {
    "id": "376127DS",
    "title": "Innopastry Mini Bouw Steentjes Aardbei Banaan Choco Speculoos 8 x 30 g",
    "category": "Diepvries",
    "price": 5.99,
    "promoPrice": null,
    "pricePerUnit": "24.96 kg",
    "image": "https://www.jumbo.com/dam-images/fit-in/360x360/Products/03022024_1706926789759_1706926809446_376127_DS_08718868076236_C1N1.png",
    "available": true,
    "promoUntil": null
  },
  {
    "id": "498041PAK",
    "title": "Jumbo - Desem Broodjes - 4 Stuks",
    "category": "Brood en gebak",
    "price": 2.13,
    "promoPrice": null,
    "pricePerUnit": "7.1 kg",
    "image": "https://www.jumbo.com/dam-images/fit-in/360x360/Products/09082023_1691592890278_1691592893067_8718452649792_1.png",
    "available": true,
    "promoUntil": null
  },
  {
    "id": "38946PAK",
    "title": "Jumbo Tonnies met Sinaasappelvulling en Chocolade 150 g",
    "category": "Koek, snoep, chocolade en chips",
    "price": 1.59,
    "promoPrice": null,
    "pricePerUnit": "10.6 kg",
    "image": "https://www.jumbo.com/dam-images/fit-in/360x360/Products/18092023_1695027649958_1695027655369_8711715866929_1.png",
    "available": true,
    "promoUntil": null
  },
  {
    "id": "84806PAK",
    "title": "Lassie Bio Bulgur 275 g",
    "category": "Wereldkeukens, kruiden, pasta en rijst",
    "price": 1.75,
    "promoPrice": null,
    "pricePerUnit": "6.36 kg",
    "image": "https://www.jumbo.com/dam-images/fit-in/360x360/Products/02102024_1727832769248_1727832775680_84806_PAK_08410830589255_H1N1.png",
    "available": true,
    "promoUntil": null
  },
  {
    "id": "678187ZK",
    "title": "Pampers Night Pants Maat 5, 35 luierbroekjes",
    "category": "Drogisterij en baby",
    "price": 24.99,
    "promoPrice": null,
    "pricePerUnit": "0.71 pieces",
    "image": "https://www.jumbo.com/dam-images/fit-in/360x360/Products/14082025_1755200016651_1755200022496_8700216669764_1.png",
    "available": true,
    "promoUntil": null
  },
  {
    "id": "641387KGR",
    "title": "Jumbo Plakjes Gehaktbal Kaas ca. 130 g",
    "category": "Vleeswaren, kaas en tapas",
    "price": 2.92,
    "promoPrice": null,
    "pricePerUnit": "22.5 kg",
    "image": "https://www.jumbo.com/dam-images/fit-in/360x360/Products/12122024_1734014685675_1734014693288_2336138000000_1.png",
    "available": true,
    "promoUntil": null
  },
  {
    "id": "208688BAK",
    "title": "Jumbo's Champignon Truffel Triangoli 250 g",
    "category": "Wereldkeukens, kruiden, pasta en rijst",
    "price": 3.59,
    "promoPrice": null,
    "pricePerUnit": "14.36 kg",
    "image": "https://www.jumbo.com/dam-images/fit-in/360x360/Products/23092024_1727091277023_1727091282042_8718452832699_1.png",
    "available": true,
    "promoUntil": null
  },
  {
    "id": "656720KGR",
    "title": "Wapenaer Goudse Kaas 48+ met Komijn Belegen ca. 200 g",
    "category": "Vleeswaren, kaas en tapas",
    "price": 4.2,
    "promoPrice": null,
    "pricePerUnit": "20.99 kg",
    "image": "https://www.jumbo.com/dam-images/fit-in/360x360/Products/31122024_1735648371129_1735648379502_2336141000000_1.png",
    "available": true,
    "promoUntil": null
  },
  {
    "id": "193243ZK",
    "title": "Mora Broodje Gehaktbal 140 g",
    "category": "Diepvries",
    "price": 2.09,
    "promoPrice": null,
    "pricePerUnit": "14.93 kg",
    "image": "https://www.jumbo.com/dam-images/fit-in/360x360/Products/10082023_1691678324347_1691678326287_8710861985058_1.png",
    "available": true,
    "promoUntil": null
  },
  {
    "id": "383778ZK",
    "title": "Jumbo Volledig Diervoeder Katten Volwassen Zalm & Rijst 800g",
    "category": "Huishouden en dieren",
    "price": 4.41,
    "promoPrice": null,
    "pricePerUnit": "5.51 kg",
    "image": "https://www.jumbo.com/dam-images/fit-in/360x360/Products/09082023_1691587558771_1691587576820_8718452476756_1.png",
    "available": true,
    "promoUntil": null
  },
  {
    "id": "398279ZK",
    "title": "Jumbo Sperziebonen Biologisch 400 g",
    "category": "Aardappelen, groente en fruit",
    "price": 2.99,
    "promoPrice": null,
    "pricePerUnit": "7.48 kg",
    "image": "https://www.jumbo.com/dam-images/fit-in/360x360/Products/09082023_1691587687514_1691587731425_8718452528936_1.png",
    "available": true,
    "promoUntil": null
  },
  {
    "id": "583696PAK",
    "title": "Bavaria - Pilsener - Blik - 6 x 500ML",
    "category": "Bier en wijn",
    "price": 6.99,
    "promoPrice": null,
    "pricePerUnit": "2.33 l",
    "image": "https://www.jumbo.com/dam-images/fit-in/360x360/Products/05082024_1722816020477_1722816027393_8714800046688_1.png",
    "available": true,
    "promoUntil": null
  },
  {
    "id": "170548FLS",
    "title": "Go-Tan Wok Original Teriyaki 240 ml",
    "category": "Wereldkeukens, kruiden, pasta en rijst",
    "price": 2.56,
    "promoPrice": null,
    "pricePerUnit": "10.67 l",
    "image": "https://www.jumbo.com/dam-images/fit-in/360x360/Products/09092023_1694228490829_1694228493927_170548_FLS_08710605027013_C1N1.png",
    "available": true,
    "promoUntil": null
  },
  {
    "id": "533121TRL",
    "title": "Coca-Cola Zero Sugar Vanilla 6x 4x250 ml",
    "category": "Frisdrank en sappen",
    "price": 19.44,
    "promoPrice": null,
    "pricePerUnit": "3.24 l",
    "image": "https://www.jumbo.com/dam-images/fit-in/360x360/Products/533121TRL-1692280469237.png",
    "available": true,
    "promoUntil": null
  },
  {
    "id": "581796BAK",
    "title": "Jumbo Kip Kerrie 260 g",
    "category": "Verse maaltijden en gemak",
    "price": 3.79,
    "promoPrice": null,
    "pricePerUnit": "14.58 kg",
    "image": "https://www.jumbo.com/dam-images/fit-in/360x360/Products/18042024_1713447308764_1713447322756_8718452826759_1.png",
    "available": true,
    "promoUntil": null
  },
  {
    "id": "641018KGR",
    "title": "Jumbo Biologisch Ontbijtspek ca. 100 g",
    "category": "Vleeswaren, kaas en tapas",
    "price": 2.85,
    "promoPrice": null,
    "pricePerUnit": "28.5 kg",
    "image": "https://www.jumbo.com/dam-images/fit-in/360x360/Products/04072025_1751617997536_1751618006271_2349058000000_1.png",
    "available": true,
    "promoUntil": null
  },
  {
    "id": "563977PAK",
    "title": "Heinz Tomato Frito®",
    "category": "Wereldkeukens, kruiden, pasta en rijst",
    "price": 2.89,
    "promoPrice": null,
    "pricePerUnit": "3.71 kg",
    "image": "https://www.jumbo.com/dam-images/fit-in/360x360/Products/02082025_1754097254648_1754097261756_563977_PAK_08410066139323_C1N1.png",
    "available": true,
    "promoUntil": null
  },
  {
    "id": "691490STK",
    "title": "HEMA Aardappelschilmesjes 2 Stuks",
    "category": "Non-food en servicebalie",
    "price": 2.29,
    "promoPrice": null,
    "pricePerUnit": "2.29 pieces",
    "image": "https://www.jumbo.com/dam-images/fit-in/360x360/Products/09082023_1691587041038_1691587045615_8716618098446_1.png",
    "available": true,
    "promoUntil": null
  },
  {
    "id": "460254DS",
    "title": "Made Good Chocolate Chip Granola Bars 6 x 24 g",
    "category": "Koek, snoep, chocolade en chips",
    "price": 3.17,
    "promoPrice": null,
    "pricePerUnit": "22.01 kg",
    "image": "https://www.jumbo.com/dam-images/fit-in/360x360/Products/07062025_1749262254273_1749262255941_460254_DS_00687456213095_A1N1.png",
    "available": true,
    "promoUntil": null
  },
  {
    "id": "390236ZK",
    "title": "MAGGI Sperziebonen Jachtsaus 54g",
    "category": "Wereldkeukens, kruiden, pasta en rijst",
    "price": 1.79,
    "promoPrice": null,
    "pricePerUnit": "33.15 kg",
    "image": "https://www.jumbo.com/dam-images/fit-in/360x360/Products/17092024_1726537334160_1726537351105_390236_ZK_07613035188037_C1N1_s01.png",
    "available": true,
    "promoUntil": null
  },
  {
    "id": "352249BLS",
    "title": "Witte Reus Blauw Actief Eucalyptus 100 g",
    "category": "Huishouden en dieren",
    "price": 7.19,
    "promoPrice": null,
    "pricePerUnit": "71.9 kg",
    "image": "https://www.jumbo.com/dam-images/fit-in/360x360/Products/24052025_1748048791786_1748048796469_352249_BLS_05410091754167_C1N1.png",
    "available": true,
    "promoUntil": null
  },
  {
    "id": "624830DS",
    "title": "Venco Dropmix Fruitig Voordeel 400 g",
    "category": "Koek, snoep, chocolade en chips",
    "price": 3.46,
    "promoPrice": null,
    "pricePerUnit": "8.65 kg",
    "image": "https://www.jumbo.com/dam-images/fit-in/360x360/Products/25022025_1740474235915_1740474243699_8713800254925_1.png",
    "available": true,
    "promoUntil": null
  },
  {
    "id": "224834STK",
    "title": "Red Band Stophoest rollen Snoep 4-pack (4 x 40g)",
    "category": "Koek, snoep, chocolade en chips",
    "price": 1.87,
    "promoPrice": null,
    "pricePerUnit": "11.69 kg",
    "image": "https://www.jumbo.com/dam-images/fit-in/360x360/Products/05082025_1754355749065_1754355756061_224834_STK_00000087138139_C1N1.png",
    "available": true,
    "promoUntil": null
  },
  {
    "id": "170396ZK",
    "title": "Lay's Pomtips Naturel Chips 125 gr",
    "category": "Koek, snoep, chocolade en chips",
    "price": 2.49,
    "promoPrice": null,
    "pricePerUnit": "19.92 kg",
    "image": "https://www.jumbo.com/dam-images/fit-in/360x360/Products/14072025_1752500004995_1752500010120_8710398502322_1.png",
    "available": true,
    "promoUntil": null
  },
  {
    "id": "685976BAK",
    "title": "Jumbo Maaltijdsalade Tonijn 450 g",
    "category": "Verse maaltijden en gemak",
    "price": 3.96,
    "promoPrice": null,
    "pricePerUnit": "8.8 kg",
    "image": "https://www.jumbo.com/dam-images/fit-in/360x360/Products/13032025_1741865566674_1741865575526_8718452892921_1.png",
    "available": true,
    "promoUntil": null
  },
  {
    "id": "560960TRA",
    "title": "Jumbo Penne Carbonara 450 g",
    "category": "Verse maaltijden en gemak",
    "price": 4.49,
    "promoPrice": null,
    "pricePerUnit": "9.98 kg",
    "image": "https://www.jumbo.com/dam-images/fit-in/360x360/Products/14022024_1707872745653_1707872753789_8718452738687_1.png",
    "available": true,
    "promoUntil": null
  },
  {
    "id": "694125CUP",
    "title": "Jumbo Gevulde Dadels met Geitenkaas 80 g",
    "category": "Vleeswaren, kaas en tapas",
    "price": 2.39,
    "promoPrice": null,
    "pricePerUnit": "29.88 kg",
    "image": "https://www.jumbo.com/dam-images/fit-in/360x360/Products/07072025_1751902648310_1751902655848_8718452923090_1.png",
    "available": true,
    "promoUntil": null
  },
  {
    "id": "151096DS",
    "title": "Jumbo Roomboter Kaasvlinders 100 g",
    "category": "Koek, snoep, chocolade en chips",
    "price": 1.49,
    "promoPrice": null,
    "pricePerUnit": "14.9 kg",
    "image": "https://www.jumbo.com/dam-images/fit-in/360x360/Products/05082025_1754408031072_1754408041824_8718452922789_596.png",
    "available": true,
    "promoUntil": null
  },
  {
    "id": "492268POT",
    "title": "Drogheria Vier seizoenen peper 40 g",
    "category": "Wereldkeukens, kruiden, pasta en rijst",
    "price": 3.65,
    "promoPrice": null,
    "pricePerUnit": "91.25 kg",
    "image": "https://www.jumbo.com/dam-images/fit-in/360x360/Products/08052025_1746669639578_1746669647497_492268_POT_08004708048922_C1N1.png",
    "available": true,
    "promoUntil": null
  },
  {
    "id": "164604PAK",
    "title": "Heinz Tomaten blokjes naturel",
    "category": "Wereldkeukens, kruiden, pasta en rijst",
    "price": 1.23,
    "promoPrice": null,
    "pricePerUnit": "3.15 kg",
    "image": "https://www.jumbo.com/dam-images/fit-in/360x360/Products/02082025_1754099087604_1754099096889_164604_PAK_08715700422244_C1N1.png",
    "available": true,
    "promoUntil": null
  },
  {
    "id": "525992KGR",
    "title": "Jumbo Slagers Corned Beef ca. 100 g",
    "category": "Vleeswaren, kaas en tapas",
    "price": 3.0,
    "promoPrice": null,
    "pricePerUnit": "27.27 kg",
    "image": "https://www.jumbo.com/dam-images/fit-in/360x360/Products/08042025_1744122766019_1744122773321_2369590000000_1.png",
    "available": true,
    "promoUntil": null
  },
  {
    "id": "513213DS",
    "title": "Knorr Wereldgerechten Maaltijdpakket Japanse Teriyaki 317 g",
    "category": "Wereldkeukens, kruiden, pasta en rijst",
    "price": 4.69,
    "promoPrice": null,
    "pricePerUnit": "14.79 kg",
    "image": "https://www.jumbo.com/dam-images/fit-in/360x360/Products/19092025_1758288803188_1758288811017_8720182265487_1.png",
    "available": true,
    "promoUntil": null
  },
  {
    "id": "440632PAK",
    "title": "Affligem Belgisch Wit 0.0 Bier Fles 6 x 300ml",
    "category": "Bier en wijn",
    "price": 6.99,
    "promoPrice": null,
    "pricePerUnit": "3.88 l",
    "image": "https://www.jumbo.com/dam-images/fit-in/360x360/Products/21082025_1755761586995_1755761592463_8712000057435_1.png",
    "available": true,
    "promoUntil": null
  },
  {
    "id": "621438KGR",
    "title": "Old Amsterdam Goudse Kaas 48+ ca. 375 g Stuk",
    "category": "Vleeswaren, kaas en tapas",
    "price": 8.25,
    "promoPrice": null,
    "pricePerUnit": "21.99 kg",
    "image": "https://www.jumbo.com/dam-images/fit-in/360x360/Products/42183KGR17128903a-5242-484b-a159-434749f387cf-1711543505873.png",
    "available": true,
    "promoUntil": null
  },
  {
    "id": "194799PAK",
    "title": "Céréal Zonder Suikers Smaak Speculoos Stukjes Amandel 2 x 5 Stuks 110 g",
    "category": "Koek, snoep, chocolade en chips",
    "price": 2.96,
    "promoPrice": null,
    "pricePerUnit": "26.19 kg",
    "image": "https://www.jumbo.com/dam-images/fit-in/360x360/Products/05062025_1749115988693_1749116004220_5410063000247_1.png",
    "available": true,
    "promoUntil": null
  },
  {
    "id": "70574ZK",
    "title": "Sawi Long Grain Rijst 4,5 kg",
    "category": "Wereldkeukens, kruiden, pasta en rijst",
    "price": 5.79,
    "promoPrice": null,
    "pricePerUnit": "1.29 kg",
    "image": "https://www.jumbo.com/dam-images/fit-in/360x360/Products/09082023_1691584436175_1691584444067_8717306670074_1.png",
    "available": true,
    "promoUntil": null
  },
  {
    "id": "28423BAK",
    "title": "Jumbo Roomijs IJsstam Vanille 330 g",
    "category": "Diepvries",
    "price": 1.69,
    "promoPrice": null,
    "pricePerUnit": "2.6 l",
    "image": "https://www.jumbo.com/dam-images/fit-in/360x360/Products/09072025_1752064368840_1752064383627_8718452812134_596.png",
    "available": true,
    "promoUntil": null
  },
  {
    "id": "580848FLS",
    "title": "Yellow Tail - Merlot - 750ML",
    "category": "Bier en wijn",
    "price": 5.99,
    "promoPrice": null,
    "pricePerUnit": "7.99 l",
    "image": "https://www.jumbo.com/dam-images/fit-in/360x360/Products/08072025_1751985168773_1751985172044_9322214006328_1.png",
    "available": true,
    "promoUntil": null
  },
  {
    "id": "460258PAK",
    "title": "Killerbody Snack Lemon Cheesecake 2+1 Gratis 3 x 40 g",
    "category": "Koek, snoep, chocolade en chips",
    "price": 4.39,
    "promoPrice": 3.29,
    "pricePerUnit": "27.42 kg",
    "image": "https://www.jumbo.com/dam-images/fit-in/360x360/Products/24112023_1700795289784_1700795290605_460258_PAK_08719325551655_C1N1.png",
    "available": true,
    "promoUntil": "di 7 okt"
  },
  {
    "id": "577088CUP",
    "title": "Jumbo Kaasblokjes Fenegriek Jong 48+ 100 g",
    "category": "Vleeswaren, kaas en tapas",
    "price": 2.49,
    "promoPrice": null,
    "pricePerUnit": "24.9 kg",
    "image": "https://www.jumbo.com/dam-images/fit-in/360x360/Products/14112023_1699975989412_1699976008615_8718452746774_1.png",
    "available": true,
    "promoUntil": null
  },
  {
    "id": "617554DSL",
    "title": "Kinder Bueno White 30 Stuks",
    "category": "Koek, snoep, chocolade en chips",
    "price": 47.7,
    "promoPrice": null,
    "pricePerUnit": "40.77 kg",
    "image": "https://www.jumbo.com/dam-images/fit-in/360x360/Products/18022025_1739896393667_1739896402850_8000500121467_1.png",
    "available": true,
    "promoUntil": null
  },
  {
    "id": "37278FLS",
    "title": "Castan Family Excellence - Cabernet - Sauvignon - 750ML",
    "category": "Bier en wijn",
    "price": 4.99,
    "promoPrice": null,
    "pricePerUnit": "6.65 l",
    "image": "https://www.jumbo.com/dam-images/fit-in/360x360/Products/17042025_1744882429076_1744882432484_3760165910312_1.png",
    "available": true,
    "promoUntil": null
  },
  {
    "id": "607623FLS",
    "title": "Spa TOUCH Bruisend Cherry 1L",
    "category": "Frisdrank en sappen",
    "price": 1.79,
    "promoPrice": null,
    "pricePerUnit": "1.79 l",
    "image": "https://www.jumbo.com/dam-images/fit-in/360x360/Products/13042024_1712973137244_1712973142880_607623_FLS_05410013813620_H1N1.png",
    "available": true,
    "promoUntil": null
  },
  {
    "id": "498582ZK",
    "title": "Katja Apekoppen 255 g",
    "category": "Koek, snoep, chocolade en chips",
    "price": 2.39,
    "promoPrice": null,
    "pricePerUnit": "9.37 kg",
    "image": "https://www.jumbo.com/dam-images/fit-in/360x360/Products/30042024_1714440752811_1714440760341_498582_ZK_08716100202474_C1N1.png",
    "available": true,
    "promoUntil": null
  },
  {
    "id": "648722STK",
    "title": "Jumbo Camembert Witschimmelkaas 45+ ca. 120g",
    "category": "Vleeswaren, kaas en tapas",
    "price": 2.59,
    "promoPrice": null,
    "pricePerUnit": "21.58 kg",
    "image": "https://www.jumbo.com/dam-images/fit-in/360x360/Products/07062024_1717759995170_1717760000481_8718452711468_1.png",
    "available": true,
    "promoUntil": null
  },
  {
    "id": "669612DS",
    "title": "Ariel 3in1 PODS Original, Wasmiddel Capsules 26",
    "category": "Huishouden en dieren",
    "price": 20.49,
    "promoPrice": null,
    "pricePerUnit": "0.79 pieces",
    "image": "https://www.jumbo.com/dam-images/fit-in/360x360/Products/15092025_1757894411931_1757894416395_8700216843560_1.png",
    "available": true,
    "promoUntil": null
  },
  {
    "id": "684472FLS",
    "title": "Jean Balmont - Cabernet Sauvignon - 750ML",
    "category": "Bier en wijn",
    "price": 3.99,
    "promoPrice": null,
    "pricePerUnit": "5.32 l",
    "image": "https://www.jumbo.com/dam-images/fit-in/360x360/Products/27052025_1748356387366_1748356390816_3176780039947_1.png",
    "available": true,
    "promoUntil": null
  },
  {
    "id": "390223ZK",
    "title": "MAGGI Dagschotel Sperziebonen Satésaus met Gehakt Zakje 70 g",
    "category": "Wereldkeukens, kruiden, pasta en rijst",
    "price": 1.65,
    "promoPrice": null,
    "pricePerUnit": "23.57 kg",
    "image": "https://www.jumbo.com/dam-images/fit-in/360x360/Products/17092024_1726538020610_1726538037567_390223_ZK_07613035188273_C1N1_s01.png",
    "available": true,
    "promoUntil": null
  },
  {
    "id": "629537BLS",
    "title": "Glorix Power Clean Toiletblok Citroen 1 stuk",
    "category": "Huishouden en dieren",
    "price": 4.19,
    "promoPrice": null,
    "pricePerUnit": "4.19 pieces",
    "image": "https://www.jumbo.com/dam-images/fit-in/360x360/Products/19082025_1755565828686_1755565869481_629537_BLS_08720182904928_H1N1.png",
    "available": true,
    "promoUntil": null
  },
  {
    "id": "420152ZK",
    "title": "LION Mini melkchocolade uitdeelzak",
    "category": "Koek, snoep, chocolade en chips",
    "price": 4.35,
    "promoPrice": null,
    "pricePerUnit": "16.11 kg",
    "image": "https://www.jumbo.com/dam-images/fit-in/360x360/Products/23092025_1758590441753_1758590451689_420152_ZK_07613036832335_H1N1_s01.png",
    "available": true,
    "promoUntil": null
  },
  {
    "id": "559696DS",
    "title": "Côte d'Or BonBonBloc Chocoladereep Praliné Witte Chocolade 200g",
    "category": "Koek, snoep, chocolade en chips",
    "price": 5.31,
    "promoPrice": null,
    "pricePerUnit": "26.55 kg",
    "image": "https://www.jumbo.com/dam-images/fit-in/360x360/Products/24092025_1758677686817_1758677708627_559696_DS_07622201135010_C1N1_s01.png",
    "available": true,
    "promoUntil": null
  },
  {
    "id": "553407FLS",
    "title": "Lipton Ice Tea Lemon 500 ml",
    "category": "Frisdrank en sappen",
    "price": 1.99,
    "promoPrice": null,
    "pricePerUnit": "3.98 l",
    "image": "https://www.jumbo.com/dam-images/fit-in/360x360/Products/07062025_1749263745589_1749263788030_553407_FLS_08711327579040_H1N1.png",
    "available": true,
    "promoUntil": null
  },
  {
    "id": "439989ZK",
    "title": "Knorr Maaltijdmix Ovenpasta Ham-Kaas 60 g",
    "category": "Wereldkeukens, kruiden, pasta en rijst",
    "price": 1.89,
    "promoPrice": null,
    "pricePerUnit": "31.5 kg",
    "image": "https://www.jumbo.com/dam-images/fit-in/360x360/Products/27092023_1695787103493_1695787128489_439989_ZK_08710522987766_C1N1.png",
    "available": true,
    "promoUntil": null
  },
  {
    "id": "628093PAK",
    "title": "TUC Crackers Bacon Smaak 100g",
    "category": "Koek, snoep, chocolade en chips",
    "price": 1.31,
    "promoPrice": null,
    "pricePerUnit": "13.1 kg",
    "image": "https://www.jumbo.com/dam-images/fit-in/360x360/Products/24092025_1758724491519_1758724500725_5410041143508_596.png",
    "available": true,
    "promoUntil": null
  },
  {
    "id": "523330FLS",
    "title": "innocent super smoothie berry energise 300ml",
    "category": "Frisdrank en sappen",
    "price": 2.79,
    "promoPrice": null,
    "pricePerUnit": "9.3 l",
    "image": "https://www.jumbo.com/dam-images/fit-in/360x360/Products/11042025_1744360405789_1744360408922_5038862239769_1.png",
    "available": true,
    "promoUntil": null
  },
  {
    "id": "177692STK",
    "title": "Freixenet - Cordon Negro - Cava - Brut - 750 ML",
    "category": "Bier en wijn",
    "price": 11.99,
    "promoPrice": null,
    "pricePerUnit": "15.99 l",
    "image": "https://www.jumbo.com/dam-images/fit-in/360x360/Products/31072025_1753928152199_1753928153963_177692_STK_08410036009090_C1N1.png",
    "available": true,
    "promoUntil": null
  },
  {
    "id": "608026FLS",
    "title": "Pepsi Zero Caffeïne vrij Frisdrank 1,5 L",
    "category": "Frisdrank en sappen",
    "price": 2.69,
    "promoPrice": null,
    "pricePerUnit": "1.79 l",
    "image": "https://www.jumbo.com/dam-images/fit-in/360x360/Products/25032024_1711381636879_1711381646442_8715600248760_596.png",
    "available": true,
    "promoUntil": null
  },
  {
    "id": "566614CUP",
    "title": "Galbani Burrata 150 g",
    "category": "Vleeswaren, kaas en tapas",
    "price": 3.79,
    "promoPrice": null,
    "pricePerUnit": "25.27 kg",
    "image": "https://www.jumbo.com/dam-images/fit-in/360x360/Products/14022025_1739539157503_1739539164574_8000430138931_1.png",
    "available": true,
    "promoUntil": null
  },
  {
    "id": "669721FLS",
    "title": "LENOR Vloeibaar Wasmiddel 20 Wasbeurten, Amber & Orchidee",
    "category": "Huishouden en dieren",
    "price": 13.99,
    "promoPrice": null,
    "pricePerUnit": "0.7 wb",
    "image": "https://www.jumbo.com/dam-images/fit-in/360x360/Products/14082025_1755200015063_1755200020290_8700216748650_1.png",
    "available": true,
    "promoUntil": null
  },
  {
    "id": "667172DS",
    "title": "Orangina Zero 6 x 33cl",
    "category": "Frisdrank en sappen",
    "price": 6.9,
    "promoPrice": null,
    "pricePerUnit": "3.48 l",
    "image": "https://www.jumbo.com/dam-images/fit-in/360x360/Products/11032025_1741699989198_1741699992384_3124480185082_1.png",
    "available": true,
    "promoUntil": null
  },
  {
    "id": "684540DS",
    "title": "Jumbo Parelcouscous 400 g",
    "category": "Wereldkeukens, kruiden, pasta en rijst",
    "price": 2.47,
    "promoPrice": null,
    "pricePerUnit": "6.18 kg",
    "image": "https://www.jumbo.com/dam-images/fit-in/360x360/Products/10042025_1744295587399_1744295602073_8718452882113_596.png",
    "available": true,
    "promoUntil": null
  },
  {
    "id": "548838ZK",
    "title": "Jumbo Zoete Aardappel Wedges 600 g",
    "category": "Diepvries",
    "price": 4.29,
    "promoPrice": null,
    "pricePerUnit": "7.15 kg",
    "image": "https://www.jumbo.com/dam-images/fit-in/360x360/Products/10082023_1691678616738_1691678627347_8718452694082_1.png",
    "available": true,
    "promoUntil": null
  },
  {
    "id": "25521POT",
    "title": "Go-Tan Gehakte knoflook 100g",
    "category": "Wereldkeukens, kruiden, pasta en rijst",
    "price": 2.06,
    "promoPrice": null,
    "pricePerUnit": "20.6 kg",
    "image": "https://www.jumbo.com/dam-images/fit-in/360x360/Products/20122023_1703065959432_1703065965388_25521_POT_08710605092509_C1N1.png",
    "available": true,
    "promoUntil": null
  },
  {
    "id": "575970CUP",
    "title": "Jumbo Ongezouten Studentenhaver 200 g",
    "category": "Koek, snoep, chocolade en chips",
    "price": 2.79,
    "promoPrice": null,
    "pricePerUnit": "13.95 kg",
    "image": "https://www.jumbo.com/dam-images/fit-in/360x360/Products/06022024_1707237252033_1707237260566_8718452738908_1.png",
    "available": true,
    "promoUntil": null
  },
  {
    "id": "673003PAK",
    "title": "Sultana FruitBiscuit Bosvruchten Smaak Voordeelpak Promo Pack 10 + 2 Stuks 523 g ",
    "category": "Koek, snoep, chocolade en chips",
    "price": 4.35,
    "promoPrice": null,
    "pricePerUnit": "8.32 kg",
    "image": "https://www.jumbo.com/dam-images/fit-in/360x360/Products/28022025_1740708537067_1740708544286_673003_PAK_08710412044852_H1N1.png",
    "available": true,
    "promoUntil": null
  },
  {
    "id": "514916BLK",
    "title": "ProSet Ultra Strong Style & Care Hairspray 300 ml",
    "category": "Drogisterij en baby",
    "price": 3.79,
    "promoPrice": null,
    "pricePerUnit": "12.63 l",
    "image": "https://www.jumbo.com/dam-images/fit-in/360x360/Products/30032025_1743298397053_1743298398269_514916_BLK_08710919109061_C1N1.png",
    "available": true,
    "promoUntil": null
  },
  {
    "id": "364979DS",
    "title": "Hero Nutrasense 3 1+ Jaar Peutermelk 2 x 350 g",
    "category": "Drogisterij en baby",
    "price": 9.89,
    "promoPrice": null,
    "pricePerUnit": "14.13 kg",
    "image": "https://www.jumbo.com/dam-images/fit-in/360x360/Products/8713500012238T596aa46bf53-d8fd-4894-8f17-16771ca5d5d2-1756126551940.png",
    "available": true,
    "promoUntil": null
  },
  {
    "id": "687490STK",
    "title": "Jumbo Biologisch Prei 1 Stuk",
    "category": "Aardappelen, groente en fruit",
    "price": 0.99,
    "promoPrice": null,
    "pricePerUnit": "0.99 pieces",
    "image": "https://www.jumbo.com/dam-images/fit-in/360x360/Products/17072025_1752762804867_1752762808170_8718452911004_1.png",
    "available": true,
    "promoUntil": null
  },
  {
    "id": "450371ZK",
    "title": "Page Vochtig Toiletpapier Aloë Vera",
    "category": "Huishouden en dieren",
    "price": 2.19,
    "promoPrice": null,
    "pricePerUnit": "0.06 pieces",
    "image": "https://www.jumbo.com/dam-images/fit-in/360x360/Products/18092025_1758160361443_1758160366074_450371_ZK_05029053578750_C1N1.png",
    "available": true,
    "promoUntil": null
  },
  {
    "id": "535712DS",
    "title": "Jumbo's Taco Schelpen 12 Stuks",
    "category": "Wereldkeukens, kruiden, pasta en rijst",
    "price": 1.99,
    "promoPrice": null,
    "pricePerUnit": "14.74 kg",
    "image": "https://www.jumbo.com/dam-images/fit-in/360x360/Products/03022025_1738596788023_1738596794609_8718452860708_1.png",
    "available": true,
    "promoUntil": null
  },
  {
    "id": "405745STK",
    "title": "Swirl Vuilniszakken met Vanille-Lavendel 10 liter 14 stuks",
    "category": "Huishouden en dieren",
    "price": 3.39,
    "promoPrice": null,
    "pricePerUnit": "0.24 pieces",
    "image": "https://www.jumbo.com/dam-images/fit-in/360x360/Products/13052025_1747117985359_1747117989930_4008871215949_1.png",
    "available": true,
    "promoUntil": null
  },
  {
    "id": "398382ZK",
    "title": "Jumbo Tortilla Nacho Cheese Chips 170 g",
    "category": "Koek, snoep, chocolade en chips",
    "price": 1.01,
    "promoPrice": null,
    "pricePerUnit": "5.94 kg",
    "image": "https://www.jumbo.com/dam-images/fit-in/360x360/Products/09082023_1691587687672_1691587723199_8718452502073_1.png",
    "available": true,
    "promoUntil": null
  },
  {
    "id": "396087DS",
    "title": "Lindt LINDOR Gemengde Chocolade Bonbons 200 gram",
    "category": "Koek, snoep, chocolade en chips",
    "price": 9.89,
    "promoPrice": null,
    "pricePerUnit": "49.45 kg",
    "image": "https://www.jumbo.com/dam-images/fit-in/360x360/Products/22082025_1755826790315_1755826820578_396087_DS_08003340093611_H1N1.png",
    "available": true,
    "promoUntil": null
  },
  {
    "id": "197900DS",
    "title": "Iglo Vissticks Glutenvrij 12 Stuks",
    "category": "Diepvries",
    "price": 6.43,
    "promoPrice": null,
    "pricePerUnit": "17.86 kg",
    "image": "https://www.jumbo.com/dam-images/fit-in/360x360/Products/05072025_1751678026414_1751678030410_197900_DS_08717774267196_A1N1.png",
    "available": true,
    "promoUntil": null
  },
  {
    "id": "682527BAK",
    "title": "Port Salut Franse Kaas 50+ 185 g",
    "category": "Vleeswaren, kaas en tapas",
    "price": 4.29,
    "promoPrice": null,
    "pricePerUnit": "23.19 kg",
    "image": "https://www.jumbo.com/dam-images/fit-in/360x360/Products/23052025_1747992785923_1747992792343_3073780865661_1.png",
    "available": true,
    "promoUntil": null
  },
  {
    "id": "79839FLS",
    "title": "Inproba Gehakte Knoflook 200 g",
    "category": "Wereldkeukens, kruiden, pasta en rijst",
    "price": 1.89,
    "promoPrice": null,
    "pricePerUnit": "9.45 kg",
    "image": "https://www.jumbo.com/dam-images/fit-in/360x360/Products/06122023_1701836212073_1701836216723_79839_FLS_08710518731885_C1N1.png",
    "available": true,
    "promoUntil": null
  },
  {
    "id": "544365BLS",
    "title": "Jumbo Bleek WC Blok Forest 2 x 48 g",
    "category": "Huishouden en dieren",
    "price": 2.29,
    "promoPrice": null,
    "pricePerUnit": "1.15 pieces",
    "image": "https://www.jumbo.com/dam-images/fit-in/360x360/Products/10082023_1691677957826_1691677967251_8718452647514_1.png",
    "available": true,
    "promoUntil": null
  },
  {
    "id": "530290ZK",
    "title": "Jumbo Choco Classic 200 g",
    "category": "Koek, snoep, chocolade en chips",
    "price": 2.21,
    "promoPrice": null,
    "pricePerUnit": "11.05 kg",
    "image": "https://www.jumbo.com/dam-images/fit-in/360x360/Products/10082023_1691677712282_1691677779057_8718452676002_1.png",
    "available": true,
    "promoUntil": null
  },
  {
    "id": "559689PAK",
    "title": "Tony's Chocolonely Melk Pecan Crunch Karamel 180 g",
    "category": "Koek, snoep, chocolade en chips",
    "price": 4.54,
    "promoPrice": null,
    "pricePerUnit": "25.22 kg",
    "image": "https://www.jumbo.com/dam-images/fit-in/360x360/Products/21112024_1732214221103_1732214225292_8719956498787_1.png",
    "available": true,
    "promoUntil": null
  },
  {
    "id": "674218PAK",
    "title": "Milka Bubbly Milk 90g",
    "category": "Koek, snoep, chocolade en chips",
    "price": 1.55,
    "promoPrice": null,
    "pricePerUnit": "17.22 kg",
    "image": "https://www.jumbo.com/dam-images/fit-in/360x360/Products/24052025_1748048711580_1748048734171_674218_PAK_07622202273476_C1N1_s01.png",
    "available": true,
    "promoUntil": null
  },
  {
    "id": "278406DSL",
    "title": "Montaignan - Syrah 6 x 750 ml",
    "category": "Bier en wijn",
    "price": 35.94,
    "promoPrice": null,
    "pricePerUnit": "7.99 l",
    "image": "https://www.jumbo.com/dam-images/fit-in/360x360/Products/OmdoosSyrah0206b9d7-7818-4e48-b549-ae41c1190388-1703085054474.png",
    "available": true,
    "promoUntil": null
  },
  {
    "id": "198151PAK",
    "title": "Apple Bandit Classic Apple Cider Fles 6 x 300ml",
    "category": "Bier en wijn",
    "price": 7.29,
    "promoPrice": null,
    "pricePerUnit": "4.05 l",
    "image": "https://www.jumbo.com/dam-images/fit-in/360x360/Products/07012025_1736267672919_1736267678455_8712000052294_1.png",
    "available": true,
    "promoUntil": null
  },
  {
    "id": "705288ZK",
    "title": "Jumbo - Krentenwegge Sneetjes - 5 Stuks",
    "category": "Brood en gebak",
    "price": 2.49,
    "promoPrice": null,
    "pricePerUnit": "7.11 kg",
    "image": "https://www.jumbo.com/dam-images/fit-in/360x360/Products/07052025_1746603227903_1746603233005_8718452711031_1.png",
    "available": true,
    "promoUntil": null
  },
  {
    "id": "677984BUS",
    "title": "AXE Deodorant Bodyspray Black 150 ML",
    "category": "Drogisterij en baby",
    "price": 7.49,
    "promoPrice": null,
    "pricePerUnit": "49.93 l",
    "image": "https://www.jumbo.com/dam-images/fit-in/360x360/Products/24092025_1758677463722_1758677486689_677984_BUS_08710447484265_C1N1.png",
    "available": true,
    "promoUntil": null
  },
  {
    "id": "94103PAK",
    "title": "Nutrilon Omneo 1 - Baby 0-6 Maanden 800g",
    "category": "Drogisterij en baby",
    "price": 22.66,
    "promoPrice": null,
    "pricePerUnit": "28.33 kg",
    "image": "https://www.jumbo.com/dam-images/fit-in/360x360/Products/23092025_1758600127353_1758600133748_94103_PAK_08712400110099_C1N1.png",
    "available": true,
    "promoUntil": null
  },
  {
    "id": "317405STK",
    "title": "Jumbo Eierwafels met Hazelnootsmaak 8 Stuks",
    "category": "Koek, snoep, chocolade en chips",
    "price": 1.89,
    "promoPrice": null,
    "pricePerUnit": "6.8 kg",
    "image": "https://www.jumbo.com/dam-images/fit-in/360x360/Products/09082023_1691586654599_1691586663648_8718452431977_1.png",
    "available": true,
    "promoUntil": null
  },
  {
    "id": "569764FLS",
    "title": "Oasis Tropical 1 L",
    "category": "Frisdrank en sappen",
    "price": 2.49,
    "promoPrice": null,
    "pricePerUnit": "2.49 l",
    "image": "https://www.jumbo.com/dam-images/fit-in/360x360/Products/06082025_1754445949265_1754445953365_569764_FLS_03124480100016_C1N1.png",
    "available": true,
    "promoUntil": null
  },
  {
    "id": "624635DS",
    "title": "Jumbo Bavarois Framboos Rood Fruit 110 g",
    "category": "Aardappelen, groente en fruit",
    "price": 2.49,
    "promoPrice": null,
    "pricePerUnit": "22.64 kg",
    "image": "https://www.jumbo.com/dam-images/fit-in/360x360/Products/12062024_1718202884703_1718202899323_8718452847044_1.png",
    "available": true,
    "promoUntil": null
  },
  {
    "id": "670488FLS",
    "title": "Robijn Intense Wasparfum Spa Sensation 342 ml",
    "category": "Huishouden en dieren",
    "price": 6.99,
    "promoPrice": null,
    "pricePerUnit": "0.41 wb",
    "image": "https://www.jumbo.com/dam-images/fit-in/360x360/Products/23092025_1758592186170_1758592230446_670488_FLS_08720181577123_C1N1.png",
    "available": true,
    "promoUntil": null
  },
  {
    "id": "497779DS",
    "title": "Dr. Oetker Bistro classique baguette champignons 2 x 125 g",
    "category": "Diepvries",
    "price": 2.29,
    "promoPrice": null,
    "pricePerUnit": "9.16 kg",
    "image": "https://www.jumbo.com/dam-images/fit-in/360x360/Products/17042025_1744859136708_1744859141841_497779_DS_04001724038023_C1N1_s04.png",
    "available": true,
    "promoUntil": null
  },
  {
    "id": "680717ZK",
    "title": "Jumbo Snoepkrijt 250 g",
    "category": "Koek, snoep, chocolade en chips",
    "price": 1.42,
    "promoPrice": null,
    "pricePerUnit": "5.68 kg",
    "image": "https://www.jumbo.com/dam-images/fit-in/360x360/Products/07032025_1741354388258_1741354403543_8718452904655_596.png",
    "available": true,
    "promoUntil": null
  },
  {
    "id": "640474BKR",
    "title": "Jumbo's Champignon Crèmesoep 500 g",
    "category": "Verse maaltijden en gemak",
    "price": 3.59,
    "promoPrice": null,
    "pricePerUnit": "7.18 kg",
    "image": "https://www.jumbo.com/dam-images/fit-in/360x360/Products/10122024_1733830366490_1733830387128_8718452812189_1.png",
    "available": true,
    "promoUntil": null
  },
  {
    "id": "677793DSL",
    "title": "Dove Advanced Care Go Fresh Anti-Transpirant Deodorant Spray Cucumber & Green Tea - 6 x 150 ML",
    "category": "Drogisterij en baby",
    "price": 30.9,
    "promoPrice": 21.63,
    "pricePerUnit": "24.03 l",
    "image": "https://www.jumbo.com/dam-images/fit-in/360x360/Products/08720181340024H1N1fccba7fa-e459-4333-8bcc-1e90b137efe1-1749108467111.png",
    "available": true,
    "promoUntil": "di 7 okt"
  },
  {
    "id": "559695PAK",
    "title": "Côte d'Or BonBonBloc Chocoladereep Praliné Puur 200g",
    "category": "Koek, snoep, chocolade en chips",
    "price": 5.73,
    "promoPrice": null,
    "pricePerUnit": "28.65 kg",
    "image": "https://www.jumbo.com/dam-images/fit-in/360x360/Products/24092025_1758677814234_1758677824058_559695_PAK_07622210434609_C1N1_s01.png",
    "available": true,
    "promoUntil": null
  },
  {
    "id": "102492ZK",
    "title": "Grand'Italia Fusilli Tricolori 500 g",
    "category": "Wereldkeukens, kruiden, pasta en rijst",
    "price": 2.47,
    "promoPrice": null,
    "pricePerUnit": "4.94 kg",
    "image": "https://www.jumbo.com/dam-images/fit-in/360x360/Products/26042025_1745632477524_1745632487808_102492_ZK_08000050325513_C1N1.png",
    "available": true,
    "promoUntil": null
  },
  {
    "id": "381986ZK",
    "title": "Jumbo Luiers Maat 6 15+ kg 28 Stuks",
    "category": "Drogisterij en baby",
    "price": 6.58,
    "promoPrice": null,
    "pricePerUnit": "0.23 pieces",
    "image": "https://www.jumbo.com/dam-images/fit-in/360x360/Products/29092023_1695996357495_1695996366543_8718452668298_1.png",
    "available": true,
    "promoUntil": null
  },
  {
    "id": "296458STK",
    "title": "Aviko Maaltijdpannetje Roerbak Runderreepjes 450 g",
    "category": "Diepvries",
    "price": 3.99,
    "promoPrice": null,
    "pricePerUnit": "8.87 kg",
    "image": "https://www.jumbo.com/dam-images/fit-in/360x360/Products/15102024_1728999189073_1728999201636_8710449945306_1.png",
    "available": true,
    "promoUntil": null
  },
  {
    "id": "678123DS",
    "title": "Red Bull Energy Drink Sugar Free 7+1 250ML",
    "category": "Frisdrank en sappen",
    "price": 11.83,
    "promoPrice": null,
    "pricePerUnit": "5.92 l",
    "image": "https://www.jumbo.com/dam-images/fit-in/360x360/Products/09002490282325C1N19669b9af-dff3-48d2-88fa-dd174a165a86-1752246474437.png",
    "available": true,
    "promoUntil": null
  },
  {
    "id": "81189ZK",
    "title": "Aviko Kreukel Friet Supercrunch Original",
    "category": "Diepvries",
    "price": 2.5,
    "promoPrice": null,
    "pricePerUnit": "3.33 kg",
    "image": "https://www.jumbo.com/dam-images/fit-in/360x360/Products/15102024_1728999188265_1728999199547_8710449919420_1.png",
    "available": true,
    "promoUntil": null
  },
  {
    "id": "431130DS",
    "title": "Hertog Jan - Karakter - Fles - 6 x 300ML",
    "category": "Bier en wijn",
    "price": 8.39,
    "promoPrice": null,
    "pricePerUnit": "4.66 l",
    "image": "https://www.jumbo.com/dam-images/fit-in/360x360/Products/08725000656096H1N1b7980a90-0fa7-4277-bd92-2e4ed739acd8-1721131965458.png",
    "available": true,
    "promoUntil": null
  },
  {
    "id": "442040DS",
    "title": "Dettol Tru Clean Allesreiniger Mandarijn & Citroenbloesem 500 ml",
    "category": "Huishouden en dieren",
    "price": 3.99,
    "promoPrice": null,
    "pricePerUnit": "7.76 l",
    "image": "https://www.jumbo.com/dam-images/fit-in/360x360/Products/17042024_1713315782716_1713315787586_442040_DS_08710552300924_C1N1.png",
    "available": true,
    "promoUntil": null
  },
  {
    "id": "513436DS",
    "title": "Knorr Maaltijdpakket Spaanse Paella 198 g",
    "category": "Wereldkeukens, kruiden, pasta en rijst",
    "price": 4.99,
    "promoPrice": null,
    "pricePerUnit": "25.2 kg",
    "image": "https://www.jumbo.com/dam-images/fit-in/360x360/Products/02072025_1751418269129_1751418357661_513436_DS_08720182269157_C1N1.png",
    "available": true,
    "promoUntil": null
  },
  {
    "id": "172902KST",
    "title": "Côte d'Or Bloc Pure Chocoladereep Hele Hazelnoten 180g",
    "category": "Koek, snoep, chocolade en chips",
    "price": 5.69,
    "promoPrice": null,
    "pricePerUnit": "31.61 kg",
    "image": "https://www.jumbo.com/dam-images/fit-in/360x360/Products/02092025_1756809248928_1756809261370_7622210996299_596.png",
    "available": true,
    "promoUntil": null
  },
  {
    "id": "170957RP",
    "title": "Tony's Chocolonely Amandel Zeezout Puur Chocolade reep 51% 180 g",
    "category": "Koek, snoep, chocolade en chips",
    "price": 4.03,
    "promoPrice": null,
    "pricePerUnit": "22.39 kg",
    "image": "https://www.jumbo.com/dam-images/fit-in/360x360/Products/25062024_1719283343307_1719283347679_170957_RP_08717677336722_C1N1.png",
    "available": true,
    "promoUntil": null
  },
  {
    "id": "571769KGR",
    "title": "Jumbo Biologische Kaas Extra Belegen 50+ Plakken ca. 200 g",
    "category": "Vleeswaren, kaas en tapas",
    "price": 4.7,
    "promoPrice": null,
    "pricePerUnit": "23.49 kg",
    "image": "https://www.jumbo.com/dam-images/fit-in/360x360/Products/09092025_1757421314503_1757421321656_2368964000000_1.png",
    "available": true,
    "promoUntil": null
  },
  {
    "id": "696031ZK",
    "title": "Jumbo BBQ Paprika Smaak Borrelnoten 200 g",
    "category": "Koek, snoep, chocolade en chips",
    "price": 1.99,
    "promoPrice": null,
    "pricePerUnit": "9.95 kg",
    "image": "https://www.jumbo.com/dam-images/fit-in/360x360/Products/30052025_1748619189951_1748619259118_8718452897964_596.png",
    "available": true,
    "promoUntil": null
  },
  {
    "id": "669719FLS",
    "title": "LENOR Vloeibaar Wasmiddel 20 Wasbeurten, Katoen Fris",
    "category": "Huishouden en dieren",
    "price": 13.99,
    "promoPrice": null,
    "pricePerUnit": "0.7 wb",
    "image": "https://www.jumbo.com/dam-images/fit-in/360x360/Products/14082025_1755200015594_1755200019345_8700216748667_1.png",
    "available": true,
    "promoUntil": null
  },
  {
    "id": "472064BAK",
    "title": "Jumbo - Diepvries Croissants met  Ham/Kaas vulling - 4 Stuks",
    "category": "Diepvries",
    "price": 3.56,
    "promoPrice": null,
    "pricePerUnit": "0.89 pieces",
    "image": "https://www.jumbo.com/dam-images/fit-in/360x360/Products/17102023_1697550002424_1697550006658_8718452611874_1.png",
    "available": true,
    "promoUntil": null
  },
  {
    "id": "144971ZK",
    "title": "Hebro Kipsaté Ketjap 4 Stokjes 172 g",
    "category": "Diepvries",
    "price": 2.49,
    "promoPrice": null,
    "pricePerUnit": "14.48 kg",
    "image": "https://www.jumbo.com/dam-images/fit-in/360x360/Products/10092025_1757467171928_1757467185807_144971_ZK_08710861910685_C1N1_s02.png",
    "available": true,
    "promoUntil": null
  },
  {
    "id": "525997CUP",
    "title": "Jumbo Kipkerriesalade 150 g",
    "category": "Vleeswaren, kaas en tapas",
    "price": 2.35,
    "promoPrice": null,
    "pricePerUnit": "15.67 kg",
    "image": "https://www.jumbo.com/dam-images/fit-in/360x360/Products/18062025_1750257312945_1750257322401_8718452689378_1.png",
    "available": true,
    "promoUntil": null
  },
  {
    "id": "670749STK",
    "title": "Hema Melkopschuimer 1 stuks",
    "category": "Non-food en servicebalie",
    "price": 42.99,
    "promoPrice": null,
    "pricePerUnit": "42.99 pieces",
    "image": "https://www.jumbo.com/dam-images/fit-in/360x360/Products/18042025_1744943981262_1744943984110_670749_STK_08718537947324_C1N1.png",
    "available": true,
    "promoUntil": null
  },
  {
    "id": "557498PAK",
    "title": "TENA Discreet Extra Plus Verbanden 8 Stuks",
    "category": "Drogisterij en baby",
    "price": 4.79,
    "promoPrice": null,
    "pricePerUnit": "0.6 pieces",
    "image": "https://www.jumbo.com/dam-images/fit-in/360x360/Products/30072024_1722301496069_1722301499590_557498_PAK_.png",
    "available": true,
    "promoUntil": null
  },
  {
    "id": "546722BLK",
    "title": "Guinness - Draught Stout - Blik - 500ML",
    "category": "Bier en wijn",
    "price": 2.85,
    "promoPrice": null,
    "pricePerUnit": "5.7 l",
    "image": "https://www.jumbo.com/dam-images/fit-in/360x360/Products/12092025_1757640273309_1757640275457_546722_BLK_05000213027158_C1N1.png",
    "available": true,
    "promoUntil": null
  },
  {
    "id": "538518BLK",
    "title": "De Klok - Pils - Blik - 500ML",
    "category": "Bier en wijn",
    "price": 0.89,
    "promoPrice": null,
    "pricePerUnit": "1.78 l",
    "image": "https://www.jumbo.com/dam-images/fit-in/360x360/Products/538518_8716700018987_1_T1_48039BLK1691065122872.png",
    "available": true,
    "promoUntil": null
  },
  {
    "id": "686012BAK",
    "title": "Jumbo Geitenkaas Maaltijdsalade 450 g",
    "category": "Verse maaltijden en gemak",
    "price": 4.5,
    "promoPrice": null,
    "pricePerUnit": "10.0 kg",
    "image": "https://www.jumbo.com/dam-images/fit-in/360x360/Products/21042025_1745193610431_1745193618984_8718452902361_1.png",
    "available": true,
    "promoUntil": null
  },
  {
    "id": "214340STK",
    "title": "Klok Ecologisch Afwasmiddel Original 500ML",
    "category": "Huishouden en dieren",
    "price": 1.39,
    "promoPrice": null,
    "pricePerUnit": "2.78 l",
    "image": "https://www.jumbo.com/dam-images/fit-in/360x360/Products/09082023_1691585002664_1691585008608_8710394871262_1.png",
    "available": true,
    "promoUntil": null
  },
  {
    "id": "438237FLS",
    "title": "Neleman - Cava Brut - Biologisch - 750ML",
    "category": "Bier en wijn",
    "price": 8.99,
    "promoPrice": null,
    "pricePerUnit": "11.99 l",
    "image": "https://www.jumbo.com/dam-images/fit-in/360x360/Products/01092023_1693578902342_1693578904334_8720254239422_1.png",
    "available": true,
    "promoUntil": null
  },
  {
    "id": "427704DS",
    "title": "Jumbo Biologisch Chocolade Extra Puur 72% 100 g",
    "category": "Koek, snoep, chocolade en chips",
    "price": 2.25,
    "promoPrice": null,
    "pricePerUnit": "22.5 kg",
    "image": "https://www.jumbo.com/dam-images/fit-in/360x360/Products/23052025_1748010788678_1748010802068_8718452877546_596.png",
    "available": true,
    "promoUntil": null
  },
  {
    "id": "174285STK",
    "title": "Ola IJs Solero Exotic 3 stuks 3 x 90ml",
    "category": "Diepvries",
    "price": 4.79,
    "promoPrice": null,
    "pricePerUnit": "17.74 l",
    "image": "https://www.jumbo.com/dam-images/fit-in/360x360/Products/18072025_1752806368996_1752806473931_174285_STK_08712100889288_H1N1.png",
    "available": true,
    "promoUntil": null
  },
  {
    "id": "656530STK",
    "title": "Jumbo Leverworst 250 g",
    "category": "Vleeswaren, kaas en tapas",
    "price": 1.12,
    "promoPrice": null,
    "pricePerUnit": "4.48 kg",
    "image": "https://www.jumbo.com/dam-images/fit-in/360x360/Products/09092025_1757421315286_1757421320549_8718452183609_1.png",
    "available": true,
    "promoUntil": null
  },
  {
    "id": "689591ZK",
    "title": "Jumbo Platte Peterselie 15 g",
    "category": "Aardappelen, groente en fruit",
    "price": 1.19,
    "promoPrice": null,
    "pricePerUnit": "79.33 kg",
    "image": "https://www.jumbo.com/dam-images/fit-in/360x360/Products/11062025_1749656025858_1749656030022_8718452896998_1.png",
    "available": true,
    "promoUntil": null
  },
  {
    "id": "148490ROL",
    "title": "Confina Hazelnoten in Melkchocolade 200 g",
    "category": "Koek, snoep, chocolade en chips",
    "price": 1.94,
    "promoPrice": null,
    "pricePerUnit": "9.7 kg",
    "image": "https://www.jumbo.com/dam-images/fit-in/360x360/Products/09082023_1691584852789_1691584860618_4006985330183_1.png",
    "available": true,
    "promoUntil": null
  },
  {
    "id": "564612KGR",
    "title": "Beemster Kaas Belegen 30+ Plakken ca. 175 g",
    "category": "Vleeswaren, kaas en tapas",
    "price": 3.85,
    "promoPrice": null,
    "pricePerUnit": "21.99 kg",
    "image": "https://www.jumbo.com/dam-images/fit-in/360x360/Products/10052024_1715351656158_1715351663819_2336055000000_1.png",
    "available": true,
    "promoUntil": null
  },
  {
    "id": "486979FLS",
    "title": "Lipton Ice Tea Peach Zero Sugar 500 ml",
    "category": "Frisdrank en sappen",
    "price": 1.0,
    "promoPrice": null,
    "pricePerUnit": "2.0 l",
    "image": "https://www.jumbo.com/dam-images/fit-in/360x360/Products/03042025_1743648079107_1743648108348_486979_FLS_08711327550919_H1N1.png",
    "available": true,
    "promoUntil": null
  },
  {
    "id": "584021FLS",
    "title": "Orangina Zero 1.5L",
    "category": "Frisdrank en sappen",
    "price": 2.89,
    "promoPrice": null,
    "pricePerUnit": "1.93 l",
    "image": "https://www.jumbo.com/dam-images/fit-in/360x360/Products/30072025_1753843520319_1753843524179_584021_FLS_03124480185020_C1N1.png",
    "available": true,
    "promoUntil": null
  },
  {
    "id": "195428STK",
    "title": "Jumbo Mihoen 250 g",
    "category": "Wereldkeukens, kruiden, pasta en rijst",
    "price": 1.4,
    "promoPrice": null,
    "pricePerUnit": "5.6 kg",
    "image": "https://www.jumbo.com/dam-images/fit-in/360x360/Products/09082023_1691584854783_1691584873165_8718452261550_1.png",
    "available": true,
    "promoUntil": null
  },
  {
    "id": "213538STK",
    "title": "Côte d'Or Pure chocolade advocaat  190g",
    "category": "Koek, snoep, chocolade en chips",
    "price": 4.94,
    "promoPrice": null,
    "pricePerUnit": "26.0 kg",
    "image": "https://www.jumbo.com/dam-images/fit-in/360x360/Products/24092025_1758724489618_1758724502949_7622210926784_596.png",
    "available": true,
    "promoUntil": null
  },
  {
    "id": "200013DS",
    "title": "Magnum Mini IJs Intense Dark 6 stuks 6 x 55ml",
    "category": "Diepvries",
    "price": 7.39,
    "promoPrice": null,
    "pricePerUnit": "22.39 l",
    "image": "https://www.jumbo.com/dam-images/fit-in/360x360/Products/01092025_1756722867981_1756722871694_8714100637562_1.png",
    "available": true,
    "promoUntil": null
  },
  {
    "id": "554445FLS",
    "title": "Witte Reus Gel 855 ml - 19 wasbeurten",
    "category": "Huishouden en dieren",
    "price": 9.29,
    "promoPrice": null,
    "pricePerUnit": "0.49 wb",
    "image": "https://www.jumbo.com/dam-images/fit-in/360x360/Products/19022025_1739935574032_1739935577109_554445_FLS_05410091769338_C1N1.png",
    "available": true,
    "promoUntil": null
  },
  {
    "id": "170883DS",
    "title": "Jumbo Smoothiemix Aardbei, Banaan & Blauwe Bes 250 g",
    "category": "Diepvries",
    "price": 1.99,
    "promoPrice": null,
    "pricePerUnit": "7.96 kg",
    "image": "https://www.jumbo.com/dam-images/fit-in/360x360/Products/29092023_1695994882009_1695994890390_8718452294879_1.png",
    "available": true,
    "promoUntil": null
  },
  {
    "id": "600670DS",
    "title": "Jumbo Soepgroenten 450 g",
    "category": "Diepvries",
    "price": 1.97,
    "promoPrice": null,
    "pricePerUnit": "4.38 kg",
    "image": "https://www.jumbo.com/dam-images/fit-in/360x360/Products/26042024_1714145596417_1714145617522_8718452795925_596.png",
    "available": true,
    "promoUntil": null
  },
  {
    "id": "487046TRA",
    "title": "Flemmings Dutch Classic Broodje Frikandel 2 Stuks 217,5 g",
    "category": "Verse maaltijden en gemak",
    "price": 1.81,
    "promoPrice": null,
    "pricePerUnit": "8.3 kg",
    "image": "https://www.jumbo.com/dam-images/fit-in/360x360/Products/27012025_1737939606042_1737939615517_8713354058147_1.png",
    "available": true,
    "promoUntil": null
  },
  {
    "id": "172280STK",
    "title": "Schär Meesterbakker Vital Glutenvrij 350 g",
    "category": "Brood en gebak",
    "price": 3.19,
    "promoPrice": null,
    "pricePerUnit": "9.11 kg",
    "image": "https://www.jumbo.com/dam-images/fit-in/360x360/Products/31072025_1753954391723_1753954396855_8008698038734_1.png",
    "available": true,
    "promoUntil": null
  },
  {
    "id": "670056DS",
    "title": "Mexicano Vleessnack Mini's Oven&Airfryer 10 Stuks",
    "category": "Diepvries",
    "price": 3.79,
    "promoPrice": null,
    "pricePerUnit": "12.63 kg",
    "image": "https://www.jumbo.com/dam-images/fit-in/360x360/Products/18122024_1734514579002_1734514582605_670056_DS_08710555152193_A1N1.png",
    "available": true,
    "promoUntil": null
  },
  {
    "id": "236859STK",
    "title": "Klok Waspoeder Kleur 1,17 kg",
    "category": "Huishouden en dieren",
    "price": 8.49,
    "promoPrice": null,
    "pricePerUnit": "0.47 wb",
    "image": "https://www.jumbo.com/dam-images/fit-in/360x360/Products/18012024_1705546880762_1705546927057_236859_STK_08710585749509_C1N1.png",
    "available": true,
    "promoUntil": null
  },
  {
    "id": "533271TRL",
    "title": "Dr. Foots Cherry Cola 12 x 330 ml",
    "category": "Frisdrank en sappen",
    "price": 9.48,
    "promoPrice": null,
    "pricePerUnit": "2.39 l",
    "image": "https://www.jumbo.com/dam-images/fit-in/360x360/Products/533271_8714800046565_1_T1_135612TRL1691077127603.png",
    "available": true,
    "promoUntil": null
  },
  {
    "id": "208681ZK",
    "title": "Jumbo's Paddenstoelen Ravioli 250 g",
    "category": "Wereldkeukens, kruiden, pasta en rijst",
    "price": 2.39,
    "promoPrice": null,
    "pricePerUnit": "9.56 kg",
    "image": "https://www.jumbo.com/dam-images/fit-in/360x360/Products/23092024_1727091276915_1727091284032_8718452832545_1.png",
    "available": true,
    "promoUntil": null
  },
  {
    "id": "431431ZK",
    "title": "Jumbo Zachte Brokken met Kip & Wortel 1,5 kg",
    "category": "Huishouden en dieren",
    "price": 5.59,
    "promoPrice": null,
    "pricePerUnit": "3.73 kg",
    "image": "https://www.jumbo.com/dam-images/fit-in/360x360/Products/28092023_1695920529604_1695920535280_8718452508792_1.png",
    "available": true,
    "promoUntil": null
  },
  {
    "id": "701840KGR",
    "title": "Jumbo Ontbijtspek ca. 110g",
    "category": "Vleeswaren, kaas en tapas",
    "price": 2.5,
    "promoPrice": null,
    "pricePerUnit": "22.73 kg",
    "image": "https://www.jumbo.com/dam-images/fit-in/360x360/Products/12122024_1734014983109_1734014990507_2348586000000_1.png",
    "available": true,
    "promoUntil": null
  },
  {
    "id": "669606FLS",
    "title": "Ariel Vloeibaar Wasmiddel +Black Protect, 20 Wasbeurten",
    "category": "Huishouden en dieren",
    "price": 15.99,
    "promoPrice": null,
    "pricePerUnit": "0.8 wb",
    "image": "https://www.jumbo.com/dam-images/fit-in/360x360/Products/14082025_1755196421292_1755196424920_8700216603478_1.png",
    "available": true,
    "promoUntil": null
  },
  {
    "id": "587134DS",
    "title": "Mora Oven & Airfryer Mozzarella Cheese Bites 13 x 18 g",
    "category": "Diepvries",
    "price": 5.25,
    "promoPrice": null,
    "pricePerUnit": "22.83 kg",
    "image": "https://www.jumbo.com/dam-images/fit-in/360x360/Products/14062025_1749867691426_1749867711803_587134_DS_08710861914492_H1N1.png",
    "available": true,
    "promoUntil": null
  },
  {
    "id": "607561FLS",
    "title": "Spa FRUIT Niet Bruisende Fruitige Frisdrank Lime Ginger 1,25L",
    "category": "Frisdrank en sappen",
    "price": 2.45,
    "promoPrice": null,
    "pricePerUnit": "1.96 l",
    "image": "https://www.jumbo.com/dam-images/fit-in/360x360/Products/13042024_1712972075811_1712972081760_607561_FLS_05410013802228_H1N1.png",
    "available": true,
    "promoUntil": null
  },
  {
    "id": "584840PAK",
    "title": "Dors Premium Bier - Alcoholvrij 0.0%  - 6 x 300ML",
    "category": "Bier en wijn",
    "price": 2.39,
    "promoPrice": null,
    "pricePerUnit": "1.33 l",
    "image": "https://www.jumbo.com/dam-images/fit-in/360x360/Products/18062025_1750257313113_1750257317634_8718452765140_1.png",
    "available": true,
    "promoUntil": null
  },
  {
    "id": "612126STK",
    "title": "Cheese Strings Cheese Original 4 Stuks",
    "category": "Vleeswaren, kaas en tapas",
    "price": 1.85,
    "promoPrice": null,
    "pricePerUnit": "23.13 kg",
    "image": "https://www.jumbo.com/dam-images/fit-in/360x360/Products/96656STK14b7c5f35-cba8-421d-9311-c9373a8570f6-1706704808042.png",
    "available": true,
    "promoUntil": null
  },
  {
    "id": "670537ZK",
    "title": "Galbani Mozzarella Biologisch 125g",
    "category": "Vleeswaren, kaas en tapas",
    "price": 2.49,
    "promoPrice": null,
    "pricePerUnit": "19.92 kg",
    "image": "https://www.jumbo.com/dam-images/fit-in/360x360/Products/20122024_1734682095994_1734682104417_670537_ZK_.png",
    "available": true,
    "promoUntil": null
  },
  {
    "id": "688521FLS",
    "title": "Robijn Wasverzachter Summer Pink 780ML",
    "category": "Huishouden en dieren",
    "price": 6.79,
    "promoPrice": null,
    "pricePerUnit": "0.17 wb",
    "image": "https://www.jumbo.com/dam-images/fit-in/360x360/Products/16082025_1755308213168_1755308223762_688521_FLS_08720181633065_C1N1.png",
    "available": true,
    "promoUntil": null
  },
  {
    "id": "139309PAK",
    "title": "Dors - ¡Salud! Mexicaanse Stijl Bier - Fles - 6 x 330 ML",
    "category": "Bier en wijn",
    "price": 4.99,
    "promoPrice": null,
    "pricePerUnit": "2.52 l",
    "image": "https://www.jumbo.com/dam-images/fit-in/360x360/Products/14022024_1707873642984_1707873666590_8718452667208_596.png",
    "available": true,
    "promoUntil": null
  },
  {
    "id": "523359DS",
    "title": "Mora Hamburger 4 x 90 g",
    "category": "Diepvries",
    "price": 4.59,
    "promoPrice": null,
    "pricePerUnit": "12.75 kg",
    "image": "https://www.jumbo.com/dam-images/fit-in/360x360/Products/13092025_1757726309935_1757726330381_523359_DS_08710861914089_C1N1.png",
    "available": true,
    "promoUntil": null
  },
  {
    "id": "133589DS",
    "title": "Mora Classics Rundvlees Kroketten 4 x 70 g",
    "category": "Diepvries",
    "price": 2.79,
    "promoPrice": null,
    "pricePerUnit": "9.96 kg",
    "image": "https://www.jumbo.com/dam-images/fit-in/360x360/Products/27062024_1719456293922_1719456309590_133589_DS_08710861993916_C1N1_s03.png",
    "available": true,
    "promoUntil": null
  },
  {
    "id": "531826FLS",
    "title": "Jumbo Vers Sap Mango, Appel & Sinaasappel 500ML",
    "category": "Aardappelen, groente en fruit",
    "price": 2.49,
    "promoPrice": null,
    "pricePerUnit": "4.98 l",
    "image": "https://www.jumbo.com/dam-images/fit-in/360x360/Products/04112024_1730752387105_1730752390139_8718452863488_1.png",
    "available": true,
    "promoUntil": null
  },
  {
    "id": "283606STK",
    "title": "Jumbo Chili Con Carne Mix 45 g",
    "category": "Wereldkeukens, kruiden, pasta en rijst",
    "price": 0.95,
    "promoPrice": null,
    "pricePerUnit": "21.11 kg",
    "image": "https://www.jumbo.com/dam-images/fit-in/360x360/Products/09082023_1691586030182_1691586044170_8718452376179_1.png",
    "available": true,
    "promoUntil": null
  },
  {
    "id": "686524TRA",
    "title": "Muscle Meat High Protein Meals Kipfilet Chunks Oriental Rijstmix 450 g",
    "category": "Diepvries",
    "price": 6.79,
    "promoPrice": null,
    "pricePerUnit": "15.09 kg",
    "image": "https://www.jumbo.com/dam-images/fit-in/360x360/Products/14032025_1741980788526_1741980796846_8720726497961_1.png",
    "available": true,
    "promoUntil": null
  },
  {
    "id": "617180ROL",
    "title": "Jumbo Gevulde Crème Cookies 154 g",
    "category": "Koek, snoep, chocolade en chips",
    "price": 0.89,
    "promoPrice": null,
    "pricePerUnit": "5.78 kg",
    "image": "https://www.jumbo.com/dam-images/fit-in/360x360/Products/16052024_1715866522475_1715866528040_8718452819195_1.png",
    "available": true,
    "promoUntil": null
  },
  {
    "id": "153801CUP",
    "title": "Johma Garnalensalade 175 g",
    "category": "Vleeswaren, kaas en tapas",
    "price": 3.79,
    "promoPrice": null,
    "pricePerUnit": "21.66 kg",
    "image": "https://www.jumbo.com/dam-images/fit-in/360x360/Products/08062025_1749348431747_1749348449500_153801_CUP_08710506060737_H1N1_v01.png",
    "available": true,
    "promoUntil": null
  },
  {
    "id": "610108PAK",
    "title": "Jumbo Salami met Parmezaanse Kaas 80 g",
    "category": "Vleeswaren, kaas en tapas",
    "price": 2.79,
    "promoPrice": null,
    "pricePerUnit": "34.88 kg",
    "image": "https://www.jumbo.com/dam-images/fit-in/360x360/Products/12122024_1734014822923_1734014829495_8718452767953_1.png",
    "available": true,
    "promoUntil": null
  },
  {
    "id": "705590FLS",
    "title": "Ajax Allesreiniger Limoen 1000 ML",
    "category": "Huishouden en dieren",
    "price": 2.79,
    "promoPrice": null,
    "pricePerUnit": "2.79 l",
    "image": "https://www.jumbo.com/dam-images/fit-in/360x360/Products/18062025_1750246807359_1750246811566_705590_FLS_08718951709249_C1N1.png",
    "available": true,
    "promoUntil": null
  },
  {
    "id": "398380ZK",
    "title": "Jumbo Sticks Paprika Chips 150 g",
    "category": "Koek, snoep, chocolade en chips",
    "price": 0.99,
    "promoPrice": null,
    "pricePerUnit": "6.6 kg",
    "image": "https://www.jumbo.com/dam-images/fit-in/360x360/Products/09082023_1691587661761_1691587680604_8718452501793_1.png",
    "available": true,
    "promoUntil": null
  },
  {
    "id": "383341STK",
    "title": "Jumbo Mango Biologisch",
    "category": "Aardappelen, groente en fruit",
    "price": 2.29,
    "promoPrice": null,
    "pricePerUnit": "2.29 pieces",
    "image": "https://www.jumbo.com/dam-images/fit-in/360x360/Products/383341_8720813130047_1_T1_383341STK1691072943649.png",
    "available": true,
    "promoUntil": null
  },
  {
    "id": "594639SC",
    "title": "Vers Aan Tafel Vegetarische Spaghetti Bolognese 550 g",
    "category": "Verse maaltijden en gemak",
    "price": 5.99,
    "promoPrice": null,
    "pricePerUnit": "10.89 kg",
    "image": "https://www.jumbo.com/dam-images/fit-in/360x360/Products/14022024_1707873857417_1707873866756_8717568245287_1.png",
    "available": true,
    "promoUntil": null
  },
  {
    "id": "179290STK",
    "title": "Dr. Oetker Ristorante Pizza Mozzarella Glutenvrij 370 g",
    "category": "Diepvries",
    "price": 4.99,
    "promoPrice": null,
    "pricePerUnit": "13.49 kg",
    "image": "https://www.jumbo.com/dam-images/fit-in/360x360/Products/17042025_1744857588887_1744857597785_179290_STK_04001724022398_C1N1_s04.png",
    "available": true,
    "promoUntil": null
  },
  {
    "id": "365131ZK",
    "title": "Jumbo Eierkoeken Volkoren 300 g",
    "category": "Koek, snoep, chocolade en chips",
    "price": 1.23,
    "promoPrice": null,
    "pricePerUnit": "4.1 kg",
    "image": "https://www.jumbo.com/dam-images/fit-in/360x360/Products/09082023_1691586929139_1691586941802_8718452462261_1.png",
    "available": true,
    "promoUntil": null
  },
  {
    "id": "202530STK",
    "title": "NIVEA Fresh Natural Deodorant Spray - 150ml",
    "category": "Drogisterij en baby",
    "price": 5.69,
    "promoPrice": null,
    "pricePerUnit": "37.93 l",
    "image": "https://www.jumbo.com/dam-images/fit-in/360x360/Products/16072025_1752680047529_1752680049684_4005900457257_1.png",
    "available": true,
    "promoUntil": null
  },
  {
    "id": "486359ZK",
    "title": "Beneful Original Hondenvoer met Rund en Tuingroenten",
    "category": "Huishouden en dieren",
    "price": 11.87,
    "promoPrice": null,
    "pricePerUnit": "4.24 kg",
    "image": "https://www.jumbo.com/dam-images/fit-in/360x360/Products/23092025_1758592996003_1758593023483_486359_ZK_07613287844828_H1N1_s04.png",
    "available": true,
    "promoUntil": null
  },
  {
    "id": "669466DS",
    "title": "Amstel Bier Rosé 0.0 Flessen 6 x 300 ml",
    "category": "Bier en wijn",
    "price": 6.99,
    "promoPrice": null,
    "pricePerUnit": "3.88 l",
    "image": "https://www.jumbo.com/dam-images/fit-in/360x360/Products/06022025_1738870394095_1738870398797_8712000062132_1.png",
    "available": true,
    "promoUntil": null
  },
  {
    "id": "300782STK",
    "title": "Tena Discreet Extra Verbanden+ 10 Stuks",
    "category": "Drogisterij en baby",
    "price": 4.79,
    "promoPrice": null,
    "pricePerUnit": "0.48 pieces",
    "image": "https://www.jumbo.com/dam-images/fit-in/360x360/Products/7322541069838TENADiscreetExtraBeautyPack12hours3ab62e64-1680-4064-9493-86998fa1e8ab-1703151826250.png",
    "available": true,
    "promoUntil": null
  },
  {
    "id": "664654ZK",
    "title": "Venco Droptoppers Krakend & Zacht XL Verpakking 300 g",
    "category": "Koek, snoep, chocolade en chips",
    "price": 3.55,
    "promoPrice": null,
    "pricePerUnit": "11.83 kg",
    "image": "https://www.jumbo.com/dam-images/fit-in/360x360/Products/17012025_1737080011243_1737080021080_664654_ZK_08713800255601_H1N1.png",
    "available": true,
    "promoUntil": null
  },
  {
    "id": "182204POT",
    "title": "Jumbo Oregano 11 g",
    "category": "Wereldkeukens, kruiden, pasta en rijst",
    "price": 2.72,
    "promoPrice": null,
    "pricePerUnit": "247.27 kg",
    "image": "https://www.jumbo.com/dam-images/fit-in/360x360/Products/02092025_1756798485900_1756798490993_87337419_1.png",
    "available": true,
    "promoUntil": null
  },
  {
    "id": "37138FLS",
    "title": "Mezzacorona - Merlot - 750ML",
    "category": "Bier en wijn",
    "price": 6.79,
    "promoPrice": null,
    "pricePerUnit": "9.05 l",
    "image": "https://www.jumbo.com/dam-images/fit-in/360x360/Products/22042025_1745335947964_1745335951290_8004305000064_1.png",
    "available": true,
    "promoUntil": null
  },
  {
    "id": "545680BUS",
    "title": "Gillette Classic Sensitive Scheergel, 200ml",
    "category": "Drogisterij en baby",
    "price": 3.55,
    "promoPrice": null,
    "pricePerUnit": "17.75 l",
    "image": "https://www.jumbo.com/dam-images/fit-in/360x360/Products/05092025_1757030526145_1757030528836_7702018621255_1.png",
    "available": true,
    "promoUntil": null
  },
  {
    "id": "447421FLS",
    "title": "Jumbo Extra Hygiëne Afwasmiddel 500 ML",
    "category": "Huishouden en dieren",
    "price": 0.89,
    "promoPrice": null,
    "pricePerUnit": "1.78 l",
    "image": "https://www.jumbo.com/dam-images/fit-in/360x360/Products/09082023_1691596486501_1691596494329_8718452564903_1.png",
    "available": true,
    "promoUntil": null
  },
  {
    "id": "174394FLS",
    "title": "Gallo - Zinfandel - Rosé - 750ML",
    "category": "Bier en wijn",
    "price": 6.99,
    "promoPrice": null,
    "pricePerUnit": "9.32 l",
    "image": "https://www.jumbo.com/dam-images/fit-in/360x360/Products/12122024_1734014579042_1734014581732_85000007839_1.png",
    "available": true,
    "promoUntil": null
  },
  {
    "id": "391424FLS",
    "title": "LI - Limoncellow - 500ML",
    "category": "Bier en wijn",
    "price": 8.99,
    "promoPrice": null,
    "pricePerUnit": "17.98 l",
    "image": "https://www.jumbo.com/dam-images/fit-in/360x360/Products/09082023_1691588243055_1691588246831_8710631118228_1.png",
    "available": false,
    "promoUntil": null
  },
  {
    "id": "575959CUP",
    "title": "Jumbo Ongebrande Walnoot & Pecan Notenmix 110 g",
    "category": "Koek, snoep, chocolade en chips",
    "price": 3.99,
    "promoPrice": null,
    "pricePerUnit": "36.27 kg",
    "image": "https://www.jumbo.com/dam-images/fit-in/360x360/Products/29042025_1745937193460_1745937199843_8718452740161_1.png",
    "available": true,
    "promoUntil": null
  },
  {
    "id": "648702POT",
    "title": "Jumbo's Salsa Mild 230 g",
    "category": "Wereldkeukens, kruiden, pasta en rijst",
    "price": 1.09,
    "promoPrice": null,
    "pricePerUnit": "4.74 kg",
    "image": "https://www.jumbo.com/dam-images/fit-in/360x360/Products/12122024_1734003204286_1734003212501_8718452814206_1.png",
    "available": true,
    "promoUntil": null
  },
  {
    "id": "678897TRA",
    "title": "Muscle Meat High Protein Meals Kipfilet Chunks Risotto Fungi 450 g",
    "category": "Diepvries",
    "price": 6.79,
    "promoPrice": null,
    "pricePerUnit": "15.09 kg",
    "image": "https://www.jumbo.com/dam-images/fit-in/360x360/Products/07032025_1741339985358_1741339992666_8720726497343_1.png",
    "available": true,
    "promoUntil": null
  },
  {
    "id": "619357STK",
    "title": "Milner Jong Belegen 30+ Kaas Voordeelpak",
    "category": "Vleeswaren, kaas en tapas",
    "price": 4.85,
    "promoPrice": null,
    "pricePerUnit": "19.4 kg",
    "image": "https://www.jumbo.com/dam-images/fit-in/360x360/Products/18112024_1731940417058_1731940444175_8710912059592_6.png",
    "available": true,
    "promoUntil": null
  },
  {
    "id": "627290TRA",
    "title": "Jumbo Quiche Tomaat met Mozzarella 300 g",
    "category": "Verse maaltijden en gemak",
    "price": 3.89,
    "promoPrice": null,
    "pricePerUnit": "12.97 kg",
    "image": "https://www.jumbo.com/dam-images/fit-in/360x360/Products/22072024_1721659043570_1721659053152_8718452845972_1.png",
    "available": true,
    "promoUntil": null
  },
  {
    "id": "610229DS",
    "title": "Nature Valley Crunchy Oats & Honey Family Pack 20 Stuks 10 x 42 g",
    "category": "Koek, snoep, chocolade en chips",
    "price": 4.99,
    "promoPrice": null,
    "pricePerUnit": "11.88 kg",
    "image": "https://www.jumbo.com/dam-images/fit-in/360x360/Products/04012025_1735961097642_1735961108903_610229_DS_08410076600837_H1N1.png",
    "available": true,
    "promoUntil": null
  },
  {
    "id": "449006FLS",
    "title": "Neleman - Tempranillo - Rosé - Biologisch - 750ML",
    "category": "Bier en wijn",
    "price": 6.49,
    "promoPrice": null,
    "pricePerUnit": "8.65 l",
    "image": "https://www.jumbo.com/dam-images/fit-in/360x360/Products/09082023_1691589748690_1691589819973_8720254239408_1.png",
    "available": true,
    "promoUntil": null
  },
  {
    "id": "232694PAK",
    "title": "Lassie Risotto Rijst 400 g",
    "category": "Wereldkeukens, kruiden, pasta en rijst",
    "price": 2.15,
    "promoPrice": null,
    "pricePerUnit": "5.38 kg",
    "image": "https://www.jumbo.com/dam-images/fit-in/360x360/Products/08052024_1715133290698_1715133293666_232694_PAK_08718781601140_H1N1.png",
    "available": true,
    "promoUntil": null
  },
  {
    "id": "182179POT",
    "title": "Jumbo Italiaanse Kruiden 14 g",
    "category": "Wereldkeukens, kruiden, pasta en rijst",
    "price": 1.73,
    "promoPrice": null,
    "pricePerUnit": "123.57 kg",
    "image": "https://www.jumbo.com/dam-images/fit-in/360x360/Products/12122024_1734014401393_1734014406895_87337396_1.png",
    "available": true,
    "promoUntil": null
  },
  {
    "id": "625431DS",
    "title": "Jumbo Choc's White 6 Stuks 600 ml",
    "category": "Diepvries",
    "price": 3.99,
    "promoPrice": null,
    "pricePerUnit": "6.65 l",
    "image": "https://www.jumbo.com/dam-images/fit-in/360x360/Products/07062024_1717759995872_1717760010913_8718452806744_596.png",
    "available": true,
    "promoUntil": null
  },
  {
    "id": "660631STK",
    "title": "Jumbo - Croissant Plantaardig - 4 Stuks",
    "category": "Brood en gebak",
    "price": 1.18,
    "promoPrice": null,
    "pricePerUnit": "6.56 kg",
    "image": "https://www.jumbo.com/dam-images/fit-in/360x360/Products/14052025_1747215233026_1747215240101_8718452890774_1.png",
    "available": true,
    "promoUntil": null
  },
  {
    "id": "698501TRA",
    "title": "Old Amsterdam Original 35+ Plakken Kaas 140 g",
    "category": "Vleeswaren, kaas en tapas",
    "price": 3.99,
    "promoPrice": null,
    "pricePerUnit": "28.5 kg",
    "image": "https://www.jumbo.com/dam-images/fit-in/360x360/Products/26082025_1756170768119_1756170787774_698501_TRA_08710243910777_H1N1_nl.png",
    "available": true,
    "promoUntil": null
  },
  {
    "id": "646182POT",
    "title": "Jumbo Pastasaus Pikant 510 g",
    "category": "Wereldkeukens, kruiden, pasta en rijst",
    "price": 1.49,
    "promoPrice": null,
    "pricePerUnit": "2.92 kg",
    "image": "https://www.jumbo.com/dam-images/fit-in/360x360/Products/21112024_1732214242917_1732214248453_8718452876624_1.png",
    "available": true,
    "promoUntil": null
  },
  {
    "id": "299052FLS",
    "title": "Domaine Mosnier - Chablis - 750ML",
    "category": "Bier en wijn",
    "price": 19.99,
    "promoPrice": null,
    "pricePerUnit": "26.65 l",
    "image": "https://www.jumbo.com/dam-images/fit-in/360x360/Products/18092023_1695045001524_1695045005888_3559212017100_1.png",
    "available": true,
    "promoUntil": null
  },
  {
    "id": "559459BUS",
    "title": "Air Wick Freshmatic Automatische Spray Luchtverfrisser - Pure Fresh Lentedauw - Navulling",
    "category": "Huishouden en dieren",
    "price": 6.29,
    "promoPrice": null,
    "pricePerUnit": "25.16 l",
    "image": "https://www.jumbo.com/dam-images/fit-in/360x360/Products/17112023_1700194048237_1700194052205_559459_BUS_08720065000921_C1N1.png",
    "available": true,
    "promoUntil": null
  },
  {
    "id": "554072BUS",
    "title": "Teisseire Zero Suiker Citroen Limoen Siroop 60 cl",
    "category": "Frisdrank en sappen",
    "price": 4.25,
    "promoPrice": null,
    "pricePerUnit": "7.08 l",
    "image": "https://www.jumbo.com/dam-images/fit-in/360x360/Products/04092025_1756971208619_1756971211345_3092718638627_1.png",
    "available": true,
    "promoUntil": null
  },
  {
    "id": "621521FLS",
    "title": "Ajax Allesreiniger Fête des Fleurs Jasmijn 1L",
    "category": "Huishouden en dieren",
    "price": 3.59,
    "promoPrice": null,
    "pricePerUnit": "3.59 l",
    "image": "https://www.jumbo.com/dam-images/fit-in/360x360/Products/27032024_1711524327595_1711524330114_621521_FLS_08718951646155_C1N1.png",
    "available": true,
    "promoUntil": null
  },
  {
    "id": "380085BAK",
    "title": "Jumbo Steak Tartare 135 g",
    "category": "Vleeswaren, kaas en tapas",
    "price": 3.29,
    "promoPrice": null,
    "pricePerUnit": "24.37 kg",
    "image": "https://www.jumbo.com/dam-images/fit-in/360x360/Products/29052024_1717000393550_1717000403131_8718452810970_1.png",
    "available": true,
    "promoUntil": null
  },
  {
    "id": "338969STK",
    "title": "Rummo Lenta Lavorazione Semi di Orzo N° 27 500 g",
    "category": "Wereldkeukens, kruiden, pasta en rijst",
    "price": 2.49,
    "promoPrice": null,
    "pricePerUnit": "4.98 kg",
    "image": "https://www.jumbo.com/dam-images/fit-in/360x360/Products/09082023_1691586928611_1691586941003_8008343200271_1.png",
    "available": true,
    "promoUntil": null
  },
  {
    "id": "182226POT",
    "title": "Jumbo Paprika Mild 39 g",
    "category": "Wereldkeukens, kruiden, pasta en rijst",
    "price": 2.19,
    "promoPrice": null,
    "pricePerUnit": "56.15 kg",
    "image": "https://www.jumbo.com/dam-images/fit-in/360x360/Products/12122024_1734014401692_1734014405590_87337495_1.png",
    "available": true,
    "promoUntil": null
  },
  {
    "id": "270265FLS",
    "title": "Jumbo Huiswijn - Carménère - 1L",
    "category": "Bier en wijn",
    "price": 4.69,
    "promoPrice": null,
    "pricePerUnit": "4.69 l",
    "image": "https://www.jumbo.com/dam-images/fit-in/360x360/Products/18092023_1695043371842_1695043376069_8718452380596_1.png",
    "available": true,
    "promoUntil": null
  },
  {
    "id": "531835FLS",
    "title": "Jumbo Vers Sap Sinaasappel & Banaan 1 L",
    "category": "Aardappelen, groente en fruit",
    "price": 4.19,
    "promoPrice": null,
    "pricePerUnit": "4.19 l",
    "image": "https://www.jumbo.com/dam-images/fit-in/360x360/Products/04112024_1730752387096_1730752391110_8718452863655_1.png",
    "available": true,
    "promoUntil": null
  },
  {
    "id": "123768ZK",
    "title": "Java Food Bapao Rundvlees 2 Stuks 240 g",
    "category": "Diepvries",
    "price": 0.99,
    "promoPrice": null,
    "pricePerUnit": "4.13 kg",
    "image": "https://www.jumbo.com/dam-images/fit-in/360x360/Products/09082023_1691584705478_1691584716384_8712641000753_1.png",
    "available": true,
    "promoUntil": null
  },
  {
    "id": "600044BAK",
    "title": "Beenham Salade 250g",
    "category": "Vleeswaren, kaas en tapas",
    "price": 1.66,
    "promoPrice": null,
    "pricePerUnit": "6.64 kg",
    "image": "https://www.jumbo.com/dam-images/fit-in/360x360/Products/16012024_1705422786472_1705422797928_8710378860541_1.png",
    "available": true,
    "promoUntil": null
  },
  {
    "id": "146730DSL",
    "title": "Grand Sud – Sauvignon Blanc 6 x 1 L",
    "category": "Bier en wijn",
    "price": 35.94,
    "promoPrice": null,
    "pricePerUnit": "5.99 l",
    "image": "https://www.jumbo.com/dam-images/fit-in/360x360/Products/146730DSL-1692282621709.png",
    "available": true,
    "promoUntil": null
  },
  {
    "id": "685985BAK",
    "title": "Jumbo Maaltijdsalade Gegrilde Kip 450 g",
    "category": "Verse maaltijden en gemak",
    "price": 3.36,
    "promoPrice": null,
    "pricePerUnit": "7.47 kg",
    "image": "https://www.jumbo.com/dam-images/fit-in/360x360/Products/12032025_1741807987463_1741807995689_8718452902286_1.png",
    "available": true,
    "promoUntil": null
  },
  {
    "id": "172965ZK",
    "title": "TUC Mini Crackers Original 100g",
    "category": "Koek, snoep, chocolade en chips",
    "price": 1.68,
    "promoPrice": null,
    "pricePerUnit": "16.8 kg",
    "image": "https://www.jumbo.com/dam-images/fit-in/360x360/Products/05082025_1754400783877_1754400795169_7622210603937_596.png",
    "available": true,
    "promoUntil": null
  },
  {
    "id": "590895DS",
    "title": "Jumbo Melkbiscuits 6 Stuks",
    "category": "Koek, snoep, chocolade en chips",
    "price": 1.79,
    "promoPrice": null,
    "pricePerUnit": "7.31 kg",
    "image": "https://www.jumbo.com/dam-images/fit-in/360x360/Products/14022024_1707873716529_1707873722212_8718452745104_1.png",
    "available": true,
    "promoUntil": null
  },
  {
    "id": "533432DSL",
    "title": "Dettol Allesreiniger Katoenfris Value Pack 4 x  2 L",
    "category": "Huishouden en dieren",
    "price": 25.16,
    "promoPrice": null,
    "pricePerUnit": "3.15 l",
    "image": "https://www.jumbo.com/dam-images/fit-in/360x360/Products/533432FLS1fc97da1e-f30d-4c6e-ab47-acb67777b6c0-1727359003970.png",
    "available": true,
    "promoUntil": null
  },
  {
    "id": "202446PAK",
    "title": "Warsteiner - Alcoholvrij Radler <0.5% - Fles - 6 x 330ML",
    "category": "Bier en wijn",
    "price": 5.29,
    "promoPrice": null,
    "pricePerUnit": "2.67 l",
    "image": "https://www.jumbo.com/dam-images/fit-in/360x360/Products/09082023_1691587038945_1691587049103_4000856107133_1.png",
    "available": true,
    "promoUntil": null
  },
  {
    "id": "667176DS",
    "title": "Orangina Rouge 6 x 33cl",
    "category": "Frisdrank en sappen",
    "price": 6.9,
    "promoPrice": null,
    "pricePerUnit": "3.48 l",
    "image": "https://www.jumbo.com/dam-images/fit-in/360x360/Products/11032025_1741699989071_1741699992810_3124480190413_1.png",
    "available": true,
    "promoUntil": null
  },
  {
    "id": "640504BKR",
    "title": "Jumbo's Vezelrijke Linzen Tomatensoep 500 g",
    "category": "Verse maaltijden en gemak",
    "price": 3.59,
    "promoPrice": null,
    "pricePerUnit": "7.18 kg",
    "image": "https://www.jumbo.com/dam-images/fit-in/360x360/Products/10122024_1733830367729_1733830376003_8718452812219_1.png",
    "available": true,
    "promoUntil": null
  },
  {
    "id": "605604DS",
    "title": "Bambix Bio Fijne Granen 6+ Maanden 180 g",
    "category": "Drogisterij en baby",
    "price": 2.39,
    "promoPrice": null,
    "pricePerUnit": "13.28 kg",
    "image": "https://www.jumbo.com/dam-images/fit-in/360x360/Products/02052024_1714646048523_1714646057276_5410441002030_1.png",
    "available": true,
    "promoUntil": null
  },
  {
    "id": "709926DS",
    "title": "Jumbo Soeppakket Champignonsoep 4-6 Personen",
    "category": "Verse maaltijden en gemak",
    "price": 4.99,
    "promoPrice": 2.99,
    "pricePerUnit": "4.46 kg",
    "image": "https://www.jumbo.com/dam-images/fit-in/360x360/Products/01092025_1756733706518_1756733713403_8718452933365_1.png",
    "available": true,
    "promoUntil": "di 30 sep"
  },
  {
    "id": "677563ZK",
    "title": "Pampers Baby-Dry Maat 7, 16 Luiers",
    "category": "Drogisterij en baby",
    "price": 10.99,
    "promoPrice": null,
    "pricePerUnit": "0.69 pieces",
    "image": "https://www.jumbo.com/dam-images/fit-in/360x360/Products/14082025_1755196421431_1755196427778_8700216812511_1.png",
    "available": true,
    "promoUntil": null
  },
  {
    "id": "688527ZK",
    "title": "Finish Ultimate Regular 17 Tabletten",
    "category": "Huishouden en dieren",
    "price": 10.39,
    "promoPrice": null,
    "pricePerUnit": "0.61 pieces",
    "image": "https://www.jumbo.com/dam-images/fit-in/360x360/Products/24092025_1758676831992_1758676836150_688527_ZK_08720065014478_A1N1.png",
    "available": true,
    "promoUntil": null
  },
  {
    "id": "102497ZK",
    "title": "Grand'Italia Spaghetti Volkoren 500 g",
    "category": "Wereldkeukens, kruiden, pasta en rijst",
    "price": 1.25,
    "promoPrice": null,
    "pricePerUnit": "2.5 kg",
    "image": "https://www.jumbo.com/dam-images/fit-in/360x360/Products/25052024_1716600921383_1716600923565_102497_ZK_08000050831304_H1N1.png",
    "available": true,
    "promoUntil": null
  },
  {
    "id": "182464FLS",
    "title": "Sabor Dulce Amaretto Sweet Almonds 0,7 L",
    "category": "Bier en wijn",
    "price": 5.89,
    "promoPrice": null,
    "pricePerUnit": "8.41 l",
    "image": "https://www.jumbo.com/dam-images/fit-in/360x360/Products/07102024_1728259213658_1728259217409_5414145038524_1.png",
    "available": true,
    "promoUntil": null
  },
  {
    "id": "619837DS",
    "title": "Grolsch - Pils - Fles - 6 x 300ML",
    "category": "Bier en wijn",
    "price": 4.99,
    "promoPrice": null,
    "pricePerUnit": "2.77 l",
    "image": "https://www.jumbo.com/dam-images/fit-in/360x360/Products/08716700019380H1N19e4e6d84-ef80-4a66-a4a2-d4ef3efa1a1e-1758094703448.png",
    "available": true,
    "promoUntil": null
  },
  {
    "id": "515502DS",
    "title": "Broxomatic Vaatwaszout 900 g",
    "category": "Huishouden en dieren",
    "price": 1.19,
    "promoPrice": null,
    "pricePerUnit": "1.32 kg",
    "image": "https://www.jumbo.com/dam-images/fit-in/360x360/Products/22042025_1745343147113_1745343152152_8715800984796_1.png",
    "available": true,
    "promoUntil": null
  },
  {
    "id": "424593POT",
    "title": "Easy Chicken Tonight Ajam Pangang 535 g",
    "category": "Wereldkeukens, kruiden, pasta en rijst",
    "price": 3.89,
    "promoPrice": null,
    "pricePerUnit": "7.27 kg",
    "image": "https://www.jumbo.com/dam-images/fit-in/360x360/Products/26052025_1748225722407_1748225733979_424593_POT_08710581909884_C1N1.png",
    "available": true,
    "promoUntil": null
  },
  {
    "id": "548496STK",
    "title": "Glade Gel Relaxing Zen 150 g",
    "category": "Huishouden en dieren",
    "price": 1.85,
    "promoPrice": null,
    "pricePerUnit": "1.85 pieces",
    "image": "https://www.jumbo.com/dam-images/fit-in/360x360/Products/22092025_1758544412865_1758544416804_5000204307122_1.png",
    "available": true,
    "promoUntil": null
  },
  {
    "id": "478490DS",
    "title": "Dr. Oetker Ristorante Pizza Piccola Salami 2-pack 280 g",
    "category": "Diepvries",
    "price": 4.49,
    "promoPrice": null,
    "pricePerUnit": "16.04 kg",
    "image": "https://www.jumbo.com/dam-images/fit-in/360x360/Products/20062025_1750386084128_1750386092862_478490_DS_04001724038740_C1N1_s04.png",
    "available": true,
    "promoUntil": null
  },
  {
    "id": "423280ZK",
    "title": "Tena Lady Maxi Night Nachtverbanden 6 Stuks",
    "category": "Drogisterij en baby",
    "price": 4.79,
    "promoPrice": null,
    "pricePerUnit": "0.8 pieces",
    "image": "https://www.jumbo.com/dam-images/fit-in/360x360/Products/30072024_1722305558771_1722305561097_423280_ZK_.png",
    "available": true,
    "promoUntil": null
  },
  {
    "id": "692664DS",
    "title": "Jumbo Kip Sticks 5 Stuks",
    "category": "Diepvries",
    "price": 1.49,
    "promoPrice": null,
    "pricePerUnit": "4.97 kg",
    "image": "https://www.jumbo.com/dam-images/fit-in/360x360/Products/12052025_1747008016252_1747008029503_8718452894895_596.png",
    "available": true,
    "promoUntil": null
  },
  {
    "id": "481807DS",
    "title": "Cornetto Softijs Chocolatey 4 x 140 ml",
    "category": "Diepvries",
    "price": 4.95,
    "promoPrice": null,
    "pricePerUnit": "8.84 l",
    "image": "https://www.jumbo.com/dam-images/fit-in/360x360/Products/08052025_1746670537896_1746670576567_481807_DS_08711327489448_H1N1.png",
    "available": true,
    "promoUntil": null
  },
  {
    "id": "704554ZK",
    "title": "Lay's Sensations Chips Mature Cheddar & Chili Chutney 150 g",
    "category": "Koek, snoep, chocolade en chips",
    "price": 2.49,
    "promoPrice": null,
    "pricePerUnit": "16.6 kg",
    "image": "https://www.jumbo.com/dam-images/fit-in/360x360/Products/12062025_1749753166638_1749753171571_8710398532749_1.png",
    "available": true,
    "promoUntil": null
  },
  {
    "id": "601288ZK",
    "title": "M&M'S Melk Chocolade Pinda Snoepjes Zak Middel",
    "category": "Koek, snoep, chocolade en chips",
    "price": 3.09,
    "promoPrice": null,
    "pricePerUnit": "15.45 kg",
    "image": "https://www.jumbo.com/dam-images/fit-in/360x360/Products/18082025_1755478972525_1755478978663_601288_ZK_05900951141645_H1N1.png",
    "available": true,
    "promoUntil": null
  },
  {
    "id": "18067BAK",
    "title": "Johma Coleslaw Amerikaans Salade 450 g",
    "category": "Verse maaltijden en gemak",
    "price": 2.59,
    "promoPrice": null,
    "pricePerUnit": "5.76 kg",
    "image": "https://www.jumbo.com/dam-images/fit-in/360x360/Products/20022025_1740019308384_1740019316299_18067_BAK_00000087209273_C1N1.png",
    "available": true,
    "promoUntil": null
  },
  {
    "id": "201697DS",
    "title": "Snickers White ijs repen witte chocolade pinda 6-pack",
    "category": "Diepvries",
    "price": 4.99,
    "promoPrice": null,
    "pricePerUnit": "20.37 kg",
    "image": "https://www.jumbo.com/dam-images/fit-in/360x360/Products/15052025_1747330434751_1747330452364_5000159509633_596.png",
    "available": true,
    "promoUntil": null
  },
  {
    "id": "514176FLS",
    "title": "Shout Vlekkenoplosser Spray",
    "category": "Huishouden en dieren",
    "price": 3.99,
    "promoPrice": null,
    "pricePerUnit": "7.98 l",
    "image": "https://www.jumbo.com/dam-images/fit-in/360x360/Products/24032024_1711248116496_1711248119929_514176_FLS_05000204303018_C1N1.png",
    "available": true,
    "promoUntil": null
  },
  {
    "id": "660968ZK",
    "title": "Jumbo's Tomaat Tortilla Large 6 Stuks",
    "category": "Wereldkeukens, kruiden, pasta en rijst",
    "price": 1.99,
    "promoPrice": null,
    "pricePerUnit": "5.38 kg",
    "image": "https://www.jumbo.com/dam-images/fit-in/360x360/Products/06022025_1738859588345_1738859598934_8718452860913_1.png",
    "available": true,
    "promoUntil": null
  },
  {
    "id": "35966PAK",
    "title": "Brand Oud Bruin Bier Fles 6 x 300ml",
    "category": "Bier en wijn",
    "price": 6.65,
    "promoPrice": null,
    "pricePerUnit": "3.69 l",
    "image": "https://www.jumbo.com/dam-images/fit-in/360x360/Products/07012025_1736267672343_1736267679625_87232196_1.png",
    "available": true,
    "promoUntil": null
  },
  {
    "id": "674217DS",
    "title": "Holie's Crunchy Bar Protein Peanut Chocolate 3 x 2 Stuks 6 x 20 g",
    "category": "Koek, snoep, chocolade en chips",
    "price": 3.26,
    "promoPrice": null,
    "pricePerUnit": "27.17 kg",
    "image": "https://www.jumbo.com/dam-images/fit-in/360x360/Products/03062025_1748943148822_1748943156967_8721161523048_1.png",
    "available": true,
    "promoUntil": null
  },
  {
    "id": "688311DS",
    "title": "Jumbo Fruitmix Watermelon Mango Blauwe Bes 175 g",
    "category": "Aardappelen, groente en fruit",
    "price": 2.35,
    "promoPrice": null,
    "pricePerUnit": "13.43 kg",
    "image": "https://www.jumbo.com/dam-images/fit-in/360x360/Products/10062025_1749569568264_1749569580286_8718452896813_1.png",
    "available": true,
    "promoUntil": null
  },
  {
    "id": "196511STK",
    "title": "Andrélon Men Shampoo Hair & Body 300 ml",
    "category": "Drogisterij en baby",
    "price": 5.49,
    "promoPrice": null,
    "pricePerUnit": "18.3 l",
    "image": "https://www.jumbo.com/dam-images/fit-in/360x360/Products/06022024_1707187399497_1707187420988_196511_STK_08710447321669_H1N1.png",
    "available": true,
    "promoUntil": null
  },
  {
    "id": "173646FLS",
    "title": "Roche Mazet - Merlot - Pays d'Oc IGP - 750ML",
    "category": "Bier en wijn",
    "price": 5.29,
    "promoPrice": null,
    "pricePerUnit": "7.05 l",
    "image": "https://www.jumbo.com/dam-images/fit-in/360x360/Products/07122023_1701923452493_1701923456241_173646_FLS_03175520018655_C1N1.png",
    "available": true,
    "promoUntil": null
  },
  {
    "id": "571808TRA",
    "title": "Jumbo Pinda Koeken met Melkchocolade 200 g",
    "category": "Koek, snoep, chocolade en chips",
    "price": 1.87,
    "promoPrice": null,
    "pricePerUnit": "9.35 kg",
    "image": "https://www.jumbo.com/dam-images/fit-in/360x360/Products/12122024_1734014462609_1734014466849_8718452380244_1.png",
    "available": true,
    "promoUntil": null
  },
  {
    "id": "207738FLS",
    "title": "Enjoy It Sparkling Alcoholfree 0,75 L",
    "category": "Bier en wijn",
    "price": 4.29,
    "promoPrice": null,
    "pricePerUnit": "5.72 l",
    "image": "https://www.jumbo.com/dam-images/fit-in/360x360/Products/08092025_1757338394782_1757338397686_4003301082795_1.png",
    "available": true,
    "promoUntil": null
  },
  {
    "id": "637655FLS",
    "title": "Jumbo Eco Afwasmiddel 0% Parfum 500ML",
    "category": "Huishouden en dieren",
    "price": 0.89,
    "promoPrice": null,
    "pricePerUnit": "1.78 l",
    "image": "https://www.jumbo.com/dam-images/fit-in/360x360/Products/28112024_1732782796801_1732782801517_8718452829002_1.png",
    "available": true,
    "promoUntil": null
  },
  {
    "id": "686271ZK",
    "title": "Jumbo Dille 15 g",
    "category": "Wereldkeukens, kruiden, pasta en rijst",
    "price": 1.19,
    "promoPrice": null,
    "pricePerUnit": "79.33 kg",
    "image": "https://www.jumbo.com/dam-images/fit-in/360x360/Products/11062025_1749656025781_1749656031129_8718452896950_1.png",
    "available": true,
    "promoUntil": null
  },
  {
    "id": "554164BUS",
    "title": "Teisseire Zero Suiker Cassis Siroop 60 cl",
    "category": "Frisdrank en sappen",
    "price": 4.25,
    "promoPrice": null,
    "pricePerUnit": "7.08 l",
    "image": "https://www.jumbo.com/dam-images/fit-in/360x360/Products/06092025_1757124503436_1757124511595_554164_BUS_03092718638085_C1N1.png",
    "available": true,
    "promoUntil": null
  },
  {
    "id": "578020CUP",
    "title": "Jumbo Ongezouten Cashewnoten 130 g",
    "category": "Koek, snoep, chocolade en chips",
    "price": 3.05,
    "promoPrice": null,
    "pricePerUnit": "23.46 kg",
    "image": "https://www.jumbo.com/dam-images/fit-in/360x360/Products/14022024_1707873701769_1707873704971_8718452739677_1.png",
    "available": true,
    "promoUntil": null
  },
  {
    "id": "215476BAK",
    "title": "Jan American Style Pancakes Naturel 6 Stuks 300 g",
    "category": "Verse maaltijden en gemak",
    "price": 2.49,
    "promoPrice": null,
    "pricePerUnit": "8.3 kg",
    "image": "https://www.jumbo.com/dam-images/fit-in/360x360/Products/04032025_1741054205434_1741054215890_215476_BAK_08712941612083_H1N1.png",
    "available": true,
    "promoUntil": null
  },
  {
    "id": "482710ZK",
    "title": "TUC Mini Crackers Kaas Smaak 100g",
    "category": "Koek, snoep, chocolade en chips",
    "price": 1.79,
    "promoPrice": null,
    "pricePerUnit": "17.9 kg",
    "image": "https://www.jumbo.com/dam-images/fit-in/360x360/Products/02092025_1756816428836_1756816436038_7622202786594_1.png",
    "available": true,
    "promoUntil": null
  },
  {
    "id": "625458DS",
    "title": "Jumbo Chocs Mini Almond Vanille-IJs 8 Stuks 304 g",
    "category": "Diepvries",
    "price": 2.35,
    "promoPrice": null,
    "pricePerUnit": "5.88 l",
    "image": "https://www.jumbo.com/dam-images/fit-in/360x360/Products/12122024_1734014884587_1734014898242_8718452806713_596.png",
    "available": true,
    "promoUntil": null
  },
  {
    "id": "167989DS",
    "title": "Mora Originals Bamischijf 4 x 100 g",
    "category": "Diepvries",
    "price": 2.89,
    "promoPrice": null,
    "pricePerUnit": "7.23 kg",
    "image": "https://www.jumbo.com/dam-images/fit-in/360x360/Products/24032024_1711248397874_1711248412898_167989_DS_08710861994593_C1N1_s03.png",
    "available": true,
    "promoUntil": null
  },
  {
    "id": "301702ZK",
    "title": "Haribo Bananas 240 g",
    "category": "Koek, snoep, chocolade en chips",
    "price": 1.85,
    "promoPrice": null,
    "pricePerUnit": "7.71 kg",
    "image": "https://www.jumbo.com/dam-images/fit-in/360x360/Products/06082025_1754444107958_1754444121156_301702_ZK_.png",
    "available": true,
    "promoUntil": null
  },
  {
    "id": "640475BKR",
    "title": "Jumbo's Licht Pittige Pompoensoep 1 kg",
    "category": "Verse maaltijden en gemak",
    "price": 4.99,
    "promoPrice": null,
    "pricePerUnit": "4.99 kg",
    "image": "https://www.jumbo.com/dam-images/fit-in/360x360/Products/10122024_1733830366458_1733830374248_8718452812240_1.png",
    "available": true,
    "promoUntil": null
  },
  {
    "id": "143216POT",
    "title": "Verstegen Mix voor Aardappel 225 g",
    "category": "Wereldkeukens, kruiden, pasta en rijst",
    "price": 4.99,
    "promoPrice": null,
    "pricePerUnit": "22.18 kg",
    "image": "https://www.jumbo.com/dam-images/fit-in/360x360/Products/14032024_1710388218574_1710388223237_143216_POT_08712200576934_H1N1.png",
    "available": true,
    "promoUntil": null
  },
  {
    "id": "203723ZK",
    "title": "Verstegen Mix voor Gehakt Lekkerste Balletje 40 g",
    "category": "Wereldkeukens, kruiden, pasta en rijst",
    "price": 1.59,
    "promoPrice": null,
    "pricePerUnit": "39.75 kg",
    "image": "https://www.jumbo.com/dam-images/fit-in/360x360/Products/27092023_1695781170108_1695781172908_203723_ZK_08712200984180_C1N1.png",
    "available": true,
    "promoUntil": null
  },
  {
    "id": "622974ZK",
    "title": "Sun Brilliant Shine Plus Vaatwascapsules All-in 1 16 capsules",
    "category": "Huishouden en dieren",
    "price": 10.99,
    "promoPrice": null,
    "pricePerUnit": "0.69 pieces",
    "image": "https://www.jumbo.com/dam-images/fit-in/360x360/Products/14032025_1741925850403_1741925891664_622974_ZK_08720181514302_C1N1.png",
    "available": true,
    "promoUntil": null
  },
  {
    "id": "639202TRA",
    "title": "Wahid Kipboterhamworst 200 g",
    "category": "Vleeswaren, kaas en tapas",
    "price": 2.99,
    "promoPrice": null,
    "pricePerUnit": "14.95 kg",
    "image": "https://www.jumbo.com/dam-images/fit-in/360x360/Products/28052025_1748457230468_1748457236598_8716221206191_1.png",
    "available": true,
    "promoUntil": null
  },
  {
    "id": "584634FLS",
    "title": "Spa FRUIT Bruisende Fruitige Frisdrank Mango Grapefruit 1,25L",
    "category": "Frisdrank en sappen",
    "price": 2.45,
    "promoPrice": null,
    "pricePerUnit": "1.96 l",
    "image": "https://www.jumbo.com/dam-images/fit-in/360x360/Products/19082025_1755565355929_1755565361784_584634_FLS_05410013801764_H1N1.png",
    "available": true,
    "promoUntil": null
  },
  {
    "id": "690489POT",
    "title": "Paturain Cuisine Knoflook & Fijne Kruiden 185g",
    "category": "Vleeswaren, kaas en tapas",
    "price": 2.69,
    "promoPrice": null,
    "pricePerUnit": "14.54 kg",
    "image": "https://www.jumbo.com/dam-images/fit-in/360x360/Products/06052025_1746493406307_1746493410165_690489_POT_05413362208802_C1C1_s04.png",
    "available": true,
    "promoUntil": null
  },
  {
    "id": "581002DS",
    "title": "Coca-Cola Zero Sugar Zero Caffeine Mini 12 x 150 ml",
    "category": "Frisdrank en sappen",
    "price": 7.99,
    "promoPrice": null,
    "pricePerUnit": "4.44 l",
    "image": "https://www.jumbo.com/dam-images/fit-in/360x360/Products/08022024_1707424385005_1707424390117_5000112664317_1.png",
    "available": true,
    "promoUntil": null
  },
  {
    "id": "634823DS",
    "title": "Dr. Oetker Ristorante Piadina Quattro Formaggi Flatbread 2 stuks",
    "category": "Diepvries",
    "price": 3.99,
    "promoPrice": null,
    "pricePerUnit": "14.25 kg",
    "image": "https://www.jumbo.com/dam-images/fit-in/360x360/Products/14072025_1752454926448_1752454931397_634823_DS_04001724050155_C1N1_s04.png",
    "available": true,
    "promoUntil": null
  },
  {
    "id": "549067DS",
    "title": "Jumbo Pureersoep Pompoen Wortel 500 g",
    "category": "Verse maaltijden en gemak",
    "price": 4.29,
    "promoPrice": null,
    "pricePerUnit": "8.58 kg",
    "image": "https://www.jumbo.com/dam-images/fit-in/360x360/Products/25102024_1729866969478_1729866977928_8718452852871_1.png",
    "available": true,
    "promoUntil": null
  },
  {
    "id": "638284FLS",
    "title": "Jumbo Eco WC Reiniger 750ML",
    "category": "Huishouden en dieren",
    "price": 1.45,
    "promoPrice": null,
    "pricePerUnit": "1.93 l",
    "image": "https://www.jumbo.com/dam-images/fit-in/360x360/Products/26112024_1732638819822_1732638824076_8718452829187_1.png",
    "available": true,
    "promoUntil": null
  },
  {
    "id": "621813TRA",
    "title": "Jumbo Lasagne Kip met Mascarpone 400 g",
    "category": "Verse maaltijden en gemak",
    "price": 3.99,
    "promoPrice": null,
    "pricePerUnit": "9.98 kg",
    "image": "https://www.jumbo.com/dam-images/fit-in/360x360/Products/04022025_1738665166820_1738665175709_8718452873586_1.png",
    "available": true,
    "promoUntil": null
  },
  {
    "id": "427781FLS",
    "title": "Jumbo Bruisend Mineraalwater Bloedsinaasappel Smaak 1,5 L",
    "category": "Frisdrank en sappen",
    "price": 1.19,
    "promoPrice": null,
    "pricePerUnit": "0.79 l",
    "image": "https://www.jumbo.com/dam-images/fit-in/360x360/Products/29092023_1695996142748_1695996148826_8718452631346_1.png",
    "available": true,
    "promoUntil": null
  },
  {
    "id": "641079KGR",
    "title": "Jumbo Roasted Pork ca. 120 g",
    "category": "Vleeswaren, kaas en tapas",
    "price": 3.54,
    "promoPrice": null,
    "pricePerUnit": "29.5 kg",
    "image": "https://www.jumbo.com/dam-images/fit-in/360x360/Products/12122024_1734014925542_1734014935685_2335812000000_1.png",
    "available": true,
    "promoUntil": null
  },
  {
    "id": "598518ZK",
    "title": "Jumbo Ongebrande Notenmix 200 g",
    "category": "Koek, snoep, chocolade en chips",
    "price": 2.89,
    "promoPrice": null,
    "pricePerUnit": "14.45 kg",
    "image": "https://www.jumbo.com/dam-images/fit-in/360x360/Products/26042024_1714127651143_1714127671171_8718452750160_596.png",
    "available": true,
    "promoUntil": null
  },
  {
    "id": "646814BLK",
    "title": "8.6 Original Blik 500ML",
    "category": "Bier en wijn",
    "price": 1.93,
    "promoPrice": null,
    "pricePerUnit": "3.86 l",
    "image": "https://www.jumbo.com/dam-images/fit-in/360x360/Products/18122024_1734534783555_1734534785961_646814_BLK_08714800046534_C1N1.png",
    "available": true,
    "promoUntil": null
  },
  {
    "id": "374163BAK",
    "title": "Jumbo Tonijnsalade 150 g",
    "category": "Vleeswaren, kaas en tapas",
    "price": 2.35,
    "promoPrice": null,
    "pricePerUnit": "15.67 kg",
    "image": "https://www.jumbo.com/dam-images/fit-in/360x360/Products/18062025_1750257312444_1750257320829_8718452844517_1.png",
    "available": true,
    "promoUntil": null
  },
  {
    "id": "608107ZK",
    "title": "Jumbo Vriesverse Citroen Schijfjes 500 g",
    "category": "Diepvries",
    "price": 3.69,
    "promoPrice": null,
    "pricePerUnit": "7.38 kg",
    "image": "https://www.jumbo.com/dam-images/fit-in/360x360/Products/24052024_1716554113129_1716554128519_8718452800193_596.png",
    "available": true,
    "promoUntil": null
  },
  {
    "id": "520471PAK",
    "title": "Jumbo Soeppakket Chinese Tomatensoep 4-6 Personen",
    "category": "Wereldkeukens, kruiden, pasta en rijst",
    "price": 4.99,
    "promoPrice": 2.99,
    "pricePerUnit": "2.77 kg",
    "image": "https://www.jumbo.com/dam-images/fit-in/360x360/Products/01092025_1756733706110_1756733713140_8718452933341_1.png",
    "available": true,
    "promoUntil": "di 30 sep"
  },
  {
    "id": "640673KGR",
    "title": "Jumbo Limburgse Boterhamworst ca. 120 g",
    "category": "Vleeswaren, kaas en tapas",
    "price": 2.22,
    "promoPrice": null,
    "pricePerUnit": "18.5 kg",
    "image": "https://www.jumbo.com/dam-images/fit-in/360x360/Products/04072025_1751617996407_1751618003037_2335742000000_1.png",
    "available": true,
    "promoUntil": null
  },
  {
    "id": "559469ZK",
    "title": "Lay's Wokkels Naturel Chips 100 g",
    "category": "Koek, snoep, chocolade en chips",
    "price": 2.29,
    "promoPrice": null,
    "pricePerUnit": "22.9 kg",
    "image": "https://www.jumbo.com/dam-images/fit-in/360x360/Products/07022025_1738956774729_1738956780478_8710398513830_1.png",
    "available": true,
    "promoUntil": null
  },
  {
    "id": "383776ZK",
    "title": "Jumbo Brokkenmix met Vis Rijst & Groenten Katten Volwassen 1,5 kg",
    "category": "Huishouden en dieren",
    "price": 5.19,
    "promoPrice": null,
    "pricePerUnit": "3.46 kg",
    "image": "https://www.jumbo.com/dam-images/fit-in/360x360/Products/29092023_1695996116964_1695996120119_8718452653249_1.png",
    "available": true,
    "promoUntil": null
  },
  {
    "id": "669754FLS",
    "title": "Jumbo Citroen & Cactus 1,5L",
    "category": "Frisdrank en sappen",
    "price": 1.6,
    "promoPrice": null,
    "pricePerUnit": "1.07 l",
    "image": "https://www.jumbo.com/dam-images/fit-in/360x360/Products/18022025_1739896392114_1739896397342_8718452538027_1.png",
    "available": true,
    "promoUntil": null
  },
  {
    "id": "538532DS",
    "title": "Birra Moretti L'Autentica Bier Blik 6 x 330ml",
    "category": "Bier en wijn",
    "price": 7.99,
    "promoPrice": null,
    "pricePerUnit": "4.04 l",
    "image": "https://www.jumbo.com/dam-images/fit-in/360x360/Products/07012025_1736267674166_1736267678560_8006890390995_1.png",
    "available": true,
    "promoUntil": null
  },
  {
    "id": "677754DSL",
    "title": "Dove Advanced Care Anti-Transpirant Deodorant Spray Invisible Dry - 6 x 150 ML",
    "category": "Drogisterij en baby",
    "price": 37.74,
    "promoPrice": 26.41,
    "pricePerUnit": "41.93 l",
    "image": "https://www.jumbo.com/dam-images/fit-in/360x360/Products/08720181567957H1N14ddc9d30-26d1-44b2-9c6b-8f2ff134ce38-1753099386182.png",
    "available": true,
    "promoUntil": "di 7 okt"
  },
  {
    "id": "416226ZK",
    "title": "Kwekkeboom Oven & Airfryer Kalfsvlees 4 Stuks 280 g",
    "category": "Diepvries",
    "price": 5.19,
    "promoPrice": null,
    "pricePerUnit": "18.54 kg",
    "image": "https://www.jumbo.com/dam-images/fit-in/360x360/Products/31052024_1717151657909_1717151662864_8712512390815_1.png",
    "available": true,
    "promoUntil": null
  },
  {
    "id": "556781DS",
    "title": "Président Petit Camembert Extra Smeuïg Mild 135 g",
    "category": "Vleeswaren, kaas en tapas",
    "price": 2.99,
    "promoPrice": null,
    "pricePerUnit": "22.15 kg",
    "image": "https://www.jumbo.com/dam-images/fit-in/360x360/Products/09082023_1691592794214_1691592960962_3228024220069_1.png",
    "available": true,
    "promoUntil": null
  },
  {
    "id": "200858FLS",
    "title": "Jumbo Wol & Fijn 2x Geconcentreerd Vloeibaar Wasmiddel - 28 wasbeurten",
    "category": "Huishouden en dieren",
    "price": 4.47,
    "promoPrice": null,
    "pricePerUnit": "0.16 wb",
    "image": "https://www.jumbo.com/dam-images/fit-in/360x360/Products/03012024_1704290946556_1704290953162_8718452281923_1.png",
    "available": true,
    "promoUntil": null
  },
  {
    "id": "595075DS",
    "title": "Jumbo Mini Kaassoufflés 250 g",
    "category": "Diepvries",
    "price": 3.39,
    "promoPrice": null,
    "pricePerUnit": "13.56 kg",
    "image": "https://www.jumbo.com/dam-images/fit-in/360x360/Products/16042025_1744817609735_1744817629336_8718452788422_596.png",
    "available": true,
    "promoUntil": null
  },
  {
    "id": "305709STK",
    "title": "Jumbo Choco Soesjes 10 Stuks",
    "category": "Brood en gebak",
    "price": 3.99,
    "promoPrice": null,
    "pricePerUnit": "0.4 pieces",
    "image": "https://www.jumbo.com/dam-images/fit-in/360x360/Products/07072025_1751887994337_1751887998435_8718452730797_1.png",
    "available": true,
    "promoUntil": null
  },
  {
    "id": "417166ZK",
    "title": "Parrano Kaas Poeder Robusto",
    "category": "Vleeswaren, kaas en tapas",
    "price": 1.99,
    "promoPrice": null,
    "pricePerUnit": "33.17 kg",
    "image": "https://www.jumbo.com/dam-images/fit-in/360x360/Products/08102024_1728390792318_1728390799474_8710912011972_1.png",
    "available": true,
    "promoUntil": null
  },
  {
    "id": "609206PAK",
    "title": "Appelsientje FruitDrink Appel 6x200ml",
    "category": "Frisdrank en sappen",
    "price": 3.26,
    "promoPrice": null,
    "pricePerUnit": "2.72 l",
    "image": "https://www.jumbo.com/dam-images/fit-in/360x360/Products/17092025_1758072082637_1758072125445_609206_PAK_08720157401735_C1N1.png",
    "available": true,
    "promoUntil": null
  },
  {
    "id": "589341ZK",
    "title": "Jumbo Royale Japanse Mix 275 g",
    "category": "Koek, snoep, chocolade en chips",
    "price": 2.29,
    "promoPrice": null,
    "pricePerUnit": "8.33 kg",
    "image": "https://www.jumbo.com/dam-images/fit-in/360x360/Products/03082024_1722650227886_1722650246320_589341_ZK_08718452741809_C1N1.png",
    "available": true,
    "promoUntil": null
  },
  {
    "id": "517165DS",
    "title": "Nutrilon DuoBalans 2 Opvolgmelk - Baby 6-12 Maanden 800 g",
    "category": "Drogisterij en baby",
    "price": 21.55,
    "promoPrice": null,
    "pricePerUnit": "26.94 kg",
    "image": "https://www.jumbo.com/dam-images/fit-in/360x360/Products/24092025_1758676698612_1758676701297_517165_DS_08718117612390_C1N1_s01.png",
    "available": true,
    "promoUntil": null
  },
  {
    "id": "532921PAK",
    "title": "Complete Food for Cats 2 kg",
    "category": "Huishouden en dieren",
    "price": 2.99,
    "promoPrice": null,
    "pricePerUnit": "1.5 kg",
    "image": "https://www.jumbo.com/dam-images/fit-in/360x360/Products/09082023_1691591847221_1691591855494_8710751136751_1.png",
    "available": true,
    "promoUntil": null
  },
  {
    "id": "667181FLS",
    "title": "Orangina et sa Pulpe! 1,5 L",
    "category": "Frisdrank en sappen",
    "price": 2.89,
    "promoPrice": null,
    "pricePerUnit": "1.93 l",
    "image": "https://www.jumbo.com/dam-images/fit-in/360x360/Products/25072025_1753408923417_1753408925202_667181_FLS_03124480200433_C1N1.png",
    "available": true,
    "promoUntil": null
  },
  {
    "id": "664934ZK",
    "title": "Venco Zwartwitjes Hard Zout 285 g",
    "category": "Koek, snoep, chocolade en chips",
    "price": 2.56,
    "promoPrice": null,
    "pricePerUnit": "8.98 kg",
    "image": "https://www.jumbo.com/dam-images/fit-in/360x360/Products/31012025_1738285368274_1738285375821_8713800256004_1.png",
    "available": true,
    "promoUntil": null
  },
  {
    "id": "427634DS",
    "title": "Dettol Multi-Reinigingsdoekjes Power & Fresh Oceaanfris 110 Stuks",
    "category": "Huishouden en dieren",
    "price": 5.99,
    "promoPrice": null,
    "pricePerUnit": "0.05 pieces",
    "image": "https://www.jumbo.com/dam-images/fit-in/360x360/Products/27012024_1706325150606_1706325153830_427634_DS_05410036306680_C1N1.png",
    "available": true,
    "promoUntil": null
  },
  {
    "id": "204165FLS",
    "title": "Villebois - Sancerre - Sauvignon Blanc - 750ML",
    "category": "Bier en wijn",
    "price": 19.99,
    "promoPrice": null,
    "pricePerUnit": "26.65 l",
    "image": "https://www.jumbo.com/dam-images/fit-in/360x360/Products/28092023_1695920187833_1695920218488_3760189780557_1.png",
    "available": true,
    "promoUntil": null
  },
  {
    "id": "442266FLS",
    "title": "Robijn Specials Vloeibaar Wasmiddel Wol & Fijn 18 Wasbeurten",
    "category": "Huishouden en dieren",
    "price": 10.99,
    "promoPrice": null,
    "pricePerUnit": "0.61 wb",
    "image": "https://www.jumbo.com/dam-images/fit-in/360x360/Products/15082025_1755220047702_1755220072919_442266_FLS_08720181098925_H1N1.png",
    "available": true,
    "promoUntil": null
  },
  {
    "id": "214040PAK",
    "title": "Rummo Spaghetti 500 g",
    "category": "Wereldkeukens, kruiden, pasta en rijst",
    "price": 2.49,
    "promoPrice": null,
    "pricePerUnit": "4.98 kg",
    "image": "https://www.jumbo.com/dam-images/fit-in/360x360/Products/214040_8008343200035_1_T1_214040PAK1691326633339.png",
    "available": true,
    "promoUntil": null
  },
  {
    "id": "544639BAK",
    "title": "La Place Basilicum Pesto 120 g",
    "category": "Vleeswaren, kaas en tapas",
    "price": 2.99,
    "promoPrice": null,
    "pricePerUnit": "24.92 kg",
    "image": "https://www.jumbo.com/dam-images/fit-in/360x360/Products/12122024_1734017680999_1734017690297_8718452694723_1.png",
    "available": true,
    "promoUntil": null
  },
  {
    "id": "674253KGR",
    "title": "Jumbo Fricandeau Gekruid ca. 100 g",
    "category": "Vleeswaren, kaas en tapas",
    "price": 2.5,
    "promoPrice": null,
    "pricePerUnit": "25.0 kg",
    "image": "https://www.jumbo.com/dam-images/fit-in/360x360/Products/30042025_1746037987114_1746037993146_2369642000000_1.png",
    "available": true,
    "promoUntil": null
  },
  {
    "id": "525200ZK",
    "title": "Smuldier Kip Complete Maaltijd 400 g",
    "category": "Diepvries",
    "price": 1.74,
    "promoPrice": null,
    "pricePerUnit": "4.35 kg",
    "image": "https://www.jumbo.com/dam-images/fit-in/360x360/Products/03062024_1717414576716_1717414584777_8720795350037_1.png",
    "available": true,
    "promoUntil": null
  },
  {
    "id": "33118FLS",
    "title": "Castan Family Excellence - Grenache - Syrah - 750ML",
    "category": "Bier en wijn",
    "price": 4.99,
    "promoPrice": null,
    "pricePerUnit": "6.65 l",
    "image": "https://www.jumbo.com/dam-images/fit-in/360x360/Products/17042025_1744882429003_1744882432657_3760165910350_1.png",
    "available": true,
    "promoUntil": null
  },
  {
    "id": "640401STK",
    "title": "Jumbo Opbakaardappelen met Schil Paprika Kruidenmix  450 g",
    "category": "Aardappelen, groente en fruit",
    "price": 1.49,
    "promoPrice": null,
    "pricePerUnit": "3.31 kg",
    "image": "https://www.jumbo.com/dam-images/fit-in/360x360/Products/02092025_1756838030473_1756838036890_8718452819164_1.png",
    "available": true,
    "promoUntil": null
  },
  {
    "id": "439269PAK",
    "title": "Pedigree Senior Mix Selectie in Gelei 12 x 100 g",
    "category": "Huishouden en dieren",
    "price": 5.27,
    "promoPrice": null,
    "pricePerUnit": "4.39 kg",
    "image": "https://www.jumbo.com/dam-images/fit-in/360x360/Products/23062025_1750674765986_1750674785267_3065890149830_596.png",
    "available": true,
    "promoUntil": null
  },
  {
    "id": "298889FLS",
    "title": "Roger Champault - Sancerre Blanc - Sauvignon Blanc - 750ML",
    "category": "Bier en wijn",
    "price": 29.49,
    "promoPrice": null,
    "pricePerUnit": "39.32 l",
    "image": "https://www.jumbo.com/dam-images/fit-in/360x360/Products/10082023_1691675706442_1691675710516_3760137300134_1.png",
    "available": true,
    "promoUntil": null
  },
  {
    "id": "567948FLS",
    "title": "Dettol Wasgel met Aloë Vera en Melkproteïne 250ML",
    "category": "Drogisterij en baby",
    "price": 2.99,
    "promoPrice": null,
    "pricePerUnit": "11.96 l",
    "image": "https://www.jumbo.com/dam-images/fit-in/360x360/Products/30032025_1743299848602_1743299854378_567948_FLS_05410036314722_C1N1.png",
    "available": true,
    "promoUntil": null
  },
  {
    "id": "30962PAK",
    "title": "Jumbo Chocolettes Puur 300 g",
    "category": "Koek, snoep, chocolade en chips",
    "price": 1.33,
    "promoPrice": null,
    "pricePerUnit": "4.43 kg",
    "image": "https://www.jumbo.com/dam-images/fit-in/360x360/Products/11112024_1731324766053_1731324779145_8711715854667_596.png",
    "available": true,
    "promoUntil": null
  },
  {
    "id": "665485TUB",
    "title": "Prodent Tandpasta Complete Bescherming 75 ml",
    "category": "Drogisterij en baby",
    "price": 3.59,
    "promoPrice": null,
    "pricePerUnit": "47.87 l",
    "image": "https://www.jumbo.com/dam-images/fit-in/360x360/Products/19092025_1758249153900_1758249177253_665485_TUB_08720181501111_C1N1.png",
    "available": true,
    "promoUntil": null
  },
  {
    "id": "408229PAK",
    "title": "Gourmet Perle Mini Filets Kattenvoer nat met Kalkoen, Eend, Tonijn en Lam",
    "category": "Huishouden en dieren",
    "price": 8.7,
    "promoPrice": null,
    "pricePerUnit": "8.53 kg",
    "image": "https://www.jumbo.com/dam-images/fit-in/360x360/Products/23092025_1758590326438_1758590351616_408229_PAK_05000161032457_C1N1_s05.png",
    "available": true,
    "promoUntil": null
  },
  {
    "id": "536544PAK",
    "title": "Leffe - Bruin Belgisch Abdijbier - Blik - 6 x 330ML",
    "category": "Bier en wijn",
    "price": 8.89,
    "promoPrice": 6.66,
    "pricePerUnit": "3.36 l",
    "image": "https://www.jumbo.com/dam-images/fit-in/360x360/Products/200605PAK-1692362648828.png",
    "available": true,
    "promoUntil": "di 30 sep"
  },
  {
    "id": "523584DSL",
    "title": "Gourmet Gold Cassolettes Kattenvoer nat met Rund en Kip 24 x 85g",
    "category": "Huishouden en dieren",
    "price": 18.0,
    "promoPrice": null,
    "pricePerUnit": "8.82 kg",
    "image": "https://www.jumbo.com/dam-images/fit-in/360x360/Products/7613032374198laatstegourmetkattenvoer44781c9c-f0f8-4bf2-b175-636bb28f60b3-1703666494188.png",
    "available": true,
    "promoUntil": null
  },
  {
    "id": "540431PAK",
    "title": "Whiskas 1+ Kattenvoer - Vis selectie in gelei - maaltijdzakjes 12x85g",
    "category": "Huishouden en dieren",
    "price": 5.91,
    "promoPrice": null,
    "pricePerUnit": "0.49 pieces",
    "image": "https://www.jumbo.com/dam-images/fit-in/360x360/Products/08082024_1723120458519_1723120477477_3065890153585_596.png",
    "available": true,
    "promoUntil": null
  },
  {
    "id": "198231ZK",
    "title": "Aviko Aardappelkroketjes Mini",
    "category": "Diepvries",
    "price": 2.96,
    "promoPrice": null,
    "pricePerUnit": "4.93 kg",
    "image": "https://www.jumbo.com/dam-images/fit-in/360x360/Products/15102024_1728999188721_1728999202924_8710449937400_1.png",
    "available": true,
    "promoUntil": null
  },
  {
    "id": "682501PAK",
    "title": "Always Ultra Dag Maandverbanden Long (Maat 2)",
    "category": "Drogisterij en baby",
    "price": 6.49,
    "promoPrice": null,
    "pricePerUnit": "0.25 pieces",
    "image": "https://www.jumbo.com/dam-images/fit-in/360x360/Products/15082025_1755216057115_1755216060393_8006540822494_1.png",
    "available": true,
    "promoUntil": null
  },
  {
    "id": "81309ZK",
    "title": "Conimex Noodles Wok 248 g",
    "category": "Wereldkeukens, kruiden, pasta en rijst",
    "price": 1.87,
    "promoPrice": null,
    "pricePerUnit": "7.54 kg",
    "image": "https://www.jumbo.com/dam-images/fit-in/360x360/Products/29082025_1756431308655_1756431335831_81309_ZK_08712566488407_H1N1.png",
    "available": true,
    "promoUntil": null
  },
  {
    "id": "432220FLS",
    "title": "Jumbo Helder Licht Bruisend Mineraalwater Perzik Smaak 500ML",
    "category": "Frisdrank en sappen",
    "price": 0.59,
    "promoPrice": null,
    "pricePerUnit": "1.18 l",
    "image": "https://www.jumbo.com/dam-images/fit-in/360x360/Products/28022025_1740753169256_1740753181228_8718452640430_596.png",
    "available": true,
    "promoUntil": null
  },
  {
    "id": "572636ZK",
    "title": "Jumbo Rood Fruit Notenmix Ongezouten 200 g",
    "category": "Koek, snoep, chocolade en chips",
    "price": 3.29,
    "promoPrice": null,
    "pricePerUnit": "16.45 kg",
    "image": "https://www.jumbo.com/dam-images/fit-in/360x360/Products/14022024_1707872954089_1707872957989_8718452724857_1.png",
    "available": true,
    "promoUntil": null
  },
  {
    "id": "566080DS",
    "title": "Honig Basis voor Prei Ovenschotel 37 g",
    "category": "Wereldkeukens, kruiden, pasta en rijst",
    "price": 1.99,
    "promoPrice": null,
    "pricePerUnit": "53.78 kg",
    "image": "https://www.jumbo.com/dam-images/fit-in/360x360/Products/08072025_1751938605891_1751938610217_566080_DS_08714700170889_C1N1.png",
    "available": true,
    "promoUntil": null
  },
  {
    "id": "578305FLS",
    "title": "Montaignan - Merlot - 375ML",
    "category": "Bier en wijn",
    "price": 3.99,
    "promoPrice": null,
    "pricePerUnit": "10.64 l",
    "image": "https://www.jumbo.com/dam-images/fit-in/360x360/Products/07112023_1699353426230_1699353428603_3700619349763_1.png",
    "available": true,
    "promoUntil": null
  },
  {
    "id": "634676DS",
    "title": "Jupiler - Pils - Blik - 6 x 440ML",
    "category": "Bier en wijn",
    "price": 9.49,
    "promoPrice": null,
    "pricePerUnit": "3.59 l",
    "image": "https://www.jumbo.com/dam-images/fit-in/360x360/Products/536527_5410228300557_1_T1_137599PAK1691076374333.png",
    "available": true,
    "promoUntil": null
  },
  {
    "id": "617502BAK",
    "title": "Kips Mini Kipdijspiesjes 160g",
    "category": "Vleeswaren, kaas en tapas",
    "price": 3.75,
    "promoPrice": null,
    "pricePerUnit": "23.44 kg",
    "image": "https://www.jumbo.com/dam-images/fit-in/360x360/Products/26052025_1748221814930_1748221830194_617502_BAK_08710991000683_C1N1.png",
    "available": true,
    "promoUntil": null
  },
  {
    "id": "412077PAK",
    "title": "Westmalle - Trappist Dubbel - Fles - 4 x 330ML",
    "category": "Bier en wijn",
    "price": 7.75,
    "promoPrice": null,
    "pricePerUnit": "5.87 l",
    "image": "https://www.jumbo.com/dam-images/fit-in/360x360/Products/09082023_1691588005415_1691588036807_5412343000220_1.png",
    "available": true,
    "promoUntil": null
  },
  {
    "id": "621933DS",
    "title": "Jumbo Durum Couscous 400 g",
    "category": "Wereldkeukens, kruiden, pasta en rijst",
    "price": 1.28,
    "promoPrice": null,
    "pricePerUnit": "3.2 kg",
    "image": "https://www.jumbo.com/dam-images/fit-in/360x360/Products/14082024_1723646010024_1723646016450_8718452824311_1.png",
    "available": true,
    "promoUntil": null
  },
  {
    "id": "295213PAK",
    "title": "Jumbo Lekker Vrij van Gluten Stroop Wafels 240 g",
    "category": "Koek, snoep, chocolade en chips",
    "price": 3.89,
    "promoPrice": null,
    "pricePerUnit": "16.21 kg",
    "image": "https://www.jumbo.com/dam-images/fit-in/360x360/Products/20092024_1726860799702_1726860804578_8718452410033_1.png",
    "available": true,
    "promoUntil": null
  },
  {
    "id": "451395PAK",
    "title": "Tony's Chocolonely Melk Karamel Biscuit Chocolade Reep 180 g",
    "category": "Koek, snoep, chocolade en chips",
    "price": 4.25,
    "promoPrice": null,
    "pricePerUnit": "23.61 kg",
    "image": "https://www.jumbo.com/dam-images/fit-in/360x360/Products/05092025_1757035964074_1757035970754_451395_PAK_08719956496745_C1N1.png",
    "available": true,
    "promoUntil": null
  },
  {
    "id": "560282POT",
    "title": "Jumbo Oregano 36 g",
    "category": "Wereldkeukens, kruiden, pasta en rijst",
    "price": 5.24,
    "promoPrice": null,
    "pricePerUnit": "145.56 kg",
    "image": "https://www.jumbo.com/dam-images/fit-in/360x360/Products/28122023_1703766904268_1703766913136_8718452740772_1.png",
    "available": true,
    "promoUntil": null
  },
  {
    "id": "639449ZK",
    "title": "Jumbo Melange Mesclun 100 g",
    "category": "Aardappelen, groente en fruit",
    "price": 2.69,
    "promoPrice": null,
    "pricePerUnit": "26.9 kg",
    "image": "https://www.jumbo.com/dam-images/fit-in/360x360/Products/01052025_1746102746454_1746102754335_8718452793457_1.png",
    "available": true,
    "promoUntil": null
  },
  {
    "id": "179649STK",
    "title": "Odorex Marine Fresh Deodorant Anti-Transpirant 50 ml",
    "category": "Drogisterij en baby",
    "price": 2.95,
    "promoPrice": null,
    "pricePerUnit": "59.0 l",
    "image": "https://www.jumbo.com/dam-images/fit-in/360x360/Products/179649_8710919103151_1_T1_179649STK1691310631268.png",
    "available": true,
    "promoUntil": null
  },
  {
    "id": "310812PAK",
    "title": "Mentos Drop Vegan 5-pack",
    "category": "Koek, snoep, chocolade en chips",
    "price": 2.76,
    "promoPrice": null,
    "pricePerUnit": "14.68 kg",
    "image": "https://www.jumbo.com/dam-images/fit-in/360x360/Products/07072025_1751902634412_1751902637988_8723400786542_1.png",
    "available": true,
    "promoUntil": null
  },
  {
    "id": "305924STK",
    "title": "Jumbo - Witte Bollen Vezelrijk - 6 Stuks",
    "category": "Brood en gebak",
    "price": 2.39,
    "promoPrice": null,
    "pricePerUnit": "0.4 pieces",
    "image": "https://www.jumbo.com/dam-images/fit-in/360x360/Products/09082023_1691587085580_1691587089551_8718452356850_1.png",
    "available": true,
    "promoUntil": null
  },
  {
    "id": "625104PAK",
    "title": "DubbelFrisss Boost Bosvruchten - Appel 6-pack 0,2L",
    "category": "Frisdrank en sappen",
    "price": 2.55,
    "promoPrice": null,
    "pricePerUnit": "2.12 l",
    "image": "https://www.jumbo.com/dam-images/fit-in/360x360/Products/26052025_1748277173224_1748277202450_8720157402305_1.png",
    "available": true,
    "promoUntil": null
  },
  {
    "id": "160897ZK",
    "title": "Milka MMMax Chocoladereep Oreo 300 g",
    "category": "Koek, snoep, chocolade en chips",
    "price": 4.84,
    "promoPrice": null,
    "pricePerUnit": "16.13 kg",
    "image": "https://www.jumbo.com/dam-images/fit-in/360x360/Products/02092025_1756816428308_1756816430822_7622210293381_1.png",
    "available": true,
    "promoUntil": null
  },
  {
    "id": "168900POT",
    "title": "Jumbo Kappertjes 100 g",
    "category": "Wereldkeukens, kruiden, pasta en rijst",
    "price": 0.74,
    "promoPrice": null,
    "pricePerUnit": "12.33 kg",
    "image": "https://www.jumbo.com/dam-images/fit-in/360x360/Products/18092023_1695032414014_1695032422265_8718452152971_1.png",
    "available": true,
    "promoUntil": null
  },
  {
    "id": "448471STK",
    "title": "Jumbo Biologische Bleekselderij 1 Stuk",
    "category": "Aardappelen, groente en fruit",
    "price": 1.79,
    "promoPrice": null,
    "pricePerUnit": "1.79 pieces",
    "image": "https://www.jumbo.com/dam-images/fit-in/360x360/Products/27092023_1695827287928_1695827293039_8718452671649_1.png",
    "available": true,
    "promoUntil": null
  },
  {
    "id": "555478DS",
    "title": "Montaignan - Chardonnay  - 2, 25L",
    "category": "Bier en wijn",
    "price": 16.49,
    "promoPrice": null,
    "pricePerUnit": "7.33 l",
    "image": "https://www.jumbo.com/dam-images/fit-in/360x360/Products/09082023_1691594352806_1691594361631_3700619346618_1.png",
    "available": true,
    "promoUntil": null
  },
  {
    "id": "133934FLS",
    "title": "Roosvicee Bosvruchtenmix siroop 500 ml",
    "category": "Frisdrank en sappen",
    "price": 2.84,
    "promoPrice": null,
    "pricePerUnit": "5.68 l",
    "image": "https://www.jumbo.com/dam-images/fit-in/360x360/Products/21082024_1724210081968_1724210086647_133934_FLS_08710395946488_H1N1.png",
    "available": true,
    "promoUntil": null
  },
  {
    "id": "216440STK",
    "title": "Tyrrell's Slow-Cooked Crisps Truffle & Sea Salt Seasoning 150 g",
    "category": "Koek, snoep, chocolade en chips",
    "price": 2.99,
    "promoPrice": null,
    "pricePerUnit": "19.93 kg",
    "image": "https://www.jumbo.com/dam-images/fit-in/360x360/Products/06052024_1714984389760_1714984394543_5056051802266_1.png",
    "available": true,
    "promoUntil": null
  },
  {
    "id": "669715FLS",
    "title": "Lenor Fresh Air Wasverzachter 36 Wasbeurten",
    "category": "Huishouden en dieren",
    "price": 8.19,
    "promoPrice": null,
    "pricePerUnit": "0.23 wb",
    "image": "https://www.jumbo.com/dam-images/fit-in/360x360/Products/05092025_1757040377579_1757040379714_669715_FLS_08700216625814_C1N1.png",
    "available": true,
    "promoUntil": null
  },
  {
    "id": "653218DS",
    "title": "Iglo Kapiteins Klassiekers Kibbeling 245 g",
    "category": "Diepvries",
    "price": 4.94,
    "promoPrice": null,
    "pricePerUnit": "20.16 kg",
    "image": "https://www.jumbo.com/dam-images/fit-in/360x360/Products/28032025_1743157993949_1743158004293_8720195572688_1.png",
    "available": true,
    "promoUntil": null
  },
  {
    "id": "163520FLS",
    "title": "Jumbo Douchegel Passion 500 ml",
    "category": "Drogisterij en baby",
    "price": 1.49,
    "promoPrice": null,
    "pricePerUnit": "2.98 l",
    "image": "https://www.jumbo.com/dam-images/fit-in/360x360/Products/10082023_1691674957558_1691675005627_8718452121649_1.png",
    "available": true,
    "promoUntil": null
  },
  {
    "id": "187110POT",
    "title": "Conimex Sambal Oelek 375 g",
    "category": "Wereldkeukens, kruiden, pasta en rijst",
    "price": 3.06,
    "promoPrice": null,
    "pricePerUnit": "8.16 kg",
    "image": "https://www.jumbo.com/dam-images/fit-in/360x360/Products/29032025_1743222489059_1743222522264_187110_POT_08714100736166_H1N1.png",
    "available": true,
    "promoUntil": null
  },
  {
    "id": "218878STK",
    "title": "Bolletje Pepsels Pinda 115 g",
    "category": "Koek, snoep, chocolade en chips",
    "price": 1.21,
    "promoPrice": null,
    "pricePerUnit": "10.52 kg",
    "image": "https://www.jumbo.com/dam-images/fit-in/360x360/Products/17052024_1715909585155_1715909603289_218878_STK_08710482533126_C1N1.png",
    "available": true,
    "promoUntil": null
  },
  {
    "id": "54702STK",
    "title": "Rexona Women Maximum Protection Anti-transpirant Stick Clean Scent 45 ml",
    "category": "Drogisterij en baby",
    "price": 9.99,
    "promoPrice": null,
    "pricePerUnit": "222.0 l",
    "image": "https://www.jumbo.com/dam-images/fit-in/360x360/Products/13092025_1757730397495_1757730428220_54702_STK_08718114202372_H1N1.png",
    "available": true,
    "promoUntil": null
  },
  {
    "id": "579674ROL",
    "title": "Jumbo Containerzakken 240 L 10 Stuks",
    "category": "Huishouden en dieren",
    "price": 1.63,
    "promoPrice": null,
    "pricePerUnit": "0.16 pieces",
    "image": "https://www.jumbo.com/dam-images/fit-in/360x360/Products/18022025_1739896392775_1739896401069_8718452758531_596.png",
    "available": true,
    "promoUntil": null
  },
  {
    "id": "608754KGR",
    "title": "Jumbo Goudse Kaas 48+ Komijn Jong Belegen ca. 200 g",
    "category": "Vleeswaren, kaas en tapas",
    "price": 3.6,
    "promoPrice": null,
    "pricePerUnit": "17.99 kg",
    "image": "https://www.jumbo.com/dam-images/fit-in/360x360/Products/12122024_1734014581891_1734014586180_2368943000000_1.png",
    "available": true,
    "promoUntil": null
  },
  {
    "id": "442218POT",
    "title": "Jumbo Fresh Mint Gum Suikervrij 70 Stuks 100 g",
    "category": "Koek, snoep, chocolade en chips",
    "price": 1.52,
    "promoPrice": null,
    "pricePerUnit": "15.2 kg",
    "image": "https://www.jumbo.com/dam-images/fit-in/360x360/Products/26042025_1745632822726_1745632826887_442218_POT_08718452534265_C1N1.png",
    "available": true,
    "promoUntil": null
  },
  {
    "id": "595284ZK",
    "title": "Jumbo Wattenschijfjes 140 Stuks",
    "category": "Drogisterij en baby",
    "price": 0.79,
    "promoPrice": null,
    "pricePerUnit": "0.01 pieces",
    "image": "https://www.jumbo.com/dam-images/fit-in/360x360/Products/12022024_1707726852447_1707726857559_8718452749508_1.png",
    "available": true,
    "promoUntil": null
  },
  {
    "id": "387102NET",
    "title": "Jumbo Biologische Knoflook 2 Stuks",
    "category": "Aardappelen, groente en fruit",
    "price": 1.39,
    "promoPrice": null,
    "pricePerUnit": "0.7 pieces",
    "image": "https://www.jumbo.com/dam-images/fit-in/360x360/Products/21112023_1700580788885_1700580794610_8718452513314_1.png",
    "available": true,
    "promoUntil": null
  },
  {
    "id": "224680PAK",
    "title": "Jumbo Βiologisch - Spelt Pistolet - 4 Stuks",
    "category": "Brood en gebak",
    "price": 1.99,
    "promoPrice": null,
    "pricePerUnit": "0.5 pieces",
    "image": "https://www.jumbo.com/dam-images/fit-in/360x360/Products/09092025_1757421312951_1757421321292_8718452637409_1.png",
    "available": true,
    "promoUntil": null
  },
  {
    "id": "303286BAK",
    "title": "Jumbo's Ricotta Citroen Girasoli 250 g",
    "category": "Wereldkeukens, kruiden, pasta en rijst",
    "price": 3.69,
    "promoPrice": null,
    "pricePerUnit": "14.76 kg",
    "image": "https://www.jumbo.com/dam-images/fit-in/360x360/Products/23092024_1727091277255_1727091282706_8718452832705_1.png",
    "available": true,
    "promoUntil": null
  },
  {
    "id": "269302FLS",
    "title": "Jumbo Huiswijn - Droog & Fris - Rosé - 250ML",
    "category": "Bier en wijn",
    "price": 2.29,
    "promoPrice": null,
    "pricePerUnit": "9.16 l",
    "image": "https://www.jumbo.com/dam-images/fit-in/360x360/Products/01092023_1693568046241_1693568048182_8718452381647_1.png",
    "available": true,
    "promoUntil": null
  },
  {
    "id": "471631ZK",
    "title": "FELIX® Party Mix Original met Kip-, Lever- & Kalkoensmaak - Kattensnacks - 200g",
    "category": "Huishouden en dieren",
    "price": 4.55,
    "promoPrice": null,
    "pricePerUnit": "22.75 kg",
    "image": "https://www.jumbo.com/dam-images/fit-in/360x360/Products/23092025_1758599638765_1758599688010_471631_ZK_07613287595348_C1N1_s02.png",
    "available": true,
    "promoUntil": null
  },
  {
    "id": "88074STK",
    "title": "Losecosan tabletten bij brandend maagzuur 20mg  MSR,  14 stuks",
    "category": "Drogisterij en baby",
    "price": 15.99,
    "promoPrice": null,
    "pricePerUnit": "1.14 pieces",
    "image": "https://www.jumbo.com/dam-images/fit-in/360x360/Products/30072025_1753833638844_1753833645306_8713091026737_1.png",
    "available": true,
    "promoUntil": null
  },
  {
    "id": "604897DS",
    "title": "Jumbo Slagroomschnitt 500 g",
    "category": "Diepvries",
    "price": 3.99,
    "promoPrice": null,
    "pricePerUnit": "7.98 kg",
    "image": "https://www.jumbo.com/dam-images/fit-in/360x360/Products/16042024_1713288317981_1713288335562_8718452818860_596.png",
    "available": true,
    "promoUntil": null
  },
  {
    "id": "230353STK",
    "title": "Hertog IJs IJssalon Vanille Roomijs 900ml",
    "category": "Diepvries",
    "price": 4.69,
    "promoPrice": null,
    "pricePerUnit": "5.21 l",
    "image": "https://www.jumbo.com/dam-images/fit-in/360x360/Products/03102024_1727920797038_1727920847503_230353_STK_08711327338326_H1N1.png",
    "available": true,
    "promoUntil": null
  },
  {
    "id": "554517ZK",
    "title": "Jumbo Drop Mix Zout 350 g",
    "category": "Koek, snoep, chocolade en chips",
    "price": 1.69,
    "promoPrice": null,
    "pricePerUnit": "4.83 kg",
    "image": "https://www.jumbo.com/dam-images/fit-in/360x360/Products/09082023_1691592909202_1691592992939_8718452689798_1.png",
    "available": true,
    "promoUntil": null
  },
  {
    "id": "608101TRA",
    "title": "Loempia Kip - Ham 2 Stuks 500 g",
    "category": "Diepvries",
    "price": 4.49,
    "promoPrice": null,
    "pricePerUnit": "8.98 kg",
    "image": "https://www.jumbo.com/dam-images/fit-in/360x360/Products/23042025_1745393585214_1745393591035_8716893024420_1.png",
    "available": true,
    "promoUntil": null
  },
  {
    "id": "632289ZK",
    "title": "Bolletje Stroopwafel Kruidnoten 220 g",
    "category": "Koek, snoep, chocolade en chips",
    "price": 1.99,
    "promoPrice": null,
    "pricePerUnit": "9.05 kg",
    "image": "https://www.jumbo.com/dam-images/fit-in/360x360/Products/05092025_1757057568007_1757057572654_8710482534642_1.png",
    "available": true,
    "promoUntil": null
  },
  {
    "id": "356487ZK",
    "title": "Lay's Bugles Naturel Zout Chips 125 g",
    "category": "Koek, snoep, chocolade en chips",
    "price": 2.29,
    "promoPrice": null,
    "pricePerUnit": "18.32 kg",
    "image": "https://www.jumbo.com/dam-images/fit-in/360x360/Products/03042025_1743676385761_1743676389673_8710398517845_1.png",
    "available": true,
    "promoUntil": null
  },
  {
    "id": "449014FLS",
    "title": "Neleman - Macabeo - Chardonnay - Biologisch - 750ML",
    "category": "Bier en wijn",
    "price": 6.49,
    "promoPrice": null,
    "pricePerUnit": "8.65 l",
    "image": "https://www.jumbo.com/dam-images/fit-in/360x360/Products/09082023_1691588637143_1691588804492_8720254239347_1.png",
    "available": true,
    "promoUntil": null
  },
  {
    "id": "158225DS",
    "title": "Toppits Diepvrieszakken 3 liter 30 stuks",
    "category": "Huishouden en dieren",
    "price": 2.19,
    "promoPrice": null,
    "pricePerUnit": "0.07 pieces",
    "image": "https://www.jumbo.com/dam-images/fit-in/360x360/Products/18062025_1750242845247_1750242851509_4008871208200_1.png",
    "available": true,
    "promoUntil": null
  },
  {
    "id": "576382STK",
    "title": "Jumbo - Witte Spelt Bollen - 4 Stuks",
    "category": "Brood en gebak",
    "price": 1.89,
    "promoPrice": null,
    "pricePerUnit": "7.27 kg",
    "image": "https://www.jumbo.com/dam-images/fit-in/360x360/Products/07052025_1746603227677_1746603232149_8718452891269_1.png",
    "available": true,
    "promoUntil": null
  },
  {
    "id": "370935ZK",
    "title": "Anta Verzorgende Keelpastilles Classic Suikervrij 120 g",
    "category": "Koek, snoep, chocolade en chips",
    "price": 2.47,
    "promoPrice": null,
    "pricePerUnit": "20.58 kg",
    "image": "https://www.jumbo.com/dam-images/fit-in/360x360/Products/26052025_1748222195755_1748222210040_370935_ZK_08721077490151_H1N1.png",
    "available": true,
    "promoUntil": null
  },
  {
    "id": "645642ZK",
    "title": "Jumbo Pico's Knapperig Naturel 200 g",
    "category": "Wereldkeukens, kruiden, pasta en rijst",
    "price": 1.44,
    "promoPrice": null,
    "pricePerUnit": "9.6 kg",
    "image": "https://www.jumbo.com/dam-images/fit-in/360x360/Products/05032025_1741145601670_1741145618543_645642_ZK_08718247440894_C1N1.png",
    "available": true,
    "promoUntil": null
  },
  {
    "id": "675586PAK",
    "title": "Sanpellegrino Limonade Aranciata Rossa Light 6 x 330 ml",
    "category": "Frisdrank en sappen",
    "price": 7.99,
    "promoPrice": null,
    "pricePerUnit": "4.04 l",
    "image": "https://www.jumbo.com/dam-images/fit-in/360x360/Products/12062025_1749753166395_1749753173920_8002270556920_1.png",
    "available": true,
    "promoUntil": null
  },
  {
    "id": "370932ZK",
    "title": "Anta Verzorgende Keelpastilles Drop Menthol 275 g",
    "category": "Koek, snoep, chocolade en chips",
    "price": 2.34,
    "promoPrice": null,
    "pricePerUnit": "8.51 kg",
    "image": "https://www.jumbo.com/dam-images/fit-in/360x360/Products/26052025_1748222166474_1748222180328_370932_ZK_08721077490168_H1N1.png",
    "available": true,
    "promoUntil": null
  },
  {
    "id": "613845FLS",
    "title": "Jumbo Geurbooster Bloemenveld 40 Wasbeurten",
    "category": "Huishouden en dieren",
    "price": 3.99,
    "promoPrice": null,
    "pricePerUnit": "4.99 l",
    "image": "https://www.jumbo.com/dam-images/fit-in/360x360/Products/07102024_1728304393842_1728304399341_8718452804566_1.png",
    "available": true,
    "promoUntil": null
  },
  {
    "id": "540376ZK",
    "title": "Purina® ONE Adult Rijk aan Rund kattenvoer 1,5 kg",
    "category": "Huishouden en dieren",
    "price": 12.99,
    "promoPrice": null,
    "pricePerUnit": "8.66 kg",
    "image": "https://www.jumbo.com/dam-images/fit-in/360x360/Products/09082025_1754701469803_1754701512655_540376_ZK_07613035610743_C1N1_s04.png",
    "available": true,
    "promoUntil": null
  },
  {
    "id": "284329STK",
    "title": "Vitakraft Beefstick Original Rund 4 Stuks 48 g",
    "category": "Huishouden en dieren",
    "price": 3.15,
    "promoPrice": null,
    "pricePerUnit": "65.62 kg",
    "image": "https://www.jumbo.com/dam-images/fit-in/360x360/Products/12042025_1744420157359_1744420162851_284329_STK_.png",
    "available": true,
    "promoUntil": null
  },
  {
    "id": "506765ZK",
    "title": "Page Kussenzacht Design Toiletpapier 4-rollen",
    "category": "Huishouden en dieren",
    "price": 2.99,
    "promoPrice": null,
    "pricePerUnit": "0.75 pieces",
    "image": "https://www.jumbo.com/dam-images/fit-in/360x360/Products/09092025_1757382315867_1757382323420_506765_ZK_05029053581941_C1N1.png",
    "available": true,
    "promoUntil": null
  },
  {
    "id": "613513CUP",
    "title": "Magnum Pint IJs Double Salted Caramel 440 ml",
    "category": "Diepvries",
    "price": 6.89,
    "promoPrice": null,
    "pricePerUnit": "15.66 l",
    "image": "https://www.jumbo.com/dam-images/fit-in/360x360/Products/01092025_1756722868911_1756722873399_8711327617353_1.png",
    "available": true,
    "promoUntil": null
  },
  {
    "id": "426883DS",
    "title": "Jumbo Karamel Biscuit 6 Stuks",
    "category": "Koek, snoep, chocolade en chips",
    "price": 2.19,
    "promoPrice": null,
    "pricePerUnit": "14.6 kg",
    "image": "https://www.jumbo.com/dam-images/fit-in/360x360/Products/29092023_1695995409916_1695995416937_8718452632176_1.png",
    "available": true,
    "promoUntil": null
  },
  {
    "id": "455039ZK",
    "title": "Tony's Chocolonely Tiny's chocolade mix 135 g",
    "category": "Koek, snoep, chocolade en chips",
    "price": 4.74,
    "promoPrice": null,
    "pricePerUnit": "35.11 kg",
    "image": "https://www.jumbo.com/dam-images/fit-in/360x360/Products/25062024_1719284886273_1719284890292_455039_ZK_08719956497032_C1N1.png",
    "available": true,
    "promoUntil": null
  },
  {
    "id": "481619ZK",
    "title": "Jumbo Fijne Salami Droge Worst 250 g",
    "category": "Vleeswaren, kaas en tapas",
    "price": 2.43,
    "promoPrice": null,
    "pricePerUnit": "9.72 kg",
    "image": "https://www.jumbo.com/dam-images/fit-in/360x360/Products/10082023_1691676435435_1691676437088_8718452606795_1.png",
    "available": true,
    "promoUntil": null
  },
  {
    "id": "554535TUB",
    "title": "Nutella Biscuits 12 Stuks 166 g",
    "category": "Koek, snoep, chocolade en chips",
    "price": 3.0,
    "promoPrice": null,
    "pricePerUnit": "18.07 kg",
    "image": "https://www.jumbo.com/dam-images/fit-in/360x360/Products/28112023_1701140989667_1701140992358_554535_TUB_.png",
    "available": true,
    "promoUntil": null
  },
  {
    "id": "655336BLS",
    "title": "Ambi Pur 3Volution Luchtverfrisser Navulling",
    "category": "Huishouden en dieren",
    "price": 6.19,
    "promoPrice": null,
    "pricePerUnit": "309.5 l",
    "image": "https://www.jumbo.com/dam-images/fit-in/360x360/Products/25082025_1756118062191_1756118068048_8700216505321_1.png",
    "available": true,
    "promoUntil": null
  },
  {
    "id": "608668STK",
    "title": "Kroon Boerenleverworst 250 g",
    "category": "Vleeswaren, kaas en tapas",
    "price": 2.99,
    "promoPrice": null,
    "pricePerUnit": "11.96 kg",
    "image": "https://www.jumbo.com/dam-images/fit-in/360x360/Products/15082025_1755243195643_1755243200697_8710889042702_1.png",
    "available": true,
    "promoUntil": null
  },
  {
    "id": "688647FLS",
    "title": "Robijn Wasverzachter Passiebloem 780ML",
    "category": "Huishouden en dieren",
    "price": 6.79,
    "promoPrice": null,
    "pricePerUnit": "0.17 wb",
    "image": "https://www.jumbo.com/dam-images/fit-in/360x360/Products/24092025_1758676873543_1758676890608_688647_FLS_08720181633058_H1N1.png",
    "available": true,
    "promoUntil": null
  },
  {
    "id": "423754ZK",
    "title": "Tyrrells Slow-Cooked Crisps Simply Sea Salted 150 g",
    "category": "Koek, snoep, chocolade en chips",
    "price": 2.99,
    "promoPrice": null,
    "pricePerUnit": "19.93 kg",
    "image": "https://www.jumbo.com/dam-images/fit-in/360x360/Products/06052024_1714984389819_1714984394910_5060042641000_1.png",
    "available": true,
    "promoUntil": null
  },
  {
    "id": "648016FLS",
    "title": "Mutti Tomatensaus Passata Biologisch 560g",
    "category": "Wereldkeukens, kruiden, pasta en rijst",
    "price": 3.36,
    "promoPrice": null,
    "pricePerUnit": "6.0 kg",
    "image": "https://www.jumbo.com/dam-images/fit-in/360x360/Products/28082024_1724855125064_1724855133255_648016_FLS_08005110171710_C1N1.png",
    "available": true,
    "promoUntil": null
  },
  {
    "id": "701842KGR",
    "title": "Jumbo Pain Provence ca. 115g",
    "category": "Vleeswaren, kaas en tapas",
    "price": 2.0,
    "promoPrice": null,
    "pricePerUnit": "17.39 kg",
    "image": "https://www.jumbo.com/dam-images/fit-in/360x360/Products/16062025_1750080805560_1750080811979_2336001000000_1.png",
    "available": true,
    "promoUntil": null
  },
  {
    "id": "484439CUP",
    "title": "Jumbo Garnalen Knoflook 80 g",
    "category": "Vleeswaren, kaas en tapas",
    "price": 2.59,
    "promoPrice": null,
    "pricePerUnit": "32.38 kg",
    "image": "https://www.jumbo.com/dam-images/fit-in/360x360/Products/14022024_1707873741809_1707873754535_8718452749645_1.png",
    "available": true,
    "promoUntil": null
  },
  {
    "id": "538531PAK",
    "title": "Liefmans - Fruitesse - Blik - 4 x 250ML",
    "category": "Bier en wijn",
    "price": 6.99,
    "promoPrice": null,
    "pricePerUnit": "6.99 l",
    "image": "https://www.jumbo.com/dam-images/fit-in/360x360/Products/224338PAK-1692362505179.png",
    "available": true,
    "promoUntil": null
  },
  {
    "id": "686245STK",
    "title": "Swirl Vuilniszakken met Fixeerband 35 liter 10 stuks",
    "category": "Huishouden en dieren",
    "price": 3.65,
    "promoPrice": null,
    "pricePerUnit": "0.37 pieces",
    "image": "https://www.jumbo.com/dam-images/fit-in/360x360/Products/10072025_1752147205111_1752147210767_4008871215871_1.png",
    "available": true,
    "promoUntil": null
  },
  {
    "id": "484002DS",
    "title": "Jumbo Paracetamol 500mg 20tabl",
    "category": "Drogisterij en baby",
    "price": 0.69,
    "promoPrice": null,
    "pricePerUnit": "0.03 pieces",
    "image": "https://www.jumbo.com/dam-images/fit-in/360x360/Products/24092025_1758672092256_1758672095860_8718452533572_1.png",
    "available": true,
    "promoUntil": null
  },
  {
    "id": "208897DS",
    "title": "LiGA Evergreen Crunchy Koekjes Muesli-Chocolade 6 x 2 Stuks 225g",
    "category": "Koek, snoep, chocolade en chips",
    "price": 3.19,
    "promoPrice": null,
    "pricePerUnit": "14.18 kg",
    "image": "https://www.jumbo.com/dam-images/fit-in/360x360/Products/05082025_1754408013523_1754408018224_7622210897565_1.png",
    "available": true,
    "promoUntil": null
  },
  {
    "id": "667171DS",
    "title": "Orangina et sa Pulpe! 6 x 330 ml",
    "category": "Frisdrank en sappen",
    "price": 6.9,
    "promoPrice": null,
    "pricePerUnit": "3.48 l",
    "image": "https://www.jumbo.com/dam-images/fit-in/360x360/Products/14022025_1739539158857_1739539163735_3124480200488_1.png",
    "available": true,
    "promoUntil": null
  },
  {
    "id": "512170DS",
    "title": "Knorr Wereldgerechten Foodtrips Poké Bowl 216 g",
    "category": "Wereldkeukens, kruiden, pasta en rijst",
    "price": 4.69,
    "promoPrice": null,
    "pricePerUnit": "21.71 kg",
    "image": "https://www.jumbo.com/dam-images/fit-in/360x360/Products/19092025_1758288803069_1758288812445_8720182264909_1.png",
    "available": true,
    "promoUntil": null
  },
  {
    "id": "639378PAK",
    "title": "Jumbo Vloerdoeken 20 Stuks",
    "category": "Huishouden en dieren",
    "price": 2.92,
    "promoPrice": null,
    "pricePerUnit": "0.15 pieces",
    "image": "https://www.jumbo.com/dam-images/fit-in/360x360/Products/01082024_1722504869717_1722504888799_8718452825561_596.png",
    "available": true,
    "promoUntil": null
  },
  {
    "id": "961345STK",
    "title": "Milka Mmmax Chocoladereep Choco- Swing Biscuit 300 g",
    "category": "Koek, snoep, chocolade en chips",
    "price": 4.6,
    "promoPrice": null,
    "pricePerUnit": "15.33 kg",
    "image": "https://www.jumbo.com/dam-images/fit-in/360x360/Products/12092025_1757640747018_1757640749894_961345_STK_09012200872739_H1N1_s02.png",
    "available": true,
    "promoUntil": null
  },
  {
    "id": "153535TUB",
    "title": "Danish Chef Cheese Spread Gekruid 85 g",
    "category": "Vleeswaren, kaas en tapas",
    "price": 1.75,
    "promoPrice": null,
    "pricePerUnit": "20.59 kg",
    "image": "https://www.jumbo.com/dam-images/fit-in/360x360/Products/04062025_1749044026347_1749044029544_8710597060043_1.png",
    "available": true,
    "promoUntil": null
  },
  {
    "id": "644696DS",
    "title": "Mousline Aardappelpuree à la Minute Crème Fraiche 2 x 93 g",
    "category": "Wereldkeukens, kruiden, pasta en rijst",
    "price": 2.39,
    "promoPrice": null,
    "pricePerUnit": "12.85 kg",
    "image": "https://www.jumbo.com/dam-images/fit-in/360x360/Products/07082024_1723041623587_1723041630264_644696_DS_03760381261748_C1N1.png",
    "available": true,
    "promoUntil": null
  },
  {
    "id": "630488FLS",
    "title": "Jumbo Sesamolie 250ml",
    "category": "",
    "price": 3.36,
    "promoPrice": null,
    "pricePerUnit": "13.44 l",
    "image": "https://www.jumbo.com/dam-images/fit-in/360x360/Products/10444980T1c31a9b00-9a32-4170-af0e-6faae650025f-1723797344099.png",
    "available": true,
    "promoUntil": null
  },
  {
    "id": "617677ZK",
    "title": "Schär Meesterbaker Mehrkorn Glutenvrij 300 g",
    "category": "Brood en gebak",
    "price": 3.09,
    "promoPrice": null,
    "pricePerUnit": "10.3 kg",
    "image": "https://www.jumbo.com/dam-images/fit-in/360x360/Products/31072025_1753947238793_1753947241880_8008698007389_1.png",
    "available": true,
    "promoUntil": null
  },
  {
    "id": "608901ZK",
    "title": "Grand'Italia Penne Tricolore 500g",
    "category": "Wereldkeukens, kruiden, pasta en rijst",
    "price": 2.47,
    "promoPrice": null,
    "pricePerUnit": "4.94 kg",
    "image": "https://www.jumbo.com/dam-images/fit-in/360x360/Products/26092024_1727313377619_1727313390856_608901_ZK_08000050028551_H1N1.png",
    "available": true,
    "promoUntil": null
  },
  {
    "id": "652254PAK",
    "title": "Jumbo Aardappel Wafels 600 g",
    "category": "Diepvries",
    "price": 1.85,
    "promoPrice": null,
    "pricePerUnit": "3.08 kg",
    "image": "https://www.jumbo.com/dam-images/fit-in/360x360/Products/12122024_1734014504589_1734014515709_8718452509836_1.png",
    "available": true,
    "promoUntil": null
  },
  {
    "id": "566078DS",
    "title": "Honig Basis voor Bloemkool Ovenschotel 36 g",
    "category": "Wereldkeukens, kruiden, pasta en rijst",
    "price": 1.99,
    "promoPrice": null,
    "pricePerUnit": "55.28 kg",
    "image": "https://www.jumbo.com/dam-images/fit-in/360x360/Products/05072025_1751679196419_1751679205792_566078_DS_08714700170902_H1N1.png",
    "available": true,
    "promoUntil": null
  },
  {
    "id": "573236DS",
    "title": "Jumbo Hersluitbare Zakken 3 L 30 Stuks",
    "category": "Huishouden en dieren",
    "price": 1.97,
    "promoPrice": null,
    "pricePerUnit": "0.07 pieces",
    "image": "https://www.jumbo.com/dam-images/fit-in/360x360/Products/09082023_1691595046118_1691595049357_8718452726578_1.png",
    "available": true,
    "promoUntil": null
  },
  {
    "id": "688648FLS",
    "title": "Robijn Wasverzachter Morgenfris 1100ML",
    "category": "Huishouden en dieren",
    "price": 8.69,
    "promoPrice": null,
    "pricePerUnit": "0.16 wb",
    "image": "https://www.jumbo.com/dam-images/fit-in/360x360/Products/26032025_1742992114528_1742992149835_688648_FLS_08720181633089_C1N1.png",
    "available": true,
    "promoUntil": null
  },
  {
    "id": "185967STK",
    "title": "Mora Kip & Ham Loempia 175 g",
    "category": "Diepvries",
    "price": 1.65,
    "promoPrice": null,
    "pricePerUnit": "9.43 kg",
    "image": "https://www.jumbo.com/dam-images/fit-in/360x360/Products/09082023_1691588795603_1691588800141_8710861997433_1.png",
    "available": true,
    "promoUntil": null
  },
  {
    "id": "448199TRA",
    "title": "Jumbo Lasagne Spinazie met Ricotta 400 g",
    "category": "Verse maaltijden en gemak",
    "price": 3.99,
    "promoPrice": null,
    "pricePerUnit": "9.98 kg",
    "image": "https://www.jumbo.com/dam-images/fit-in/360x360/Products/04022025_1738665167064_1738665174876_8718452873616_1.png",
    "available": true,
    "promoUntil": null
  },
  {
    "id": "691841TUB",
    "title": "Prodent Tandpasta Fresh Gel 75 ml",
    "category": "Drogisterij en baby",
    "price": 2.65,
    "promoPrice": null,
    "pricePerUnit": "35.33 l",
    "image": "https://www.jumbo.com/dam-images/fit-in/360x360/Products/29042025_1745929986626_1745929989439_8720181604362_1.png",
    "available": true,
    "promoUntil": null
  },
  {
    "id": "608753STK",
    "title": "Wapenaer Goudse Kaas Roem Oud 50+ Plakken 200 g",
    "category": "Vleeswaren, kaas en tapas",
    "price": 4.8,
    "promoPrice": null,
    "pricePerUnit": "24.0 kg",
    "image": "https://www.jumbo.com/dam-images/fit-in/360x360/Products/26032025_1742981586320_1742981592755_8718452709649_1.png",
    "available": true,
    "promoUntil": null
  },
  {
    "id": "578574TUB",
    "title": "Karaat Rundvlees Slaatje 150 g",
    "category": "Verse maaltijden en gemak",
    "price": 0.59,
    "promoPrice": null,
    "pricePerUnit": "3.93 kg",
    "image": "https://www.jumbo.com/dam-images/fit-in/360x360/Products/11082023_1691746384412_1691746391641_8710948601178_1.png",
    "available": true,
    "promoUntil": null
  },
  {
    "id": "160376PAK",
    "title": "Twix Witte chocolade caramel koek repen 5x2-pack",
    "category": "Koek, snoep, chocolade en chips",
    "price": 3.99,
    "promoPrice": null,
    "pricePerUnit": "17.35 kg",
    "image": "https://www.jumbo.com/dam-images/fit-in/360x360/Products/15052025_1747330434738_1747330475086_5000159557344_596.png",
    "available": true,
    "promoUntil": null
  },
  {
    "id": "566079DS",
    "title": "Honig Basis voor Witlof Ovenschotel Ham & Kaas 36 g",
    "category": "Wereldkeukens, kruiden, pasta en rijst",
    "price": 1.99,
    "promoPrice": null,
    "pricePerUnit": "55.28 kg",
    "image": "https://www.jumbo.com/dam-images/fit-in/360x360/Products/26042025_1745631121685_1745631130618_566079_DS_08714700170872_H1N1.png",
    "available": true,
    "promoUntil": null
  },
  {
    "id": "703162BLS",
    "title": "LVQR Cheez Dippers Licht Volkoren 140G",
    "category": "Vleeswaren, kaas en tapas",
    "price": 3.19,
    "promoPrice": null,
    "pricePerUnit": "22.79 kg",
    "image": "https://www.jumbo.com/dam-images/fit-in/360x360/Products/05062025_1749148348978_1749148355185_3073781215076_1.png",
    "available": true,
    "promoUntil": null
  },
  {
    "id": "680077FLS",
    "title": "Head & Shoulders Jeukende Hoofdhuid Anti-Roos Shampoo 300 ml",
    "category": "Drogisterij en baby",
    "price": 7.69,
    "promoPrice": null,
    "pricePerUnit": "25.63 l",
    "image": "https://www.jumbo.com/dam-images/fit-in/360x360/Products/24092025_1758672133935_1758672137682_8700216318358_1.png",
    "available": true,
    "promoUntil": null
  },
  {
    "id": "302261STK",
    "title": "Jumbo Radijs",
    "category": "Aardappelen, groente en fruit",
    "price": 1.19,
    "promoPrice": null,
    "pricePerUnit": "1.19 pieces",
    "image": "https://www.jumbo.com/dam-images/fit-in/360x360/Products/29092023_1695994884104_1695994892466_8711715872067_1.png",
    "available": true,
    "promoUntil": null
  },
  {
    "id": "608110DS",
    "title": "Jumbo Roomijs Wafels 4 Stuks",
    "category": "Diepvries",
    "price": 2.99,
    "promoPrice": null,
    "pricePerUnit": "6.8 l",
    "image": "https://www.jumbo.com/dam-images/fit-in/360x360/Products/11042024_1712853188815_1712853209903_8718452799558_596.png",
    "available": true,
    "promoUntil": null
  }
]