[
  {
    "id": "483730ZK",
    "title": "Jumbo Zonnebloempitten Biologisch 500 g",
    "category": "Ontbijt, broodbeleg en bakproducten",
    "price": 3.99,
    "promoPrice": null,
    "pricePerUnit": "7.98 kg",
    "image": "https://www.jumbo.com/dam-images/fit-in/360x360/Products/10082023_1691676436320_1691676446506_8718452617760_1.png",
    "available": false,
    "promoUntil": null
  },
  {
    "id": "13503FLS",
    "title": "Hela Mosterd-Dille Dressing 250 ml",
    "category": "Conserven, soepen, sauzen, oliën",
    "price": 2.5,
    "promoPrice": null,
    "pricePerUnit": "10.0 l",
    "image": "https://www.jumbo.com/dam-images/fit-in/360x360/Products/13022024_1707792583545_1707792591578_13503_FLS_08713883200031_H1N1.png",
    "available": false,
    "promoUntil": null
  },
  {
    "id": "237675STK",
    "title": "Jumbo Krachtige Kippensoep 3 Zakjes 36,9 g",
    "category": "Conserven, soepen, sauzen, oliën",
    "price": 0.58,
    "promoPrice": null,
    "pricePerUnit": "16.11 kg",
    "image": "https://www.jumbo.com/dam-images/fit-in/360x360/Products/04072025_1751617974848_1751617982834_8718452144990_1.png",
    "available": false,
    "promoUntil": null
  },
  {
    "id": "433343BAK",
    "title": "Jumbo Pikante Satésaus 500 g",
    "category": "Conserven, soepen, sauzen, oliën",
    "price": 1.85,
    "promoPrice": null,
    "pricePerUnit": "3.7 l",
    "image": "https://www.jumbo.com/dam-images/fit-in/360x360/Products/04072025_1751632364116_1751632378020_8718452896394_596.png",
    "available": false,
    "promoUntil": null
  },
  {
    "id": "643837BLK",
    "title": "Jumbo Ananasschijven Op Sap 227 g",
    "category": "Conserven, soepen, sauzen, oliën",
    "price": 1.24,
    "promoPrice": null,
    "pricePerUnit": "8.86 kg",
    "image": "https://www.jumbo.com/dam-images/fit-in/360x360/Products/26082024_1724679254583_1724679269018_8718452839469_596.png",
    "available": false,
    "promoUntil": null
  },
  {
    "id": "269489DSL",
    "title": "Jumbo Huiswijn - Chardonnay 6 x 1 L",
    "category": "Bier en wijn",
    "price": 28.14,
    "promoPrice": null,
    "pricePerUnit": "4.69 l",
    "image": "https://www.jumbo.com/dam-images/fit-in/360x360/Products/269489DSL-1692278839515.png",
    "available": false,
    "promoUntil": null
  },
  {
    "id": "690244FLS",
    "title": "Robijn Klein & Krachtig Wasmiddel Wit 665ML",
    "category": "Huishouden en dieren",
    "price": 17.99,
    "promoPrice": null,
    "pricePerUnit": "0.95 wb",
    "image": "https://www.jumbo.com/dam-images/fit-in/360x360/Products/05072025_1751682980405_1751683018449_690244_FLS_08720181676871_C1N1.png",
    "available": false,
    "promoUntil": null
  },
  {
    "id": "592509STK",
    "title": "Jumbo Afwasborstel met Haakje",
    "category": "Huishouden en dieren",
    "price": 0.99,
    "promoPrice": null,
    "pricePerUnit": "0.99 pieces",
    "image": "https://www.jumbo.com/dam-images/fit-in/360x360/Products/26092024_1727357681799_1727357684217_8718452772513_1.png",
    "available": false,
    "promoUntil": null
  },
  {
    "id": "202032PAK",
    "title": "Jumbo Pizza Tonijn 355 g",
    "category": "Diepvries",
    "price": 2.49,
    "promoPrice": null,
    "pricePerUnit": "7.01 kg",
    "image": "https://www.jumbo.com/dam-images/fit-in/360x360/Products/14022024_1707873087928_1707873104020_8718452660131_1.png",
    "available": false,
    "promoUntil": null
  },
  {
    "id": "269489FLS",
    "title": "Jumbo Huiswijn - Chardonnay - 1L",
    "category": "Bier en wijn",
    "price": 4.69,
    "promoPrice": null,
    "pricePerUnit": "4.69 l",
    "image": "https://www.jumbo.com/dam-images/fit-in/360x360/Products/18092023_1695043370542_1695043374601_8718452380619_1.png",
    "available": false,
    "promoUntil": null
  },
  {
    "id": "642407DS",
    "title": "Jumbo Classic Vaatwastabletten 60 x 10 g",
    "category": "Huishouden en dieren",
    "price": 3.74,
    "promoPrice": null,
    "pricePerUnit": "0.06 pieces",
    "image": "https://www.jumbo.com/dam-images/fit-in/360x360/Products/26082024_1724686517679_1724686538546_8718452843213_596.png",
    "available": false,
    "promoUntil": null
  },
  {
    "id": "70942PAK",
    "title": "Smint XL Peppermint Suikervrij Duopack 2 x 50 stuks ",
    "category": "Koek, snoep, chocolade en chips",
    "price": 4.59,
    "promoPrice": null,
    "pricePerUnit": "65.57 kg",
    "image": "https://www.jumbo.com/dam-images/fit-in/360x360/Products/07072025_1751902633259_1751902637049_8723400806172_1.png",
    "available": false,
    "promoUntil": null
  },
  {
    "id": "414772KGR",
    "title": "Jumbo Ierse Rosbief ca. 100 g",
    "category": "Vleeswaren, kaas en tapas",
    "price": 3.5,
    "promoPrice": null,
    "pricePerUnit": "34.99 kg",
    "image": "https://www.jumbo.com/dam-images/fit-in/360x360/Products/2333577000000rosbief732c56a9-adbe-4df7-821c-756d74e3b35b-1731498637242.png",
    "available": false,
    "promoUntil": null
  },
  {
    "id": "597200ZK",
    "title": "Jumbo Rozijnen Cakejes 210 g",
    "category": "Koek, snoep, chocolade en chips",
    "price": 1.76,
    "promoPrice": null,
    "pricePerUnit": "8.38 kg",
    "image": "https://www.jumbo.com/dam-images/fit-in/360x360/Products/19022025_1739968367582_1739968374463_8718452863105_1.png",
    "available": false,
    "promoUntil": null
  },
  {
    "id": "93558ZK",
    "title": "Jumbo Volkoren Macaroni 500 g",
    "category": "Wereldkeukens, kruiden, pasta en rijst",
    "price": 0.68,
    "promoPrice": null,
    "pricePerUnit": "1.36 kg",
    "image": "https://www.jumbo.com/dam-images/fit-in/360x360/Products/09092025_1757421311537_1757421319338_8718449029828_1.png",
    "available": false,
    "promoUntil": null
  },
  {
    "id": "604318FLS",
    "title": "Gato Negro - Pinot Grigio Rosé - 750 ML",
    "category": "Bier en wijn",
    "price": 5.29,
    "promoPrice": null,
    "pricePerUnit": "7.05 l",
    "image": "https://www.jumbo.com/dam-images/fit-in/360x360/Products/7804300158071T1ba734af2-33e5-488f-be73-75d77ca4cb2d-1742370642532.png",
    "available": false,
    "promoUntil": null
  },
  {
    "id": "687718ZK",
    "title": "Lay's Barbecue Chips 300 gr",
    "category": "Koek, snoep, chocolade en chips",
    "price": 2.89,
    "promoPrice": null,
    "pricePerUnit": "9.63 kg",
    "image": "https://www.jumbo.com/dam-images/fit-in/360x360/Products/24062025_1750727815319_1750727823615_687718_ZK_08710398532251_C1N1.png",
    "available": false,
    "promoUntil": null
  },
  {
    "id": "815721FLS",
    "title": "Offley - Tawny Porto - 750ML",
    "category": "Bier en wijn",
    "price": 8.99,
    "promoPrice": null,
    "pricePerUnit": "11.99 l",
    "image": "https://www.jumbo.com/dam-images/fit-in/360x360/Products/19122024_1734575174966_1734575177159_815721_FLS_05601034001503_C1N1.png",
    "available": false,
    "promoUntil": null
  },
  {
    "id": "436739ZK",
    "title": "Mezzacorona - Pinot Grigio - Pouch - 1,5L",
    "category": "Bier en wijn",
    "price": 11.49,
    "promoPrice": null,
    "pricePerUnit": "7.66 l",
    "image": "https://www.jumbo.com/dam-images/fit-in/360x360/Products/15112024_1731636863395_1731636866329_436739_ZK_.png",
    "available": false,
    "promoUntil": null
  },
  {
    "id": "624842FLS",
    "title": "Dettol Spray Citrus 750 ML",
    "category": "Huishouden en dieren",
    "price": 4.99,
    "promoPrice": null,
    "pricePerUnit": "6.65 l",
    "image": "https://www.jumbo.com/dam-images/fit-in/360x360/Products/12082025_1754961082318_1754961090688_624842_FLS_05410036311769_C1N1.png",
    "available": false,
    "promoUntil": null
  },
  {
    "id": "296457STK",
    "title": "Beckers Oven & Airfryer Goulash Kroketten 4 x 80 g",
    "category": "Diepvries",
    "price": 4.39,
    "promoPrice": null,
    "pricePerUnit": "13.72 kg",
    "image": "https://www.jumbo.com/dam-images/fit-in/360x360/Products/20122023_1703052632366_1703052656790_296457_STK_08710555149674_C1N1.png",
    "available": false,
    "promoUntil": null
  },
  {
    "id": "382748FLS",
    "title": "De Castellane - Brut - Champagne - 375ML",
    "category": "Bier en wijn",
    "price": 15.49,
    "promoPrice": null,
    "pricePerUnit": "41.31 l",
    "image": "https://www.jumbo.com/dam-images/fit-in/360x360/Products/18092023_1695046491230_1695046492829_3113870000043_1.png",
    "available": false,
    "promoUntil": null
  },
  {
    "id": "613996ZK",
    "title": "Jumbo Pinda's Gezouten Voordeelverpakking 500 g",
    "category": "Koek, snoep, chocolade en chips",
    "price": 1.19,
    "promoPrice": null,
    "pricePerUnit": "2.38 kg",
    "image": "https://www.jumbo.com/dam-images/fit-in/360x360/Products/05062024_1717601668050_1717601682827_8718452830619_596.png",
    "available": false,
    "promoUntil": null
  },
  {
    "id": "500776FLS",
    "title": "Los Gansos - Rosé - 750ML",
    "category": "Bier en wijn",
    "price": 5.99,
    "promoPrice": 4.99,
    "pricePerUnit": "7.99 l",
    "image": "https://www.jumbo.com/dam-images/fit-in/360x360/Products/04062025_1749054768818_1749054772854_7804320555423_1.png",
    "available": false,
    "promoUntil": "di 7 okt"
  },
  {
    "id": "153794DSL",
    "title": "Jumbo Haardblok 10 x 1 stuk",
    "category": "Non-food en servicebalie",
    "price": 24.9,
    "promoPrice": null,
    "pricePerUnit": "2.49 kg",
    "image": "https://www.jumbo.com/dam-images/fit-in/360x360/Products/153794DSL-1692280440776.png",
    "available": false,
    "promoUntil": null
  },
  {
    "id": "664937PAK",
    "title": "Jumbo Marmercake met Cacao 450 g",
    "category": "Koek, snoep, chocolade en chips",
    "price": 3.28,
    "promoPrice": null,
    "pricePerUnit": "7.29 kg",
    "image": "https://www.jumbo.com/dam-images/fit-in/360x360/Products/22042025_1745332346550_1745332352866_8718452862344_1.png",
    "available": false,
    "promoUntil": null
  },
  {
    "id": "209939DS",
    "title": "Jumbo Biologisch Blauwe Bessen 250 g",
    "category": "Diepvries",
    "price": 2.9,
    "promoPrice": null,
    "pricePerUnit": "11.6 kg",
    "image": "https://www.jumbo.com/dam-images/fit-in/360x360/Products/17122024_1734420798271_1734420818350_8718452808588_596.png",
    "available": false,
    "promoUntil": null
  },
  {
    "id": "207368DS",
    "title": "Jumbo Penne Rigate Volkoren 500 g",
    "category": "Wereldkeukens, kruiden, pasta en rijst",
    "price": 0.85,
    "promoPrice": null,
    "pricePerUnit": "1.7 kg",
    "image": "https://www.jumbo.com/dam-images/fit-in/360x360/Products/19032025_1742402010223_1742402018178_8718452667345_1.png",
    "available": false,
    "promoUntil": null
  },
  {
    "id": "681301DS",
    "title": "Jumbo Sinas & Cola Jumpers Waterijsjes 6 Stuks",
    "category": "Diepvries",
    "price": 2.19,
    "promoPrice": null,
    "pricePerUnit": "3.12 l",
    "image": "https://www.jumbo.com/dam-images/fit-in/360x360/Products/10042025_1744292005890_1744292019239_8718452913008_596.png",
    "available": false,
    "promoUntil": null
  },
  {
    "id": "207367ZK",
    "title": "Jumbo Biologisch Naturel Tagliatelle 500 g",
    "category": "Wereldkeukens, kruiden, pasta en rijst",
    "price": 1.97,
    "promoPrice": null,
    "pricePerUnit": "3.94 kg",
    "image": "https://www.jumbo.com/dam-images/fit-in/360x360/Products/22092025_1758555238203_1758555245175_8718452649907_1.png",
    "available": false,
    "promoUntil": null
  },
  {
    "id": "688755DS",
    "title": "Jumbo Dubai Bar Pistache en Chocolade 100 g",
    "category": "Koek, snoep, chocolade en chips",
    "price": 5.99,
    "promoPrice": null,
    "pricePerUnit": "59.9 kg",
    "image": "https://www.jumbo.com/dam-images/fit-in/360x360/Products/02062025_1748878413829_1748878421772_8719191034078_1.png",
    "available": false,
    "promoUntil": null
  },
  {
    "id": "176500STK",
    "title": "Mentos Gum Mighty Mint Suikervrij Pot 100 stuks ",
    "category": "Koek, snoep, chocolade en chips",
    "price": 4.27,
    "promoPrice": null,
    "pricePerUnit": "28.47 kg",
    "image": "https://www.jumbo.com/dam-images/fit-in/360x360/Products/07072025_1751902633761_1751902638866_80739449_1.png",
    "available": false,
    "promoUntil": null
  },
  {
    "id": "664938PAK",
    "title": "Jumbo Naturelcake met Roomboter 450 g",
    "category": "Koek, snoep, chocolade en chips",
    "price": 2.23,
    "promoPrice": null,
    "pricePerUnit": "4.96 kg",
    "image": "https://www.jumbo.com/dam-images/fit-in/360x360/Products/18042025_1744972367550_1744972373693_8718452862337_1.png",
    "available": false,
    "promoUntil": null
  },
  {
    "id": "394096TRA",
    "title": "Mitsuba Sea Salt Crispy Rice Crackers 100 g",
    "category": "Koek, snoep, chocolade en chips",
    "price": 2.17,
    "promoPrice": null,
    "pricePerUnit": "21.7 kg",
    "image": "https://www.jumbo.com/dam-images/fit-in/360x360/Products/14072025_1752518004330_1752518008462_8711299003109_1.png",
    "available": false,
    "promoUntil": null
  },
  {
    "id": "654339ZK",
    "title": "Glorix Power Clean Toiletblok Ocean 5 stuks",
    "category": "Huishouden en dieren",
    "price": 12.99,
    "promoPrice": null,
    "pricePerUnit": "2.6 pieces",
    "image": "https://www.jumbo.com/dam-images/fit-in/360x360/Products/06032025_1741275189201_1741275194765_8720182924438_1.png",
    "available": false,
    "promoUntil": null
  },
  {
    "id": "682846ZK",
    "title": "Jumbo Melkchocolade Pinda's Zoet 200 g",
    "category": "Koek, snoep, chocolade en chips",
    "price": 1.49,
    "promoPrice": null,
    "pricePerUnit": "7.45 kg",
    "image": "https://www.jumbo.com/dam-images/fit-in/360x360/Products/02042025_1743604411754_1743604429234_8718452904433_596.png",
    "available": false,
    "promoUntil": null
  },
  {
    "id": "163505FLS",
    "title": "Jumbo Douchecrème Milk & Honey 500 ml",
    "category": "Drogisterij en baby",
    "price": 1.49,
    "promoPrice": null,
    "pricePerUnit": "2.98 l",
    "image": "https://www.jumbo.com/dam-images/fit-in/360x360/Products/163505_8718452616060_1_T1_163505FLS1691071498032.png",
    "available": false,
    "promoUntil": null
  },
  {
    "id": "638686DS",
    "title": "Jumbo Slagroomtruffels Puur 7 Stuks",
    "category": "Brood en gebak",
    "price": 4.35,
    "promoPrice": null,
    "pricePerUnit": "32.71 kg",
    "image": "https://www.jumbo.com/dam-images/fit-in/360x360/Products/28022025_1740749586913_1740749601502_8718452868797_2.png",
    "available": false,
    "promoUntil": null
  },
  {
    "id": "553718ZK",
    "title": "Stegeman Plus Chorizo Sticks 100 g",
    "category": "Vleeswaren, kaas en tapas",
    "price": 3.91,
    "promoPrice": null,
    "pricePerUnit": "39.1 kg",
    "image": "https://www.jumbo.com/dam-images/fit-in/360x360/Products/09082023_1691592981087_1691592986714_8710765966726_1.png",
    "available": false,
    "promoUntil": null
  },
  {
    "id": "553717ZK",
    "title": "Stegeman Plus Chorizo 200 g",
    "category": "Vleeswaren, kaas en tapas",
    "price": 4.41,
    "promoPrice": null,
    "pricePerUnit": "22.05 kg",
    "image": "https://www.jumbo.com/dam-images/fit-in/360x360/Products/09082023_1691592973087_1691593013751_8710765966696_1.png",
    "available": false,
    "promoUntil": null
  },
  {
    "id": "608696STK",
    "title": "Stegeman Vegetarisch Broodbeleg met Tuinkruiden 100 g",
    "category": "Vleeswaren, kaas en tapas",
    "price": 2.69,
    "promoPrice": null,
    "pricePerUnit": "26.9 kg",
    "image": "https://www.jumbo.com/dam-images/fit-in/360x360/Products/12122024_1734021185926_1734021199372_8710765961141_1.png",
    "available": false,
    "promoUntil": null
  },
  {
    "id": "370799ZK",
    "title": "Stegeman Cervelaat Dijon Mosterd 200 g",
    "category": "Vleeswaren, kaas en tapas",
    "price": 4.09,
    "promoPrice": null,
    "pricePerUnit": "20.45 kg",
    "image": "https://www.jumbo.com/dam-images/fit-in/360x360/Products/09082023_1691591964513_1691591968456_8710765962124_1.png",
    "available": false,
    "promoUntil": null
  },
  {
    "id": "180724ZK",
    "title": "Mekkafood Kebab 750 g",
    "category": "Diepvries",
    "price": 4.0,
    "promoPrice": null,
    "pricePerUnit": "5.33 kg",
    "image": "https://www.jumbo.com/dam-images/fit-in/360x360/Products/18112024_1731922355246_1731922364718_4026279970024_1.png",
    "available": false,
    "promoUntil": null
  },
  {
    "id": "491152STK",
    "title": "De Vegetarische Slager Broodbeleg - 3 Varianten",
    "category": "Vleeswaren, kaas en tapas",
    "price": 0.0,
    "promoPrice": null,
    "pricePerUnit": "None None",
    "image": "https://www.jumbo.com/dam-images/fit-in/360x360/Products/491152STK53bc914f-dd45-4c8e-a1f5-8426fb44b628-1706172331329.png",
    "available": false,
    "promoUntil": null
  },
  {
    "id": "608695STK",
    "title": "Stegeman Vegetarisch Broodbeleg met Kerriesmaak 100 g",
    "category": "Vleeswaren, kaas en tapas",
    "price": 2.34,
    "promoPrice": null,
    "pricePerUnit": "23.4 kg",
    "image": "https://www.jumbo.com/dam-images/fit-in/360x360/Products/12122024_1734021186575_1734021194654_8710765961080_1.png",
    "available": false,
    "promoUntil": null
  },
  {
    "id": "447777DS",
    "title": "Lekker&Anders Streetfood Döner Pizza 325 g",
    "category": "Diepvries",
    "price": 3.95,
    "promoPrice": null,
    "pricePerUnit": "12.15 kg",
    "image": "https://www.jumbo.com/dam-images/fit-in/360x360/Products/06112024_1730867178071_1730867189011_447777_DS_04026279922306_C1N1.png",
    "available": false,
    "promoUntil": null
  },
  {
    "id": "608661STK",
    "title": "De Vegetarische Slager Kipworst 100 g",
    "category": "Vleeswaren, kaas en tapas",
    "price": 2.65,
    "promoPrice": null,
    "pricePerUnit": "26.5 kg",
    "image": "https://www.jumbo.com/dam-images/fit-in/360x360/Products/12122024_1734021185659_1734021191487_8710765967334_1.png",
    "available": false,
    "promoUntil": null
  },
  {
    "id": "595139DS",
    "title": "Jumbo Vegan Bitterballen Airfryer & Oven ca. 12 Stuks",
    "category": "Diepvries",
    "price": 2.49,
    "promoPrice": null,
    "pricePerUnit": "8.3 kg",
    "image": "https://www.jumbo.com/dam-images/fit-in/360x360/Products/16042025_1744817609882_1744817629436_8718452774845_596.png",
    "available": false,
    "promoUntil": null
  },
  {
    "id": "195423STK",
    "title": "Jumbo Woksaus Zoetzuur 200 ml",
    "category": "Wereldkeukens, kruiden, pasta en rijst",
    "price": 1.87,
    "promoPrice": null,
    "pricePerUnit": "9.35 l",
    "image": "https://www.jumbo.com/dam-images/fit-in/360x360/Products/09082023_1691584854741_1691584869848_8718452261970_1.png",
    "available": false,
    "promoUntil": null
  },
  {
    "id": "495977TRA",
    "title": "Olvarit 18+ Maanden Variatiemenu Maaltijd 12 x 250g",
    "category": "Drogisterij en baby",
    "price": 18.5,
    "promoPrice": null,
    "pricePerUnit": "6.17 kg",
    "image": "https://www.jumbo.com/dam-images/fit-in/360x360/Products/28062024_1719542378710_1719542383721_495977_TRA_08712400119191_H1N1.png",
    "available": false,
    "promoUntil": null
  },
  {
    "id": "226060STK",
    "title": "Ciao Italia Scrocchi con Sale Marino 150g",
    "category": "Koek, snoep, chocolade en chips",
    "price": 1.62,
    "promoPrice": null,
    "pricePerUnit": "10.8 kg",
    "image": "https://www.jumbo.com/dam-images/fit-in/360x360/Products/04122024_1733280016867_1733280026480_226060_STK_08712247228407_C1N1.png",
    "available": false,
    "promoUntil": null
  },
  {
    "id": "665154TRA",
    "title": "Jumbo Feesthartjes met Melkchocolade 133 g",
    "category": "Koek, snoep, chocolade en chips",
    "price": 1.89,
    "promoPrice": null,
    "pricePerUnit": "14.21 kg",
    "image": "https://www.jumbo.com/dam-images/fit-in/360x360/Products/18042025_1744972367601_1744972376015_8718452875245_1.png",
    "available": false,
    "promoUntil": null
  },
  {
    "id": "624999STK",
    "title": "Jumbo Viking Blue Blauwschimmelkaas 50+ Voordeelstuk  ca. 240g",
    "category": "Vleeswaren, kaas en tapas",
    "price": 3.5,
    "promoPrice": null,
    "pricePerUnit": "14.4 kg",
    "image": "https://www.jumbo.com/dam-images/fit-in/360x360/Products/29052024_1717000394740_1717000402344_8718452850648_1.png",
    "available": false,
    "promoUntil": null
  },
  {
    "id": "648014BLK",
    "title": "Mutti Gepelde Tomaten 400g",
    "category": "Wereldkeukens, kruiden, pasta en rijst",
    "price": 1.97,
    "promoPrice": null,
    "pricePerUnit": "4.93 kg",
    "image": "https://www.jumbo.com/dam-images/fit-in/360x360/Products/28082024_1724855112301_1724855118845_648014_BLK_08005110002960_C1N1.png",
    "available": false,
    "promoUntil": null
  },
  {
    "id": "495322DSL",
    "title": "Zwitsal Billendoekjes Water & Care 12 x 75 stuks",
    "category": "Drogisterij en baby",
    "price": 51.0,
    "promoPrice": 35.7,
    "pricePerUnit": "0.06 pieces",
    "image": "https://www.jumbo.com/dam-images/fit-in/360x360/Products/495322DSL1d0265b50-e84f-4f0e-ae52-17a847c772cc-1693398531143.png",
    "available": false,
    "promoUntil": "di 7 okt"
  },
  {
    "id": "170915ZK",
    "title": "Popla Mega Rol Toiletpapier 4 rollen",
    "category": "Huishouden en dieren",
    "price": 4.29,
    "promoPrice": null,
    "pricePerUnit": "1.07 pieces",
    "image": "https://www.jumbo.com/dam-images/fit-in/360x360/Products/13092025_1757731869424_1757731890928_170915_ZK_08710300495001_C1N1.png",
    "available": false,
    "promoUntil": null
  },
  {
    "id": "624992STK",
    "title": "Jumbo Emmentaler 45+  Voordeelstuk ca. 240g",
    "category": "Vleeswaren, kaas en tapas",
    "price": 3.5,
    "promoPrice": null,
    "pricePerUnit": "14.58 kg",
    "image": "https://www.jumbo.com/dam-images/fit-in/360x360/Products/29052024_1717000394579_1717000402436_8718452850624_1.png",
    "available": false,
    "promoUntil": null
  },
  {
    "id": "443940PAK",
    "title": "Haust Party Extra Fijne Tuinkruiden 200 g",
    "category": "Koek, snoep, chocolade en chips",
    "price": 1.29,
    "promoPrice": null,
    "pricePerUnit": "6.45 kg",
    "image": "https://www.jumbo.com/dam-images/fit-in/360x360/Products/09082023_1691588189693_1691588336209_8710445024104_1.png",
    "available": false,
    "promoUntil": null
  },
  {
    "id": "628869RP",
    "title": "Jumbo Melkchocolade Hazelnoot 100 g",
    "category": "Koek, snoep, chocolade en chips",
    "price": 1.97,
    "promoPrice": null,
    "pricePerUnit": "19.7 kg",
    "image": "https://www.jumbo.com/dam-images/fit-in/360x360/Products/23052025_1748010789060_1748010800591_8718452877034_596.png",
    "available": false,
    "promoUntil": null
  },
  {
    "id": "180720STK",
    "title": "Jumbo Scheergel Mannen Gevoelige Huid 200 ML",
    "category": "Drogisterij en baby",
    "price": 1.59,
    "promoPrice": null,
    "pricePerUnit": "7.95 l",
    "image": "https://www.jumbo.com/dam-images/fit-in/360x360/Products/09082023_1691586736292_1691586748443_8718452178803_1.png",
    "available": false,
    "promoUntil": null
  },
  {
    "id": "712492CUP",
    "title": "Jumbo Biologisch Halvarine 250 g",
    "category": "Zuivel, eieren, boter",
    "price": 1.69,
    "promoPrice": null,
    "pricePerUnit": "6.76 l",
    "image": "https://www.jumbo.com/dam-images/fit-in/360x360/Products/26082025_1756215316054_1756215328324_8718452874286_596.png",
    "available": true,
    "promoUntil": null
  },
  {
    "id": "98077BAK",
    "title": "Jumbo Smeuige Kruidenboter 150 g",
    "category": "Zuivel, eieren, boter",
    "price": 3.15,
    "promoPrice": null,
    "pricePerUnit": "21.0 kg",
    "image": "https://www.jumbo.com/dam-images/fit-in/360x360/Products/18092023_1695035154093_1695035164339_8718452191567_1.png",
    "available": true,
    "promoUntil": null
  },
  {
    "id": "602686CUP",
    "title": "Jumbo Smeerbare Roomboter Gezouten 250 g",
    "category": "Zuivel, eieren, boter",
    "price": 3.09,
    "promoPrice": null,
    "pricePerUnit": "12.36 kg",
    "image": "https://www.jumbo.com/dam-images/fit-in/360x360/Products/19062024_1718814836591_1718814847579_8718452793921_596.png",
    "available": true,
    "promoUntil": null
  },
  {
    "id": "679443CUP",
    "title": "Becel met Boter 225 g ",
    "category": "Zuivel, eieren, boter",
    "price": 2.99,
    "promoPrice": null,
    "pricePerUnit": "13.29 kg",
    "image": "https://www.jumbo.com/dam-images/fit-in/360x360/Products/14022025_1739539535001_1739539541403_8719200296831_1.png",
    "available": true,
    "promoUntil": null
  },
  {
    "id": "711257CUP",
    "title": "Becel met Haver & Vezels 450g ",
    "category": "Zuivel, eieren, boter",
    "price": 3.99,
    "promoPrice": null,
    "pricePerUnit": "8.87 kg",
    "image": "https://www.jumbo.com/dam-images/fit-in/360x360/Products/03092025_1756884834567_1756884840422_8719200308916_1.png",
    "available": true,
    "promoUntil": null
  },
  {
    "id": "696352STK",
    "title": "Becel met Roomboter 250 g",
    "category": "Zuivel, eieren, boter",
    "price": 2.95,
    "promoPrice": null,
    "pricePerUnit": "11.8 kg",
    "image": "https://www.jumbo.com/dam-images/fit-in/360x360/Products/24052025_1748048933203_1748048941925_696352_STK_08719200303416_C1N1.png",
    "available": true,
    "promoUntil": null
  },
  {
    "id": "349984PAK",
    "title": "Campina Botergoud Kruidenboter 100 g",
    "category": "Zuivel, eieren, boter",
    "price": 2.29,
    "promoPrice": null,
    "pricePerUnit": "22.9 kg",
    "image": "https://www.jumbo.com/dam-images/fit-in/360x360/Products/03072025_1751508178496_1751508191129_349984_PAK_08715300105318_H1N1.png",
    "available": true,
    "promoUntil": null
  },
  {
    "id": "712010STK",
    "title": "Président Roomboter met Verlaagd Vetgehalte (60%) Ongezouten 200 g",
    "category": "Zuivel, eieren, boter",
    "price": 3.59,
    "promoPrice": null,
    "pricePerUnit": "17.95 kg",
    "image": "https://www.jumbo.com/dam-images/fit-in/360x360/Products/04082025_1754332391150_1754332394825_3155253030780_1.png",
    "available": true,
    "promoUntil": null
  },
  {
    "id": "567407POT",
    "title": "Truffelboter",
    "category": "Zuivel, eieren, boter",
    "price": 4.99,
    "promoPrice": null,
    "pricePerUnit": "62.38 kg",
    "image": "https://www.jumbo.com/dam-images/fit-in/360x360/Products/16052024_1715871309083_1715871315212_8018965031191_1.png",
    "available": true,
    "promoUntil": null
  },
  {
    "id": "712009STK",
    "title": "Président Gezouten Roomboter met Verlaagd Vetgehalte (60%) 200 g",
    "category": "Zuivel, eieren, boter",
    "price": 3.59,
    "promoPrice": null,
    "pricePerUnit": "17.95 kg",
    "image": "https://www.jumbo.com/dam-images/fit-in/360x360/Products/04082025_1754332391141_1754332394963_3155253030797_1.png",
    "available": true,
    "promoUntil": null
  },
  {
    "id": "712012STK",
    "title": "Président Roomboter Ongezouten 200 g",
    "category": "Zuivel, eieren, boter",
    "price": 3.89,
    "promoPrice": null,
    "pricePerUnit": "19.45 kg",
    "image": "https://www.jumbo.com/dam-images/fit-in/360x360/Products/30072025_1753900395859_1753900399228_3155253030759_1.png",
    "available": true,
    "promoUntil": null
  },
  {
    "id": "712011STK",
    "title": "Président Roomboter Ongezouten 225 g",
    "category": "Zuivel, eieren, boter",
    "price": 4.49,
    "promoPrice": null,
    "pricePerUnit": "19.96 kg",
    "image": "https://www.jumbo.com/dam-images/fit-in/360x360/Products/04082025_1754332391266_1754332395314_3155253030803_1.png",
    "available": true,
    "promoUntil": null
  },
  {
    "id": "695145FLS",
    "title": "The Flower Farm Bakken Zonder Palmolie Value Pack 750 ml",
    "category": "Zuivel, eieren, boter",
    "price": 3.89,
    "promoPrice": null,
    "pricePerUnit": "5.19 l",
    "image": "https://www.jumbo.com/dam-images/fit-in/360x360/Products/15072025_1752593605165_1752593608966_8710472014246_1.png",
    "available": true,
    "promoUntil": null
  },
  {
    "id": "712013STK",
    "title": "Président Gezouten Roomboter 225 g",
    "category": "Zuivel, eieren, boter",
    "price": 4.49,
    "promoPrice": null,
    "pricePerUnit": "19.96 kg",
    "image": "https://www.jumbo.com/dam-images/fit-in/360x360/Products/30072025_1753900395972_1753900399527_3155253030810_1.png",
    "available": true,
    "promoUntil": null
  },
  {
    "id": "712014STK",
    "title": "Président Roomboter Gezouten 200 g",
    "category": "Zuivel, eieren, boter",
    "price": 3.89,
    "promoPrice": null,
    "pricePerUnit": "19.45 kg",
    "image": "https://www.jumbo.com/dam-images/fit-in/360x360/Products/30072025_1753900396081_1753900399540_3155253030766_1.png",
    "available": true,
    "promoUntil": null
  },
  {
    "id": "549592DS",
    "title": "PICKWICK HERBAL Care 20 x 2 g",
    "category": "Koffie en thee",
    "price": 2.35,
    "promoPrice": null,
    "pricePerUnit": "0.12 pieces",
    "image": "https://www.jumbo.com/dam-images/fit-in/360x360/Products/25032024_1711381525441_1711381531405_8711000704639_1.png",
    "available": false,
    "promoUntil": null
  },
  {
    "id": "191900DS",
    "title": "L'OR Espresso Onyx 10 Capsules 52 g",
    "category": "Koffie en thee",
    "price": 4.19,
    "promoPrice": null,
    "pricePerUnit": "0.42 pieces",
    "image": "https://www.jumbo.com/dam-images/fit-in/360x360/Products/02042025_1743554012173_1743554022154_8711000360583_1.png",
    "available": false,
    "promoUntil": null
  },
  {
    "id": "391451DS",
    "title": "Knorr Cup-a-Soup Tomaat 3 x 175 ml",
    "category": "Conserven, soepen, sauzen, oliën",
    "price": 1.85,
    "promoPrice": null,
    "pricePerUnit": "34.26 kg",
    "image": "https://www.jumbo.com/dam-images/fit-in/360x360/Products/11092025_1757555062048_1757555101247_391451_DS_08711327460348_H1N1.png",
    "available": false,
    "promoUntil": null
  },
  {
    "id": "177070STK",
    "title": "Jumbo Stroganoffsaus 28,8 g",
    "category": "Conserven, soepen, sauzen, oliën",
    "price": 0.69,
    "promoPrice": null,
    "pricePerUnit": "23.79 kg",
    "image": "https://www.jumbo.com/dam-images/fit-in/360x360/Products/10032025_1741617246997_1741617257301_8718452183272_1.png",
    "available": false,
    "promoUntil": null
  },
  {
    "id": "597483DS",
    "title": "Caffè Perrucci Creamy Choco Drink 16 x 18 g",
    "category": "Koffie en thee",
    "price": 4.79,
    "promoPrice": null,
    "pricePerUnit": "0.3 pieces",
    "image": "https://www.jumbo.com/dam-images/fit-in/360x360/Products/25032024_1711381691888_1711381699335_8720938111198_1.png",
    "available": false,
    "promoUntil": null
  },
  {
    "id": "525901DS",
    "title": "Pickwick Original Ceylon 20 x 4 g",
    "category": "Koffie en thee",
    "price": 1.99,
    "promoPrice": null,
    "pricePerUnit": "0.1 pieces",
    "image": "https://www.jumbo.com/dam-images/fit-in/360x360/Products/02042025_1743554032827_1743554039723_8711000008089_1.png",
    "available": false,
    "promoUntil": null
  },
  {
    "id": "446490PAK",
    "title": "Killerbody Cookies & Cream 40 g",
    "category": "Ontbijt, broodbeleg en bakproducten",
    "price": 2.24,
    "promoPrice": 1.68,
    "pricePerUnit": "56.0 kg",
    "image": "https://www.jumbo.com/dam-images/fit-in/360x360/Products/15032024_1710473359107_1710473375319_446490_PAK_08720254670041_H1N1.png",
    "available": false,
    "promoUntil": "di 7 okt"
  },
  {
    "id": "637666CUP",
    "title": "Oyakata Ramen Miso Cup 66g",
    "category": "Conserven, soepen, sauzen, oliën",
    "price": 1.59,
    "promoPrice": null,
    "pricePerUnit": "24.09 kg",
    "image": "https://www.jumbo.com/dam-images/fit-in/360x360/Products/28062024_1719579292947_1719579295388_637666_CUP_05901384503758_A1N1.png",
    "available": false,
    "promoUntil": null
  },
  {
    "id": "446308POT",
    "title": "Jumbo Zaden & Pitten Mix 200 g",
    "category": "Ontbijt, broodbeleg en bakproducten",
    "price": 3.12,
    "promoPrice": null,
    "pricePerUnit": "15.6 kg",
    "image": "https://www.jumbo.com/dam-images/fit-in/360x360/Products/04072024_1720060538191_1720060550516_446308_POT_08718452550685_C1N1.png",
    "available": false,
    "promoUntil": null
  },
  {
    "id": "676487DS",
    "title": "TastyBasics Low Carb - High Protein Granola Aardbei",
    "category": "Ontbijt, broodbeleg en bakproducten",
    "price": 3.95,
    "promoPrice": null,
    "pricePerUnit": "11.29 kg",
    "image": "https://www.jumbo.com/dam-images/fit-in/360x360/Products/09072025_1752068009264_1752068016952_8720618707376_1.png",
    "available": false,
    "promoUntil": null
  },
  {
    "id": "598305ZK",
    "title": "Mama Oosterse Stijl Instant Noedels Kipsmaak 55 g",
    "category": "Conserven, soepen, sauzen, oliën",
    "price": 0.65,
    "promoPrice": null,
    "pricePerUnit": "11.82 kg",
    "image": "https://www.jumbo.com/dam-images/fit-in/360x360/Products/12032025_1741748866930_1741748874133_598305_ZK_08850987101090_C1N1.png",
    "available": false,
    "promoUntil": null
  },
  {
    "id": "174894STK",
    "title": "Jumbo Biologisch Boekweitmeel 400g",
    "category": "Ontbijt, broodbeleg en bakproducten",
    "price": 2.49,
    "promoPrice": null,
    "pricePerUnit": "6.23 kg",
    "image": "https://www.jumbo.com/dam-images/fit-in/360x360/Products/29092023_1695995258227_1695995262298_8718452492749_1.png",
    "available": false,
    "promoUntil": null
  },
  {
    "id": "559562PAK",
    "title": "Starbucks Cappuccino Chilled Coffee 750 ml",
    "category": "Zuivel, eieren, boter",
    "price": 3.99,
    "promoPrice": null,
    "pricePerUnit": "5.32 l",
    "image": "https://www.jumbo.com/dam-images/fit-in/360x360/Products/13082025_1755047121266_1755047126626_559562_PAK_04100290026448_C1N1.png",
    "available": false,
    "promoUntil": null
  },
  {
    "id": "646958PAK",
    "title": "Oddlygood Barista Vanilla Oat Drink 500ml",
    "category": "Zuivel, eieren, boter",
    "price": 1.69,
    "promoPrice": null,
    "pricePerUnit": "3.38 l",
    "image": "https://www.jumbo.com/dam-images/fit-in/360x360/Products/22082025_1755828040548_1755828043271_646958_PAK_06430081491130_C1N1.png",
    "available": false,
    "promoUntil": null
  },
  {
    "id": "607299PAK",
    "title": "Alpro Protein Sojadrink Chocolade Smaak 750ml",
    "category": "Zuivel, eieren, boter",
    "price": 2.29,
    "promoPrice": null,
    "pricePerUnit": "3.05 l",
    "image": "https://www.jumbo.com/dam-images/fit-in/360x360/Products/25032024_1711381696354_1711381706915_5411188139362_1.png",
    "available": false,
    "promoUntil": null
  },
  {
    "id": "156549ZK",
    "title": "Senseo Classic Koffiepads 54 Stuks Maxi Pack 375 g",
    "category": "Koffie en thee",
    "price": 9.11,
    "promoPrice": null,
    "pricePerUnit": "0.17 pieces",
    "image": "https://www.jumbo.com/dam-images/fit-in/360x360/Products/02042025_1743554011848_1743554015993_8711000341063_1.png",
    "available": false,
    "promoUntil": null
  },
  {
    "id": "672883FLS",
    "title": "Jumbo's Sla Twist Wasabi Smaak Dressing 265ML",
    "category": "Conserven, soepen, sauzen, oliën",
    "price": 2.19,
    "promoPrice": null,
    "pricePerUnit": "8.26 l",
    "image": "https://www.jumbo.com/dam-images/fit-in/360x360/Products/02042025_1743586390534_1743586394882_8718452889693_1.png",
    "available": false,
    "promoUntil": null
  },
  {
    "id": "674161ZK",
    "title": "Jumbo Dadel & Vijg Mix 295 g",
    "category": "Ontbijt, broodbeleg en bakproducten",
    "price": 3.21,
    "promoPrice": null,
    "pricePerUnit": "10.88 kg",
    "image": "https://www.jumbo.com/dam-images/fit-in/360x360/Products/10042025_1744288406845_1744288413687_8718452870684_1.png",
    "available": false,
    "promoUntil": null
  },
  {
    "id": "646812DS",
    "title": "Lipton Yellow Label 100 Stuks",
    "category": "Koffie en thee",
    "price": 7.99,
    "promoPrice": null,
    "pricePerUnit": "0.08 pieces",
    "image": "https://www.jumbo.com/dam-images/fit-in/360x360/Products/08720608015450C1N1f673ae02-21c3-446e-b89a-93cd2a3ddb03-1756990630374.png",
    "available": false,
    "promoUntil": null
  },
  {
    "id": "386235DS",
    "title": "Jumbo Latte Macchiato 8 Stuks",
    "category": "Koffie en thee",
    "price": 2.49,
    "promoPrice": null,
    "pricePerUnit": "0.31 pieces",
    "image": "https://www.jumbo.com/dam-images/fit-in/360x360/Products/09082023_1691587397302_1691587417661_8718452483877_1.png",
    "available": false,
    "promoUntil": null
  },
  {
    "id": "529152BLK",
    "title": "John West Sardines Finest in Extra Vierge Olijfolie 120g",
    "category": "Conserven, soepen, sauzen, oliën",
    "price": 2.56,
    "promoPrice": null,
    "pricePerUnit": "21.33 kg",
    "image": "https://www.jumbo.com/dam-images/fit-in/360x360/Products/30052024_1717034578977_1717034584791_529152_BLK_05000171061256_C1N1.png",
    "available": false,
    "promoUntil": null
  },
  {
    "id": "224486POT",
    "title": "Jumbo Appelcompote met Stukjes 350 g",
    "category": "Conserven, soepen, sauzen, oliën",
    "price": 0.89,
    "promoPrice": null,
    "pricePerUnit": "2.54 kg",
    "image": "https://www.jumbo.com/dam-images/fit-in/360x360/Products/09082023_1691585250520_1691585282837_8718452361519_1.png",
    "available": false,
    "promoUntil": null
  },
  {
    "id": "708621PAK",
    "title": "Upfront Eiwitreep Cookie Dough 60g",
    "category": "Ontbijt, broodbeleg en bakproducten",
    "price": 2.69,
    "promoPrice": 2.01,
    "pricePerUnit": "44.83 kg",
    "image": "https://www.jumbo.com/dam-images/fit-in/360x360/Products/18072024_1721270641847_1721270644425_611358_PAK_08720986890229_C1N1.png",
    "available": false,
    "promoUntil": "di 7 okt"
  },
  {
    "id": "718875DS",
    "title": "Jumbo Kopsoep Champignon",
    "category": "Conserven, soepen, sauzen, oliën",
    "price": 0.79,
    "promoPrice": null,
    "pricePerUnit": "14.91 kg",
    "image": "",
    "available": false,
    "promoUntil": null
  },
  {
    "id": "646980PAK",
    "title": "Oddlygood Barista Cinnamon Oat Drink 500ml",
    "category": "Zuivel, eieren, boter",
    "price": 1.69,
    "promoPrice": null,
    "pricePerUnit": "3.38 l",
    "image": "https://www.jumbo.com/dam-images/fit-in/360x360/Products/22082024_1724328158465_1724328162072_646980_PAK_06430081490942_C1N1.png",
    "available": false,
    "promoUntil": null
  },
  {
    "id": "197216ZK",
    "title": "Jumbo Geleisuiker 1 kg",
    "category": "Ontbijt, broodbeleg en bakproducten",
    "price": 1.99,
    "promoPrice": null,
    "pricePerUnit": "1.99 kg",
    "image": "https://www.jumbo.com/dam-images/fit-in/360x360/Products/29092023_1695995554242_1695995559934_8718452628254_1.png",
    "available": false,
    "promoUntil": null
  },
  {
    "id": "375226POT",
    "title": "Jumbo Vijgen Port Dipper 190 g",
    "category": "Vleeswaren, kaas en tapas",
    "price": 3.69,
    "promoPrice": null,
    "pricePerUnit": "19.42 kg",
    "image": "https://www.jumbo.com/dam-images/fit-in/360x360/Products/01042025_1743521632183_1743521641549_8718452488674_1.png",
    "available": false,
    "promoUntil": null
  },
  {
    "id": "621142DSL",
    "title": "Quaker Cruesli Rozijn & Hazelnoot Voordeelverpakking 4 x 900 gr",
    "category": "Ontbijt, broodbeleg en bakproducten",
    "price": 23.96,
    "promoPrice": null,
    "pricePerUnit": "6.66 kg",
    "image": "https://www.jumbo.com/dam-images/fit-in/360x360/Products/621142DSL1e23ba9d3-5cf6-4e98-9ff0-ff6b4db4de07-1717402805122.png",
    "available": false,
    "promoUntil": null
  },
  {
    "id": "718798DS",
    "title": "Jumbo Kopsoep Tomaat",
    "category": "Conserven, soepen, sauzen, oliën",
    "price": 0.51,
    "promoPrice": null,
    "pricePerUnit": "9.44 kg",
    "image": "",
    "available": false,
    "promoUntil": null
  },
  {
    "id": "646959PAK",
    "title": "Oddlygood Barista Caramel Oat Drink 500ml",
    "category": "Zuivel, eieren, boter",
    "price": 1.69,
    "promoPrice": null,
    "pricePerUnit": "3.38 l",
    "image": "https://www.jumbo.com/dam-images/fit-in/360x360/Products/23082025_1755912994803_1755912997507_646959_PAK_06430081490010_C1N1.png",
    "available": false,
    "promoUntil": null
  },
  {
    "id": "134582DS",
    "title": "Nescafé Hazelnootsmaak Latte 8 x 17 g",
    "category": "Koffie en thee",
    "price": 3.59,
    "promoPrice": null,
    "pricePerUnit": "0.45 pieces",
    "image": "https://www.jumbo.com/dam-images/fit-in/360x360/Products/07613034641366NoImageTypes0102095058-8fb3-4c0a-a913-f3f83b1617e5-1750084166645.png",
    "available": false,
    "promoUntil": null
  },
  {
    "id": "703185DS",
    "title": "Jumbo's Lungo Decaffeinato Koffiecups 40 Stuks",
    "category": "Koffie en thee",
    "price": 8.99,
    "promoPrice": null,
    "pricePerUnit": "0.22 pieces",
    "image": "https://www.jumbo.com/dam-images/fit-in/360x360/Products/25072025_1753443172168_1753443179763_8718452905164_1.png",
    "available": false,
    "promoUntil": null
  },
  {
    "id": "658124STK",
    "title": "Jumbo krachtige kippensoep 3 x 3 zakjes",
    "category": "Conserven, soepen, sauzen, oliën",
    "price": 0.0,
    "promoPrice": null,
    "pricePerUnit": "None None",
    "image": "https://www.jumbo.com/dam-images/fit-in/360x360/Products/658124STKe5d8229a-e9d2-4a69-a125-19984d31aa38-1745828748543.png",
    "available": false,
    "promoUntil": null
  },
  {
    "id": "658498DS",
    "title": "Molina Crunchy Chocolade 450 g",
    "category": "Ontbijt, broodbeleg en bakproducten",
    "price": 2.99,
    "promoPrice": null,
    "pricePerUnit": "6.64 kg",
    "image": "https://www.jumbo.com/dam-images/fit-in/360x360/Products/21112024_1732214243194_1732214251510_5414624099299_1.png",
    "available": false,
    "promoUntil": null
  },
  {
    "id": "645656PAK",
    "title": "Samyang Roergebakken Ramen Kimchi 135g",
    "category": "Conserven, soepen, sauzen, oliën",
    "price": 8.95,
    "promoPrice": null,
    "pricePerUnit": "66.3 kg",
    "image": "https://www.jumbo.com/dam-images/fit-in/360x360/Products/08801073142961A1N1ae5e39f1-a034-498a-8c98-fbe6e12e1ded-1729510305537.png",
    "available": false,
    "promoUntil": null
  },
  {
    "id": "174149KST",
    "title": "Koopmans Zelfrijzend Glutenvrij Amandelbakmeel 200 g",
    "category": "Ontbijt, broodbeleg en bakproducten",
    "price": 4.69,
    "promoPrice": null,
    "pricePerUnit": "23.45 kg",
    "image": "https://www.jumbo.com/dam-images/fit-in/360x360/Products/17042025_1744859276758_1744859283198_174149_KST_08710466254825_C1N1_s02.png",
    "available": false,
    "promoUntil": null
  },
  {
    "id": "540460DS",
    "title": "La Place Koffiecups Lungo Decaffeinato 10 Stuks",
    "category": "Koffie en thee",
    "price": 3.29,
    "promoPrice": null,
    "pricePerUnit": "0.33 pieces",
    "image": "https://www.jumbo.com/dam-images/fit-in/360x360/Products/26042024_1714127650663_1714127658060_8718452560578_1.png",
    "available": false,
    "promoUntil": null
  },
  {
    "id": "142103DS",
    "title": "Dr. Oetker Decoratie Stiften Kleur 76 g",
    "category": "Ontbijt, broodbeleg en bakproducten",
    "price": 3.35,
    "promoPrice": null,
    "pricePerUnit": "44.08 kg",
    "image": "https://www.jumbo.com/dam-images/fit-in/360x360/Products/03052025_1746235809716_1746235814279_142103_DS_08710466268822_C1N1_s03.png",
    "available": false,
    "promoUntil": null
  },
  {
    "id": "629349STK",
    "title": "Jumbo gevulde champignonsoep 3 x 3 stuks",
    "category": "Conserven, soepen, sauzen, oliën",
    "price": 0.0,
    "promoPrice": null,
    "pricePerUnit": "None None",
    "image": "https://www.jumbo.com/dam-images/fit-in/360x360/Products/629349STK09a1ca12-2110-4d62-8e4d-7c601a433326-1745828749321.png",
    "available": false,
    "promoUntil": null
  },
  {
    "id": "633639DS",
    "title": "Jumbo Versierders Taarttopper Dino 60 g",
    "category": "Ontbijt, broodbeleg en bakproducten",
    "price": 3.99,
    "promoPrice": null,
    "pricePerUnit": "66.5 kg",
    "image": "https://www.jumbo.com/dam-images/fit-in/360x360/Products/25092024_1727278476407_1727278482966_8718452843718_1.png",
    "available": false,
    "promoUntil": null
  },
  {
    "id": "658966ZK",
    "title": "L'OR Espresso Passione Rossa 450 g",
    "category": "Koffie en thee",
    "price": 11.89,
    "promoPrice": null,
    "pricePerUnit": "26.42 kg",
    "image": "https://www.jumbo.com/dam-images/fit-in/360x360/Products/19062025_1750329226506_1750329230212_8711000560976_1.png",
    "available": false,
    "promoUntil": null
  },
  {
    "id": "711417ZK",
    "title": "Gala Koffiebonen Dark Roast 1kg",
    "category": "Koffie en thee",
    "price": 9.99,
    "promoPrice": null,
    "pricePerUnit": "9.99 kg",
    "image": "",
    "available": false,
    "promoUntil": null
  },
  {
    "id": "633637DS",
    "title": "Jumbo Taartdecoratie Unicorn 25 g",
    "category": "Ontbijt, broodbeleg en bakproducten",
    "price": 3.13,
    "promoPrice": null,
    "pricePerUnit": "125.2 kg",
    "image": "https://www.jumbo.com/dam-images/fit-in/360x360/Products/25092024_1727278476264_1727278484227_8718452843695_1.png",
    "available": false,
    "promoUntil": null
  },
  {
    "id": "162457POT",
    "title": "Kühne Cocktail Salade Zoetzuur 330 g",
    "category": "Conserven, soepen, sauzen, oliën",
    "price": 1.97,
    "promoPrice": null,
    "pricePerUnit": "10.37 l",
    "image": "https://www.jumbo.com/dam-images/fit-in/360x360/Products/07082025_1754529951839_1754529967729_162457_POT_00000040804255_C1N1.png",
    "available": false,
    "promoUntil": null
  },
  {
    "id": "706679CUP",
    "title": "Dr. Oetker Just for me Red Velvet 70 g",
    "category": "Ontbijt, broodbeleg en bakproducten",
    "price": 2.27,
    "promoPrice": null,
    "pricePerUnit": "32.43 kg",
    "image": "https://www.jumbo.com/dam-images/fit-in/360x360/Products/01082025_1754013497081_1754013505441_706679_CUP_08710466330024_C1N1_s04.png",
    "available": false,
    "promoUntil": null
  },
  {
    "id": "597486DS",
    "title": "Caffè Perrucci Koffie Latte Vanilla 16 Stuks 164 g",
    "category": "Koffie en thee",
    "price": 3.99,
    "promoPrice": null,
    "pricePerUnit": "0.25 pieces",
    "image": "https://www.jumbo.com/dam-images/fit-in/360x360/Products/25032024_1711381696062_1711381725357_8720938111150_1.png",
    "available": false,
    "promoUntil": null
  },
  {
    "id": "681475TRA",
    "title": "Jumbo's Groentepannenkoekjes Griekse Stijl 240 g",
    "category": "Vlees, vis en vega",
    "price": 2.99,
    "promoPrice": null,
    "pricePerUnit": "12.46 kg",
    "image": "https://www.jumbo.com/dam-images/fit-in/360x360/Products/18062025_1750257313717_1750257324563_8718452888610_1.png",
    "available": false,
    "promoUntil": null
  },
  {
    "id": "681333TRA",
    "title": "Jumbo Plantaardig Wokstukjes Oosterse Stijl 175g",
    "category": "Vlees, vis en vega",
    "price": 1.99,
    "promoPrice": null,
    "pricePerUnit": "11.37 kg",
    "image": "https://www.jumbo.com/dam-images/fit-in/360x360/Products/06032025_1741249973650_1741249983453_8718452705696_1.png",
    "available": false,
    "promoUntil": null
  },
  {
    "id": "672464STK",
    "title": "Verdino Plantaardige snijworst 300 g",
    "category": "Vlees, vis en vega",
    "price": 3.99,
    "promoPrice": null,
    "pricePerUnit": "13.3 kg",
    "image": "https://www.jumbo.com/dam-images/fit-in/360x360/Products/12032025_1741751615183_1741751622239_672464_STK_05941905300565_C1N1.png",
    "available": false,
    "promoUntil": null
  },
  {
    "id": "683332BAK",
    "title": "Jumbo Roerbakgarnalen Naturel 350 g",
    "category": "Vlees, vis en vega",
    "price": 7.99,
    "promoPrice": null,
    "pricePerUnit": "22.83 kg",
    "image": "https://www.jumbo.com/dam-images/fit-in/360x360/Products/21012025_1737457921318_1737457926228_8718452697533_1.png",
    "available": false,
    "promoUntil": null
  },
  {
    "id": "701487TRA",
    "title": "Jumbo Kipreepjes Italiaanse Stijl Voorgegaard Kip 135 g",
    "category": "Vlees, vis en vega",
    "price": 2.5,
    "promoPrice": null,
    "pricePerUnit": "18.52 kg",
    "image": "https://www.jumbo.com/dam-images/fit-in/360x360/Products/31012025_1738337549232_1738337556288_8718452884575_1.png",
    "available": false,
    "promoUntil": null
  },
  {
    "id": "701489TRA",
    "title": "Jumbo Kipreepjes Mexicaanse Stijl 135 g",
    "category": "Vlees, vis en vega",
    "price": 2.5,
    "promoPrice": null,
    "pricePerUnit": "18.52 kg",
    "image": "https://www.jumbo.com/dam-images/fit-in/360x360/Products/14022025_1739539372588_1739539377830_8718452630387_1.png",
    "available": false,
    "promoUntil": null
  },
  {
    "id": "700195KGR",
    "title": "Jumbo Gerookte Kipfilet ca. 165 g",
    "category": "Vlees, vis en vega",
    "price": 3.28,
    "promoPrice": null,
    "pricePerUnit": "19.89 kg",
    "image": "https://www.jumbo.com/dam-images/fit-in/360x360/Products/10062025_1749565989223_1749565996881_2369539000000_1.png",
    "available": false,
    "promoUntil": null
  },
  {
    "id": "701658TRA",
    "title": "Jumbo Kipflakes Kebab 145 g",
    "category": "Vlees, vis en vega",
    "price": 2.5,
    "promoPrice": null,
    "pricePerUnit": "17.24 kg",
    "image": "https://www.jumbo.com/dam-images/fit-in/360x360/Products/05112024_1730820973321_1730820990653_8718452793082_1.png",
    "available": false,
    "promoUntil": null
  },
  {
    "id": "701488TRA",
    "title": "Jumbo Kipreepjes BBQ 135 g",
    "category": "Vlees, vis en vega",
    "price": 2.5,
    "promoPrice": null,
    "pricePerUnit": "18.52 kg",
    "image": "",
    "available": false,
    "promoUntil": null
  },
  {
    "id": "712064TRA",
    "title": "Jumbo Stamppot Rode Kool met Hamburger in Jus 500 g",
    "category": "Verse maaltijden en gemak",
    "price": 4.65,
    "promoPrice": null,
    "pricePerUnit": "9.3 kg",
    "image": "https://www.jumbo.com/dam-images/fit-in/360x360/Products/22092025_1758555238713_1758555245272_8718452953158_1.png",
    "available": false,
    "promoUntil": null
  },
  {
    "id": "711775DS",
    "title": "Witte Reus Blauw Actief Hygiene 50g",
    "category": "Huishouden en dieren",
    "price": 4.29,
    "promoPrice": null,
    "pricePerUnit": "4.29 wb",
    "image": "https://www.jumbo.com/dam-images/fit-in/360x360/Products/29072025_1753785878301_1753785885477_711775_DS_05410091779009_C1N1.png",
    "available": false,
    "promoUntil": null
  },
  {
    "id": "701439CUP",
    "title": "Jumbo Sorbet Citroen 500ml",
    "category": "Diepvries",
    "price": 1.79,
    "promoPrice": null,
    "pricePerUnit": "3.58 l",
    "image": "",
    "available": false,
    "promoUntil": null
  },
  {
    "id": "153794ZK",
    "title": "Jumbo Haardblok 1 Stuk",
    "category": "Non-food en servicebalie",
    "price": 2.49,
    "promoPrice": null,
    "pricePerUnit": "2.49 kg",
    "image": "https://www.jumbo.com/dam-images/fit-in/360x360/Products/18092023_1695028157403_1695028162129_8718452095476_1.png",
    "available": false,
    "promoUntil": null
  },
  {
    "id": "615308DS",
    "title": "Jumbo Nitril Handschoenen 20 Stuks",
    "category": "Huishouden en dieren",
    "price": 1.95,
    "promoPrice": null,
    "pricePerUnit": "0.1 pieces",
    "image": "https://www.jumbo.com/dam-images/fit-in/360x360/Products/14052025_1747215233001_1747215238218_8718452699858_1.png",
    "available": false,
    "promoUntil": null
  },
  {
    "id": "207698PAK",
    "title": "Nutrilon Volledige Zuigelingenvoeding 1 0+ Maanden 23 g",
    "category": "Drogisterij en baby",
    "price": 2.56,
    "promoPrice": null,
    "pricePerUnit": "111.3 kg",
    "image": "https://www.jumbo.com/dam-images/fit-in/360x360/Products/11032025_1741660145243_1741660148295_207698_PAK_08712400117906_C1N1_s01.png",
    "available": false,
    "promoUntil": null
  },
  {
    "id": "711779DS",
    "title": "Witte Reus Kracht Actief Bloesem 50g",
    "category": "Huishouden en dieren",
    "price": 3.69,
    "promoPrice": null,
    "pricePerUnit": "73.8 kg",
    "image": "https://www.jumbo.com/dam-images/fit-in/360x360/Products/29072025_1753786030399_1753786038351_711779_DS_05410091778828_C1N1.png",
    "available": false,
    "promoUntil": null
  },
  {
    "id": "434827POT",
    "title": "Jumbo Kapperappeltjes in Azijn 210 g",
    "category": "Wereldkeukens, kruiden, pasta en rijst",
    "price": 1.61,
    "promoPrice": null,
    "pricePerUnit": "17.89 kg",
    "image": "https://www.jumbo.com/dam-images/fit-in/360x360/Products/10082023_1691675101082_1691675149999_8718452551880_1.png",
    "available": false,
    "promoUntil": null
  },
  {
    "id": "416219BUS",
    "title": "Sanex Dermo Invisible 24h Anti-transpirant Spray 200ml",
    "category": "Drogisterij en baby",
    "price": 5.99,
    "promoPrice": null,
    "pricePerUnit": "29.95 l",
    "image": "https://www.jumbo.com/dam-images/fit-in/360x360/Products/30052025_1748570641392_1748570643136_416219_BUS_08718951563490_C1N1.png",
    "available": false,
    "promoUntil": null
  },
  {
    "id": "587434DS",
    "title": "Delacre Etoile Décoration Koekjesassortiment 454 g",
    "category": "Koek, snoep, chocolade en chips",
    "price": 9.99,
    "promoPrice": null,
    "pricePerUnit": "22.0 kg",
    "image": "https://www.jumbo.com/dam-images/fit-in/360x360/Products/12072024_1720773317609_1720773324741_3116430216717_1.png",
    "available": false,
    "promoUntil": null
  },
  {
    "id": "623551DS",
    "title": "Jumbo Mix Pack Waterijsjes 8 Stuks 455 g",
    "category": "Diepvries",
    "price": 2.29,
    "promoPrice": null,
    "pricePerUnit": "9.54 l",
    "image": "https://www.jumbo.com/dam-images/fit-in/360x360/Products/19062024_1718814836956_1718814856260_8718452824571_596.png",
    "available": false,
    "promoUntil": null
  },
  {
    "id": "162777PAK",
    "title": "Kanjers Witte Chocolade Karamel Wafels 4 Stuks",
    "category": "Koek, snoep, chocolade en chips",
    "price": 3.06,
    "promoPrice": null,
    "pricePerUnit": "0.77 pieces",
    "image": "https://www.jumbo.com/dam-images/fit-in/360x360/Products/09082023_1691592632562_1691592634441_8710739491216_1.png",
    "available": false,
    "promoUntil": null
  },
  {
    "id": "668937BLK",
    "title": "Kompaan Handlanger 330ML",
    "category": "Bier en wijn",
    "price": 3.19,
    "promoPrice": null,
    "pricePerUnit": "9.67 l",
    "image": "https://www.jumbo.com/dam-images/fit-in/360x360/Products/11122024_1733924786804_1733924791114_668937_BLK_08720254832258_C1N1.png",
    "available": false,
    "promoUntil": null
  },
  {
    "id": "702208CUP",
    "title": "Jumbo Cookie Dough Schepijs 475ml",
    "category": "Diepvries",
    "price": 3.49,
    "promoPrice": null,
    "pricePerUnit": "6.98 l",
    "image": "",
    "available": false,
    "promoUntil": null
  },
  {
    "id": "703813TUB",
    "title": "Zwitsal Haargel Baby 100 ml",
    "category": "Drogisterij en baby",
    "price": 4.99,
    "promoPrice": null,
    "pricePerUnit": "49.9 l",
    "image": "https://www.jumbo.com/dam-images/fit-in/360x360/Products/25062025_1750851187714_1750851190445_8720181649202_1.png",
    "available": false,
    "promoUntil": null
  },
  {
    "id": "648971PAK",
    "title": "Jumbo Gevulde Mini Dubbels Biscuits 5 x 5 Stuks",
    "category": "Koek, snoep, chocolade en chips",
    "price": 1.45,
    "promoPrice": null,
    "pricePerUnit": "7.71 kg",
    "image": "https://www.jumbo.com/dam-images/fit-in/360x360/Products/24092024_1727192005778_1727192017994_8718452851317_596.png",
    "available": false,
    "promoUntil": null
  },
  {
    "id": "672334PAK",
    "title": "Sultana FruitBiscuits Peer/Kaneel 5 Stuks 218 g",
    "category": "Koek, snoep, chocolade en chips",
    "price": 2.25,
    "promoPrice": null,
    "pricePerUnit": "10.32 kg",
    "image": "https://www.jumbo.com/dam-images/fit-in/360x360/Products/27022025_1740627409565_1740627416662_672334_PAK_08710412045583_H1N1.png",
    "available": false,
    "promoUntil": null
  },
  {
    "id": "605182DS",
    "title": "Beldessert Moelleux Lava Cakes met Witte Chocolade 180g",
    "category": "Diepvries",
    "price": 2.59,
    "promoPrice": null,
    "pricePerUnit": "14.39 kg",
    "image": "https://www.jumbo.com/dam-images/fit-in/360x360/Products/01032024_1709307186293_1709307192072_5414818044364_1.png",
    "available": false,
    "promoUntil": null
  },
  {
    "id": "648015BLK",
    "title": "Mutti Tomatensaus Polpa Biologisch 400g",
    "category": "Wereldkeukens, kruiden, pasta en rijst",
    "price": 2.37,
    "promoPrice": null,
    "pricePerUnit": "5.93 kg",
    "image": "https://www.jumbo.com/dam-images/fit-in/360x360/Products/28082024_1724855116664_1724855125965_648015_BLK_08005110413520_C1N1.png",
    "available": false,
    "promoUntil": null
  },
  {
    "id": "73780PAK",
    "title": "Côte d'Or Chocoladereep Extra Intense Pure Chocolade 86% 100g",
    "category": "Koek, snoep, chocolade en chips",
    "price": 3.85,
    "promoPrice": null,
    "pricePerUnit": "38.5 kg",
    "image": "https://www.jumbo.com/dam-images/fit-in/360x360/Products/05082025_1754408011835_1754408021365_7622400013423_596.png",
    "available": false,
    "promoUntil": null
  },
  {
    "id": "224488POT",
    "title": "Jumbo Mosterd Dille Dipper 190 g",
    "category": "Vleeswaren, kaas en tapas",
    "price": 3.69,
    "promoPrice": null,
    "pricePerUnit": "19.42 kg",
    "image": "https://www.jumbo.com/dam-images/fit-in/360x360/Products/09082023_1691585275060_1691585288441_8718452359479_1.png",
    "available": false,
    "promoUntil": null
  },
  {
    "id": "692195STK",
    "title": "Sushi Begaru Chicken Maki 176 g",
    "category": "Verse maaltijden en gemak",
    "price": 5.89,
    "promoPrice": null,
    "pricePerUnit": "33.47 kg",
    "image": "https://www.jumbo.com/dam-images/fit-in/360x360/Products/03012024_1704290946906_1704290956308_8715153010227_1.png",
    "available": false,
    "promoUntil": null
  },
  {
    "id": "393468PAK",
    "title": "Killerbody Proteïne Reep Chocolate Brownie 40 g",
    "category": "Koek, snoep, chocolade en chips",
    "price": 2.24,
    "promoPrice": 1.68,
    "pricePerUnit": "56.0 kg",
    "image": "https://www.jumbo.com/dam-images/fit-in/360x360/Products/23032024_1711167057008_1711167069364_393468_PAK_08719325551358_C1N1.png",
    "available": false,
    "promoUntil": "di 7 okt"
  },
  {
    "id": "552868RP",
    "title": "La Place Witte Chocoladereep 110 g",
    "category": "Koek, snoep, chocolade en chips",
    "price": 2.99,
    "promoPrice": null,
    "pricePerUnit": "27.18 kg",
    "image": "https://www.jumbo.com/dam-images/fit-in/360x360/Products/09082023_1691593194616_1691593219244_8718452709243_1.png",
    "available": false,
    "promoUntil": null
  },
  {
    "id": "696077ZK",
    "title": "Jumbo Mini Koekjes Karamel met Zeezout 125 g",
    "category": "Koek, snoep, chocolade en chips",
    "price": 1.99,
    "promoPrice": null,
    "pricePerUnit": "15.92 kg",
    "image": "https://www.jumbo.com/dam-images/fit-in/360x360/Products/30042025_1746009719725_1746009743343_696077_ZK_08718452871919_C1N1.png",
    "available": false,
    "promoUntil": null
  },
  {
    "id": "163507FLS",
    "title": "Jumbo Douchecrème Coconut 500 ml",
    "category": "Drogisterij en baby",
    "price": 1.49,
    "promoPrice": null,
    "pricePerUnit": "2.98 l",
    "image": "https://www.jumbo.com/dam-images/fit-in/360x360/Products/10082023_1691674930286_1691674953238_8718452121601_1.png",
    "available": false,
    "promoUntil": null
  },
  {
    "id": "711433DS",
    "title": "Witte Reus Kracht Actief Oceaan 50 g",
    "category": "Huishouden en dieren",
    "price": 3.69,
    "promoPrice": null,
    "pricePerUnit": "3.69 wb",
    "image": "https://www.jumbo.com/dam-images/fit-in/360x360/Products/25072025_1753443415396_1753443423496_711433_DS_05410091778897_C1N1.png",
    "available": false,
    "promoUntil": null
  },
  {
    "id": "283980STK",
    "title": "Sanex Men Active Control 48h Anti-Transpirant Deodorant Spray 200 ml",
    "category": "Drogisterij en baby",
    "price": 5.49,
    "promoPrice": null,
    "pricePerUnit": "27.45 l",
    "image": "https://www.jumbo.com/dam-images/fit-in/360x360/Products/09082023_1691594749476_1691594750454_8718951087422_1.png",
    "available": false,
    "promoUntil": null
  },
  {
    "id": "540505PAK",
    "title": "Schweppes Indian Tonic Zero 6 x 33cl",
    "category": "Frisdrank en sappen",
    "price": 6.89,
    "promoPrice": null,
    "pricePerUnit": "3.48 l",
    "image": "https://www.jumbo.com/dam-images/fit-in/360x360/Products/10072025_1752111037273_1752111042011_540505_PAK_03124480186911_C1N1.png",
    "available": false,
    "promoUntil": null
  },
  {
    "id": "158430DS",
    "title": "Céréal Glutenfree & Lactosefree Chocolade Melk 100 g",
    "category": "Koek, snoep, chocolade en chips",
    "price": 3.1,
    "promoPrice": null,
    "pricePerUnit": "31.0 kg",
    "image": "https://www.jumbo.com/dam-images/fit-in/360x360/Products/20082025_1755682379597_1755682383161_5410063027596_1.png",
    "available": false,
    "promoUntil": null
  },
  {
    "id": "495976TRA",
    "title": "Olvarit 15+ Maanden Variatiemenu Maaltijd Versie 1 12 x 250g",
    "category": "Drogisterij en baby",
    "price": 18.5,
    "promoPrice": null,
    "pricePerUnit": "6.17 kg",
    "image": "https://www.jumbo.com/dam-images/fit-in/360x360/Products/18082025_1755516778180_1755516783157_8712400117425_1.png",
    "available": false,
    "promoUntil": null
  },
  {
    "id": "648017BLK",
    "title": "Mutti Tomatensaus Pelati Bio 400g",
    "category": "Wereldkeukens, kruiden, pasta en rijst",
    "price": 2.37,
    "promoPrice": null,
    "pricePerUnit": "5.93 kg",
    "image": "https://www.jumbo.com/dam-images/fit-in/360x360/Products/28082024_1724855202337_1724855213075_648017_BLK_08005110413544_C1N1.png",
    "available": false,
    "promoUntil": null
  },
  {
    "id": "91620ZK",
    "title": "Silvo Mix voor Shoarma 25 g",
    "category": "Wereldkeukens, kruiden, pasta en rijst",
    "price": 1.88,
    "promoPrice": null,
    "pricePerUnit": "75.2 kg",
    "image": "https://www.jumbo.com/dam-images/fit-in/360x360/Products/24062024_1719235998470_1719236009983_8715500041836_1.png",
    "available": false,
    "promoUntil": null
  },
  {
    "id": "678380STK",
    "title": "HEMA Slinger Cirkels Multicolor",
    "category": "Non-food en servicebalie",
    "price": 2.69,
    "promoPrice": null,
    "pricePerUnit": "2.69 pieces",
    "image": "https://www.jumbo.com/dam-images/fit-in/360x360/Products/06022025_1738858897195_1738858902116_678380_STK_08720354508336_C1N1.png",
    "available": false,
    "promoUntil": null
  },
  {
    "id": "606853BUS",
    "title": "Sanex Dermo Sensitive Deospray 200ml",
    "category": "Drogisterij en baby",
    "price": 5.39,
    "promoPrice": null,
    "pricePerUnit": "26.95 l",
    "image": "https://www.jumbo.com/dam-images/fit-in/360x360/Products/22122023_1703234685138_1703234686964_606853_BUS_08718951561687_C1N1.png",
    "available": false,
    "promoUntil": null
  },
  {
    "id": "446719TAS",
    "title": "Noel Fuet Ibérico 150 g",
    "category": "Vleeswaren, kaas en tapas",
    "price": 4.19,
    "promoPrice": null,
    "pricePerUnit": "27.93 kg",
    "image": "https://www.jumbo.com/dam-images/fit-in/360x360/Products/10082023_1691675596209_1691675599727_8410783139668_1.png",
    "available": false,
    "promoUntil": null
  },
  {
    "id": "224487POT",
    "title": "Jumbo Mosterd Dille Dipper 45 g",
    "category": "Vleeswaren, kaas en tapas",
    "price": 1.29,
    "promoPrice": null,
    "pricePerUnit": "28.67 kg",
    "image": "https://www.jumbo.com/dam-images/fit-in/360x360/Products/12122024_1734014441098_1734014448546_87341928_1.png",
    "available": false,
    "promoUntil": null
  },
  {
    "id": "395551ZK",
    "title": "Jumbo Pindarotsjes Puur 250 g",
    "category": "Koek, snoep, chocolade en chips",
    "price": 2.49,
    "promoPrice": null,
    "pricePerUnit": "9.96 kg",
    "image": "https://www.jumbo.com/dam-images/fit-in/360x360/Products/12122024_1734021183347_1734021192356_8718452491001_1.png",
    "available": false,
    "promoUntil": null
  },
  {
    "id": "198578DS",
    "title": "Jumbo Smoothiemix Ananas, Papaja & Mango 250 g",
    "category": "Diepvries",
    "price": 1.99,
    "promoPrice": null,
    "pricePerUnit": "7.96 kg",
    "image": "https://www.jumbo.com/dam-images/fit-in/360x360/Products/09082023_1691584886982_1691584913787_8718452286843_1.png",
    "available": false,
    "promoUntil": null
  },
  {
    "id": "691496STK",
    "title": "HEMA Verpakkingstape 50mm x 50m",
    "category": "Non-food en servicebalie",
    "price": 3.69,
    "promoPrice": null,
    "pricePerUnit": "3.69 pieces",
    "image": "https://www.jumbo.com/dam-images/fit-in/360x360/Products/30112023_1701312975079_1701312980450_542110_STK_08716618495344_C1N1.png",
    "available": false,
    "promoUntil": null
  },
  {
    "id": "594182DS",
    "title": "B'tween Nuts & Choc Cashew met Witte en Pure Chocolade 3 x 32g",
    "category": "Koek, snoep, chocolade en chips",
    "price": 3.45,
    "promoPrice": null,
    "pricePerUnit": "35.94 kg",
    "image": "https://www.jumbo.com/dam-images/fit-in/360x360/Products/26022025_1740547575709_1740547601644_594182_DS_08713500080992_H1N1.png",
    "available": false,
    "promoUntil": null
  },
  {
    "id": "696074ZK",
    "title": "Jumbo Sprits Staafjes Mini 125g",
    "category": "Koek, snoep, chocolade en chips",
    "price": 1.99,
    "promoPrice": null,
    "pricePerUnit": "15.92 kg",
    "image": "https://www.jumbo.com/dam-images/fit-in/360x360/Products/30042025_1746009522916_1746009548689_696074_ZK_08718452871889_C1N1.png",
    "available": false,
    "promoUntil": null
  },
  {
    "id": "709091FLS",
    "title": "Lowlander Tropical Ale Fles 330 ml",
    "category": "Bier en wijn",
    "price": 2.49,
    "promoPrice": null,
    "pricePerUnit": "7.55 l",
    "image": "https://www.jumbo.com/dam-images/fit-in/360x360/Products/01022025_1738383623837_1738383626955_669467_FLS_08719992646326_C1N1.png",
    "available": false,
    "promoUntil": null
  },
  {
    "id": "687716ZK",
    "title": "Takis Blue Heat Seasoned Chilli and Lime Flavour Corn Snack 100 g",
    "category": "Koek, snoep, chocolade en chips",
    "price": 2.99,
    "promoPrice": null,
    "pricePerUnit": "29.9 kg",
    "image": "https://www.jumbo.com/dam-images/fit-in/360x360/Products/20052025_1747726464983_1747726471641_8412600047484_1.png",
    "available": false,
    "promoUntil": null
  },
  {
    "id": "675395FLS",
    "title": "Jumbo Shot Spirulina & Lavendel & Kokos 60ML",
    "category": "Frisdrank en sappen",
    "price": 1.99,
    "promoPrice": null,
    "pricePerUnit": "33.17 l",
    "image": "https://www.jumbo.com/dam-images/fit-in/360x360/Products/21022025_1740151974272_1740151981710_8718452884544_1.png",
    "available": false,
    "promoUntil": null
  },
  {
    "id": "673191POT",
    "title": "Valsoia Plant-Based Gelato Pistachio 300 g",
    "category": "Diepvries",
    "price": 4.49,
    "promoPrice": null,
    "pricePerUnit": "8.98 l",
    "image": "https://www.jumbo.com/dam-images/fit-in/360x360/Products/26052025_1748225858223_1748225860598_673191_POT_08006040675156_A1N1.png",
    "available": false,
    "promoUntil": null
  },
  {
    "id": "91489ZK",
    "title": "Silvo Mix voor Hamburger 38 g",
    "category": "Wereldkeukens, kruiden, pasta en rijst",
    "price": 1.88,
    "promoPrice": null,
    "pricePerUnit": "49.47 kg",
    "image": "https://www.jumbo.com/dam-images/fit-in/360x360/Products/24062024_1719235998301_1719236020242_8715500041829_596.png",
    "available": false,
    "promoUntil": null
  },
  {
    "id": "709387DS",
    "title": "Ferrero Rocher Macadamia Hazelnoot Melk 90 g",
    "category": "Koek, snoep, chocolade en chips",
    "price": 2.65,
    "promoPrice": null,
    "pricePerUnit": "29.44 kg",
    "image": "https://www.jumbo.com/dam-images/fit-in/360x360/Products/18092025_1758195289072_1758195293631_8000500447833_1.png",
    "available": false,
    "promoUntil": null
  },
  {
    "id": "680670ZK",
    "title": "Lutti Surfizz XL 200g",
    "category": "Koek, snoep, chocolade en chips",
    "price": 2.29,
    "promoPrice": null,
    "pricePerUnit": "11.45 kg",
    "image": "https://www.jumbo.com/dam-images/fit-in/360x360/Products/19022025_1739952415375_1739952423961_680670_ZK_03116740032199_C1N1.png",
    "available": false,
    "promoUntil": null
  },
  {
    "id": "653459TUB",
    "title": "Just Add Garlic Puree 75g",
    "category": "Wereldkeukens, kruiden, pasta en rijst",
    "price": 1.79,
    "promoPrice": null,
    "pricePerUnit": "23.87 kg",
    "image": "https://www.jumbo.com/dam-images/fit-in/360x360/Products/18112024_1731929598088_1731929603919_5060483021744_1.png",
    "available": false,
    "promoUntil": null
  },
  {
    "id": "554356ZK",
    "title": "La Place Melkchocolade Bites met Kaneel, Noten & Pompoenpitten 150 g",
    "category": "Koek, snoep, chocolade en chips",
    "price": 3.99,
    "promoPrice": null,
    "pricePerUnit": "26.6 kg",
    "image": "https://www.jumbo.com/dam-images/fit-in/360x360/Products/09082023_1691593195293_1691593204408_8718452721177_1.png",
    "available": false,
    "promoUntil": null
  },
  {
    "id": "172402POT",
    "title": "Olvarit 12+ Maanden Bloemkool Aardappel Ei 250g",
    "category": "Drogisterij en baby",
    "price": 1.73,
    "promoPrice": null,
    "pricePerUnit": "6.92 kg",
    "image": "https://www.jumbo.com/dam-images/fit-in/360x360/Products/10112023_1699608792238_1699608806982_5900852926266_1.png",
    "available": false,
    "promoUntil": null
  },
  {
    "id": "661937PAK",
    "title": "Jumbo Ice Tea Green Gember Citroengras Zero 1L",
    "category": "Frisdrank en sappen",
    "price": 1.19,
    "promoPrice": null,
    "pricePerUnit": "1.19 l",
    "image": "https://www.jumbo.com/dam-images/fit-in/360x360/Products/12122024_1734014983811_1734014995572_8718452873715_596.png",
    "available": false,
    "promoUntil": null
  },
  {
    "id": "257014STK",
    "title": "Bic 1 Sensitive 10 Stuks",
    "category": "Drogisterij en baby",
    "price": 3.39,
    "promoPrice": null,
    "pricePerUnit": "0.34 pieces",
    "image": "https://www.jumbo.com/dam-images/fit-in/360x360/Products/09082023_1691585359485_1691585365489_3086125705119_1.png",
    "available": false,
    "promoUntil": null
  },
  {
    "id": "559766POT",
    "title": "Jumbo Pesto alla Calabrese 190 g",
    "category": "Wereldkeukens, kruiden, pasta en rijst",
    "price": 2.29,
    "promoPrice": null,
    "pricePerUnit": "12.05 kg",
    "image": "https://www.jumbo.com/dam-images/fit-in/360x360/Products/14022024_1707873315505_1707873325146_8718452726189_1.png",
    "available": false,
    "promoUntil": null
  },
  {
    "id": "575401FLS",
    "title": "Vida Barcelona Cava Brut Magnum 1500ML",
    "category": "Bier en wijn",
    "price": 14.99,
    "promoPrice": null,
    "pricePerUnit": "9.99 l",
    "image": "https://www.jumbo.com/dam-images/fit-in/360x360/Products/14022024_1707873858520_1707873862502_8718452748440_1.png",
    "available": false,
    "promoUntil": null
  },
  {
    "id": "566076DS",
    "title": "Honig Natuurlijk vol smaak Bami Speciaal 36 g",
    "category": "Wereldkeukens, kruiden, pasta en rijst",
    "price": 1.99,
    "promoPrice": null,
    "pricePerUnit": "55.28 kg",
    "image": "https://www.jumbo.com/dam-images/fit-in/360x360/Products/05072025_1751679033483_1751679039484_566076_DS_08714700170858_C1N1.png",
    "available": false,
    "promoUntil": null
  },
  {
    "id": "363930ZK",
    "title": "OREO Crunchies koekjes bedekt met melkchocoladesmaak 110 g",
    "category": "Koek, snoep, chocolade en chips",
    "price": 2.07,
    "promoPrice": null,
    "pricePerUnit": "18.82 kg",
    "image": "https://www.jumbo.com/dam-images/fit-in/360x360/Products/02092025_1756809249357_1756809260452_7622201125660_596.png",
    "available": false,
    "promoUntil": null
  },
  {
    "id": "625628DS",
    "title": "Jumbo Knettermix Waterijsjes 6 Stuks 286 g",
    "category": "Diepvries",
    "price": 2.49,
    "promoPrice": null,
    "pricePerUnit": "8.96 kg",
    "image": "https://www.jumbo.com/dam-images/fit-in/360x360/Products/09092025_1757421314769_1757421339823_8718452832361_596.png",
    "available": false,
    "promoUntil": null
  },
  {
    "id": "216465STK",
    "title": "Sanature Inlegkruisjes Super Extra Long 20 Stuks",
    "category": "Drogisterij en baby",
    "price": 3.69,
    "promoPrice": null,
    "pricePerUnit": "0.18 pieces",
    "image": "https://www.jumbo.com/dam-images/fit-in/360x360/Products/19012024_1705635380385_1705635381840_216465_STK_08717677380404_C1N1.png",
    "available": false,
    "promoUntil": null
  },
  {
    "id": "616688FLS",
    "title": "Dove Calming Caring Bath Badcrème Sheaboter & Vanille 450 ml",
    "category": "Drogisterij en baby",
    "price": 8.95,
    "promoPrice": null,
    "pricePerUnit": "19.89 l",
    "image": "https://www.jumbo.com/dam-images/fit-in/360x360/Products/22112024_1732242078101_1732242089985_616688_FLS_08717163762233_C1N1.png",
    "available": false,
    "promoUntil": null
  },
  {
    "id": "554362RP",
    "title": "La Place Melk Chocoladereep 110 g",
    "category": "Koek, snoep, chocolade en chips",
    "price": 2.99,
    "promoPrice": null,
    "pricePerUnit": "27.18 kg",
    "image": "https://www.jumbo.com/dam-images/fit-in/360x360/Products/09082023_1691593195554_1691593204630_8718452709236_1.png",
    "available": false,
    "promoUntil": null
  },
  {
    "id": "271426DSL",
    "title": "Jumbo Huiswijn - Sauvignon Blanc 12 x 250 ml",
    "category": "Bier en wijn",
    "price": 27.48,
    "promoPrice": null,
    "pricePerUnit": "9.16 l",
    "image": "https://www.jumbo.com/dam-images/fit-in/360x360/Products/271426DSL-1692280322540.png",
    "available": false,
    "promoUntil": null
  },
  {
    "id": "546874FLS",
    "title": "Dove Bath Therapy Badschuim & Douchegel Renew 400 ml",
    "category": "Drogisterij en baby",
    "price": 8.99,
    "promoPrice": null,
    "pricePerUnit": "22.48 l",
    "image": "https://www.jumbo.com/dam-images/fit-in/360x360/Products/26112024_1732589271400_1732589288290_546874_FLS_08720181296437_C1N1.png",
    "available": false,
    "promoUntil": null
  },
  {
    "id": "226688STK",
    "title": "Pedigree Adult Maaltijdzakjes - Mix Selectie in saus - Hondenvoer 12 x 100g",
    "category": "Huishouden en dieren",
    "price": 6.62,
    "promoPrice": null,
    "pricePerUnit": "5.52 kg",
    "image": "https://www.jumbo.com/dam-images/fit-in/360x360/Products/24062025_1750789968940_1750789988913_3065890133457_596.png",
    "available": false,
    "promoUntil": null
  },
  {
    "id": "394663TRA",
    "title": "Mitsuba Wasabi Crispy Rise Crackers 100 g",
    "category": "Koek, snoep, chocolade en chips",
    "price": 2.17,
    "promoPrice": null,
    "pricePerUnit": "21.7 kg",
    "image": "https://www.jumbo.com/dam-images/fit-in/360x360/Products/12062025_1749693991786_1749694000113_394663_TRA_08711299003093_C1N1.png",
    "available": true,
    "promoUntil": null
  },
  {
    "id": "672487STK",
    "title": "Jumbo C - LR14 - 2 Stuks",
    "category": "Non-food en servicebalie",
    "price": 1.89,
    "promoPrice": null,
    "pricePerUnit": "0.95 pieces",
    "image": "https://www.jumbo.com/dam-images/fit-in/360x360/Products/05042025_1743811236218_1743811251436_8718452182053_1.png",
    "available": false,
    "promoUntil": null
  },
  {
    "id": "653214DS",
    "title": "Verkade Specials Prinses Aardbei 145 g",
    "category": "Koek, snoep, chocolade en chips",
    "price": 2.27,
    "promoPrice": null,
    "pricePerUnit": "15.66 kg",
    "image": "https://www.jumbo.com/dam-images/fit-in/360x360/Products/04012025_1735959014009_1735959020630_653214_DS_08710412240896_H1N1.png",
    "available": false,
    "promoUntil": null
  },
  {
    "id": "675394FLS",
    "title": "Jumbo Shot Citroen Yuzu 60ML",
    "category": "Frisdrank en sappen",
    "price": 1.99,
    "promoPrice": null,
    "pricePerUnit": "33.17 l",
    "image": "https://www.jumbo.com/dam-images/fit-in/360x360/Products/21022025_1740151974356_1740151980734_8718452884537_1.png",
    "available": false,
    "promoUntil": null
  },
  {
    "id": "167840DS",
    "title": "Jumbo Biologisch Volkoren Rigatoni 500 g",
    "category": "Wereldkeukens, kruiden, pasta en rijst",
    "price": 0.85,
    "promoPrice": null,
    "pricePerUnit": "1.7 kg",
    "image": "https://www.jumbo.com/dam-images/fit-in/360x360/Products/07122023_1701963245831_1701963254564_8718452649914_1.png",
    "available": false,
    "promoUntil": null
  },
  {
    "id": "588350FLS",
    "title": "L'Oréal Men Expert Power Age Moisturiser 50ML",
    "category": "Drogisterij en baby",
    "price": 19.99,
    "promoPrice": null,
    "pricePerUnit": "399.8 l",
    "image": "https://www.jumbo.com/dam-images/fit-in/360x360/Products/05092023_1693915862105_1693915864800_588350_FLS_03600524073886_C1N1.png",
    "available": false,
    "promoUntil": null
  },
  {
    "id": "587431DS",
    "title": "Delacre Etoile Collection 150g",
    "category": "Koek, snoep, chocolade en chips",
    "price": 3.99,
    "promoPrice": null,
    "pricePerUnit": "26.6 kg",
    "image": "https://www.jumbo.com/dam-images/fit-in/360x360/Products/3116430216601T196c038564-10dc-4e62-8a7e-86e81cae8e26-1738576421689.png",
    "available": false,
    "promoUntil": null
  },
  {
    "id": "430987DS",
    "title": "Grolsch Frisse Lentebok Flessen 6x300ML",
    "category": "Bier en wijn",
    "price": 7.99,
    "promoPrice": null,
    "pricePerUnit": "4.44 l",
    "image": "https://www.jumbo.com/dam-images/fit-in/360x360/Products/08716700002061H1N142caba36-aafe-442c-8609-d7a56e05f2f1-1758098135744.png",
    "available": false,
    "promoUntil": null
  },
  {
    "id": "554353RP",
    "title": "La Place Pure Chocoladereep 110 g",
    "category": "Koek, snoep, chocolade en chips",
    "price": 2.99,
    "promoPrice": null,
    "pricePerUnit": "27.18 kg",
    "image": "https://www.jumbo.com/dam-images/fit-in/360x360/Products/09082023_1691593195184_1691593205127_8718452709250_1.png",
    "available": false,
    "promoUntil": null
  },
  {
    "id": "665913ZK",
    "title": "7 Days Double Vanilla Flavour & Sour Cherry Flavoured Fillings 60 g",
    "category": "Wereldkeukens, kruiden, pasta en rijst",
    "price": 0.99,
    "promoPrice": null,
    "pricePerUnit": "16.5 kg",
    "image": "https://www.jumbo.com/dam-images/fit-in/360x360/Products/06032025_1741275176172_1741275183058_7622201393915_1.png",
    "available": false,
    "promoUntil": null
  },
  {
    "id": "709785DS",
    "title": "Royal Club Bitter Lemon 0% 4 x 250ML",
    "category": "Frisdrank en sappen",
    "price": 3.39,
    "promoPrice": null,
    "pricePerUnit": "3.39 l",
    "image": "https://www.jumbo.com/dam-images/fit-in/360x360/Products/08715600251418C1N1457a8fb4-d952-4972-ba0f-7c32f21cc77f-1755598027779.png",
    "available": false,
    "promoUntil": null
  },
  {
    "id": "496513STK",
    "title": "Aspirine 500 mg tabletten, 20 stuks",
    "category": "Drogisterij en baby",
    "price": 5.39,
    "promoPrice": null,
    "pricePerUnit": "0.27 pieces",
    "image": "https://www.jumbo.com/dam-images/fit-in/360x360/Products/08072025_1751932869500_1751932875312_8713091000980_1.png",
    "available": false,
    "promoUntil": null
  },
  {
    "id": "664991PAK",
    "title": "Jumbo Koffiecake met Koffiesmaak 350 g",
    "category": "Koek, snoep, chocolade en chips",
    "price": 2.29,
    "promoPrice": null,
    "pricePerUnit": "6.54 kg",
    "image": "https://www.jumbo.com/dam-images/fit-in/360x360/Products/20052025_1747729986405_1747729993674_8718452862351_1.png",
    "available": false,
    "promoUntil": null
  },
  {
    "id": "653458TUB",
    "title": "Just Add Basil Puree 75g",
    "category": "Wereldkeukens, kruiden, pasta en rijst",
    "price": 1.79,
    "promoPrice": null,
    "pricePerUnit": "23.87 kg",
    "image": "https://www.jumbo.com/dam-images/fit-in/360x360/Products/18112024_1731929597998_1731929603560_5060483021720_1.png",
    "available": false,
    "promoUntil": null
  },
  {
    "id": "637170KGR",
    "title": "Wapenaer Goudse Kaas Oud 35+ ca. 175 g",
    "category": "Vleeswaren, kaas en tapas",
    "price": 4.02,
    "promoPrice": null,
    "pricePerUnit": "22.99 kg",
    "image": "https://www.jumbo.com/dam-images/fit-in/360x360/Products/26032025_1742981586502_1742981592851_2336151000000_1.png",
    "available": true,
    "promoUntil": null
  },
  {
    "id": "610363DS",
    "title": "Pampers Premium Protection Luiers Maxi Maat 6 66 Luiers",
    "category": "Drogisterij en baby",
    "price": 47.79,
    "promoPrice": null,
    "pricePerUnit": "0.72 pieces",
    "image": "https://www.jumbo.com/dam-images/fit-in/360x360/Products/15022025_1739590225004_1739590226242_610363_DS_08700216207256_C1N1.png",
    "available": false,
    "promoUntil": null
  },
  {
    "id": "711791DS",
    "title": "Witte Reus Blauw Actief Eucalyptus 50g",
    "category": "Huishouden en dieren",
    "price": 3.69,
    "promoPrice": null,
    "pricePerUnit": "73.8 kg",
    "image": "https://www.jumbo.com/dam-images/fit-in/360x360/Products/29072025_1753786052477_1753786060742_711791_DS_05410091779184_C1N1.png",
    "available": false,
    "promoUntil": null
  },
  {
    "id": "714653FLS",
    "title": "Fritz-Limo - Appel Kers - 330ML",
    "category": "Frisdrank en sappen",
    "price": 1.35,
    "promoPrice": null,
    "pricePerUnit": "4.09 l",
    "image": "https://www.jumbo.com/dam-images/fit-in/360x360/Products/18092023_1695045679264_1695045689713_4260107220299_1.png",
    "available": false,
    "promoUntil": null
  },
  {
    "id": "574242PAK",
    "title": "Ricola Citroen Munt suikervrij duopack 2 x 50 g",
    "category": "Koek, snoep, chocolade en chips",
    "price": 3.69,
    "promoPrice": null,
    "pricePerUnit": "36.9 kg",
    "image": "https://www.jumbo.com/dam-images/fit-in/360x360/Products/09072024_1720490237651_1720490244726_574242_PAK_07610700018330_H1N1.png",
    "available": false,
    "promoUntil": null
  },
  {
    "id": "386691BLS",
    "title": "Kanjers Kleine Melkchocolade Karamel Wafeltjes 161 g",
    "category": "Koek, snoep, chocolade en chips",
    "price": 3.29,
    "promoPrice": null,
    "pricePerUnit": "20.43 kg",
    "image": "https://www.jumbo.com/dam-images/fit-in/360x360/Products/09082023_1691587591073_1691587600612_8710739492893_1.png",
    "available": false,
    "promoUntil": null
  },
  {
    "id": "679125ZK",
    "title": "Jumbo Lekker Vrij van Gluten Zelfrijzend Bakmeel 450 g",
    "category": "Brood en gebak",
    "price": 2.93,
    "promoPrice": null,
    "pricePerUnit": "6.51 kg",
    "image": "https://www.jumbo.com/dam-images/fit-in/360x360/Products/06032025_1741267947317_1741267956294_8718452849048_1.png",
    "available": false,
    "promoUntil": null
  },
  {
    "id": "490165PAK",
    "title": "Jumbo - Schelpbroodjes - 6 Stuks",
    "category": "Brood en gebak",
    "price": 1.85,
    "promoPrice": null,
    "pricePerUnit": "6.17 kg",
    "image": "https://www.jumbo.com/dam-images/fit-in/360x360/Products/09082023_1691591002966_1691591037952_8718452652167_1.png",
    "available": false,
    "promoUntil": null
  },
  {
    "id": "711776DS",
    "title": "Witte Reus Turquoise Actief 50g",
    "category": "Huishouden en dieren",
    "price": 4.29,
    "promoPrice": null,
    "pricePerUnit": "4.29 wb",
    "image": "https://www.jumbo.com/dam-images/fit-in/360x360/Products/29072025_1753786006304_1753786013440_711776_DS_05410091779023_C1N1.png",
    "available": false,
    "promoUntil": null
  },
  {
    "id": "579344ZK",
    "title": "BitesWeLove Flip Its Cheese Flavour Lentil Puffs 75 g",
    "category": "Koek, snoep, chocolade en chips",
    "price": 2.29,
    "promoPrice": null,
    "pricePerUnit": "30.53 kg",
    "image": "https://www.jumbo.com/dam-images/fit-in/360x360/Products/24042024_1713969252747_1713969269118_8711299015676_596.png",
    "available": false,
    "promoUntil": null
  },
  {
    "id": "672490STK",
    "title": "Jumbo D - LR20 - 2 Stuks",
    "category": "Non-food en servicebalie",
    "price": 2.69,
    "promoPrice": null,
    "pricePerUnit": "1.35 pieces",
    "image": "https://www.jumbo.com/dam-images/fit-in/360x360/Products/05042025_1743811236295_1743811242651_8718452182060_1.png",
    "available": false,
    "promoUntil": null
  },
  {
    "id": "689008STK",
    "title": "Robijn Droogtrommeldoekjes Morgenfris 20 Stuks",
    "category": "Huishouden en dieren",
    "price": 3.99,
    "promoPrice": null,
    "pricePerUnit": "0.2 pieces",
    "image": "https://www.jumbo.com/dam-images/fit-in/360x360/Products/27032025_1743074866926_1743074883258_689008_STK_08720181674150_C1N1.png",
    "available": false,
    "promoUntil": null
  },
  {
    "id": "712142DS",
    "title": "Witte Reus Kracht Actief Lavendel 50g",
    "category": "Huishouden en dieren",
    "price": 3.69,
    "promoPrice": null,
    "pricePerUnit": "3.69 wb",
    "image": "https://www.jumbo.com/dam-images/fit-in/360x360/Products/31072025_1753969690243_1753969699518_712142_DS_05410091778859_C1N1.png",
    "available": false,
    "promoUntil": null
  },
  {
    "id": "566772BLK",
    "title": "Minerva Sardines in Olijfolie 120 g",
    "category": "Vleeswaren, kaas en tapas",
    "price": 2.99,
    "promoPrice": null,
    "pricePerUnit": "35.18 kg",
    "image": "https://www.jumbo.com/dam-images/fit-in/360x360/Products/14022024_1707873977113_1707873984307_5606677101009_1.png",
    "available": false,
    "promoUntil": null
  },
  {
    "id": "616889ZK",
    "title": "Elephant Pretzels with a Twist Sea Salt & Honey 160 g",
    "category": "Koek, snoep, chocolade en chips",
    "price": 2.49,
    "promoPrice": null,
    "pricePerUnit": "15.56 kg",
    "image": "https://www.jumbo.com/dam-images/fit-in/360x360/Products/16062025_1750070006882_1750070016770_5949040203482_1.png",
    "available": false,
    "promoUntil": null
  },
  {
    "id": "635392ZK",
    "title": "Kwekkeboom Oven & Airfryer Oesterzwam Bitterballen 250 g",
    "category": "Diepvries",
    "price": 4.99,
    "promoPrice": null,
    "pricePerUnit": "19.96 kg",
    "image": "https://www.jumbo.com/dam-images/fit-in/360x360/Products/17062024_1718633250902_1718633256855_635392_ZK_08719009380915_C1N1.png",
    "available": false,
    "promoUntil": null
  },
  {
    "id": "656534ZK",
    "title": "Crunchips X-Cut Salted 130g",
    "category": "Koek, snoep, chocolade en chips",
    "price": 1.0,
    "promoPrice": null,
    "pricePerUnit": "7.69 kg",
    "image": "https://www.jumbo.com/dam-images/fit-in/360x360/Products/30002865CrunchipsxCutSalted130gFOPb6f39081-e400-463a-92b5-7447dec13eba-1751965971358.png",
    "available": false,
    "promoUntil": null
  },
  {
    "id": "261875STK",
    "title": "L'Oréal Paris Studio Line Remix Styling Paste 2 x 150 ml",
    "category": "Drogisterij en baby",
    "price": 8.99,
    "promoPrice": null,
    "pricePerUnit": "4.5 pieces",
    "image": "https://www.jumbo.com/dam-images/fit-in/360x360/Products/09082023_1691591479557_1691591501514_8710678777136_1.png",
    "available": false,
    "promoUntil": null
  },
  {
    "id": "520913ZK",
    "title": "Organix Rijstwafels Apple Rice Cake Clouds 40 g",
    "category": "Drogisterij en baby",
    "price": 1.93,
    "promoPrice": null,
    "pricePerUnit": "48.25 kg",
    "image": "https://www.jumbo.com/dam-images/fit-in/360x360/Products/13122024_1734085978751_1734085998883_8713500012856_1.png",
    "available": false,
    "promoUntil": null
  },
  {
    "id": "477889POT",
    "title": "Little Maryam My Favorite Groentepuree met Kip 8+ Maanden 190 g",
    "category": "Drogisterij en baby",
    "price": 1.89,
    "promoPrice": null,
    "pricePerUnit": "9.95 kg",
    "image": "https://www.jumbo.com/dam-images/fit-in/360x360/Products/05032024_1709649320747_1709649343715_8720299444409_1.png",
    "available": false,
    "promoUntil": null
  },
  {
    "id": "604019ZK",
    "title": "Lutti Bubblizz Mini Surf 180 g",
    "category": "Koek, snoep, chocolade en chips",
    "price": 2.29,
    "promoPrice": null,
    "pricePerUnit": "12.72 kg",
    "image": "https://www.jumbo.com/dam-images/fit-in/360x360/Products/11012024_1704965705007_1704965718991_3664346340694_1.png",
    "available": false,
    "promoUntil": null
  },
  {
    "id": "554355ZK",
    "title": "La Place Chocolade Brokken Puur met Noten, Rozijn & Cranberry 150 g",
    "category": "Koek, snoep, chocolade en chips",
    "price": 3.99,
    "promoPrice": null,
    "pricePerUnit": "26.6 kg",
    "image": "https://www.jumbo.com/dam-images/fit-in/360x360/Products/09082023_1691593195335_1691593205356_8718452709281_1.png",
    "available": false,
    "promoUntil": null
  },
  {
    "id": "711778DS",
    "title": "Witte Reus Paars Actief 50g",
    "category": "Huishouden en dieren",
    "price": 4.29,
    "promoPrice": null,
    "pricePerUnit": "4.29 wb",
    "image": "https://www.jumbo.com/dam-images/fit-in/360x360/Products/29072025_1753786018521_1753786025444_711778_DS_05410091779016_C1N1.png",
    "available": false,
    "promoUntil": null
  },
  {
    "id": "647085CUP",
    "title": "Jumbo Zuivelspread Extra Romig Naturel 200 g",
    "category": "Vleeswaren, kaas en tapas",
    "price": 1.85,
    "promoPrice": null,
    "pricePerUnit": "9.25 kg",
    "image": "https://www.jumbo.com/dam-images/fit-in/360x360/Products/21012025_1737425237552_1737425240953_647085_CUP_08718452839575_C1N1.png",
    "available": false,
    "promoUntil": null
  },
  {
    "id": "561257STK",
    "title": "Pampers Baby-Dry Maat 6, 92 Luiers",
    "category": "Drogisterij en baby",
    "price": 54.99,
    "promoPrice": null,
    "pricePerUnit": "0.6 pieces",
    "image": "https://www.jumbo.com/dam-images/fit-in/360x360/Products/20092025_1758336722075_1758336723983_561257_STK_08700216366755_C1N1.png",
    "available": false,
    "promoUntil": null
  },
  {
    "id": "153864PAK",
    "title": "Jumbo Strips met Baconsmaak 85 g",
    "category": "Huishouden en dieren",
    "price": 1.69,
    "promoPrice": null,
    "pricePerUnit": "19.88 kg",
    "image": "https://www.jumbo.com/dam-images/fit-in/360x360/Products/10052024_1715351654856_1715351663426_8718452549313_1.png",
    "available": false,
    "promoUntil": null
  },
  {
    "id": "393435PAK",
    "title": "Killerbody Proteïne Reep Lemon Cheesecake 40g",
    "category": "Koek, snoep, chocolade en chips",
    "price": 2.24,
    "promoPrice": 1.68,
    "pricePerUnit": "56.0 kg",
    "image": "https://www.jumbo.com/dam-images/fit-in/360x360/Products/17112023_1700188602915_1700188612164_393435_PAK_08719324787918_C1N1.png",
    "available": false,
    "promoUntil": "di 7 okt"
  },
  {
    "id": "670812STK",
    "title": "HEMA Cadeautas M Bloem Klein",
    "category": "Non-food en servicebalie",
    "price": 0.99,
    "promoPrice": null,
    "pricePerUnit": "0.99 pieces",
    "image": "https://www.jumbo.com/dam-images/fit-in/360x360/Products/25042025_1745548966644_1745548969858_670812_STK_08718537871995_C1N1.png",
    "available": false,
    "promoUntil": null
  },
  {
    "id": "696075ZK",
    "title": "Jumbo Mini Speculaasjes 125g",
    "category": "Koek, snoep, chocolade en chips",
    "price": 1.99,
    "promoPrice": null,
    "pricePerUnit": "15.92 kg",
    "image": "https://www.jumbo.com/dam-images/fit-in/360x360/Products/30042025_1746009538219_1746009561331_696075_ZK_08718452871896_C1N1.png",
    "available": false,
    "promoUntil": null
  },
  {
    "id": "138333ZK",
    "title": "Vegeter's Knijpertjes Flinterdunne Wafeltjes 150 g",
    "category": "Koek, snoep, chocolade en chips",
    "price": 1.95,
    "promoPrice": null,
    "pricePerUnit": "13.0 kg",
    "image": "https://www.jumbo.com/dam-images/fit-in/360x360/Products/07032025_1741350805023_1741350809537_8710738200208_1.png",
    "available": false,
    "promoUntil": null
  },
  {
    "id": "288363STK",
    "title": "Kanjers Salted Caramel Stroopwafels 8 Stuks 320 g",
    "category": "Koek, snoep, chocolade en chips",
    "price": 3.09,
    "promoPrice": null,
    "pricePerUnit": "9.66 kg",
    "image": "https://www.jumbo.com/dam-images/fit-in/360x360/Products/09082023_1691586030647_1691586038235_8710739498314_1.png",
    "available": false,
    "promoUntil": null
  },
  {
    "id": "650084CUP",
    "title": "Jumbo Tomaten Bruschettatopping met Rode Ui en Pesto 100 g",
    "category": "Vleeswaren, kaas en tapas",
    "price": 2.39,
    "promoPrice": null,
    "pricePerUnit": "23.9 kg",
    "image": "https://www.jumbo.com/dam-images/fit-in/360x360/Products/07072025_1751902647524_1751902655740_8718452903061_1.png",
    "available": false,
    "promoUntil": null
  },
  {
    "id": "709767DS",
    "title": "Royal Club Pink Grapefruit 0% 4 x 250ML",
    "category": "Frisdrank en sappen",
    "price": 3.39,
    "promoPrice": null,
    "pricePerUnit": "3.39 l",
    "image": "https://www.jumbo.com/dam-images/fit-in/360x360/Products/08715600251470C1N13751f432-99de-49b9-b29e-d32c334ae75a-1752753845443.png",
    "available": false,
    "promoUntil": null
  },
  {
    "id": "698630FLS",
    "title": "Andrélon Shampoo Levendige Kleur 250 ml",
    "category": "Drogisterij en baby",
    "price": 6.49,
    "promoPrice": null,
    "pricePerUnit": "25.96 l",
    "image": "https://www.jumbo.com/dam-images/fit-in/360x360/Products/11072025_1752244367014_1752244371731_8720181576706_1.png",
    "available": false,
    "promoUntil": null
  },
  {
    "id": "558881PAK",
    "title": "Agrumi Keukenpapier met Citroengeur 2 Lagen 2 Rollen",
    "category": "Huishouden en dieren",
    "price": 3.25,
    "promoPrice": null,
    "pricePerUnit": "1.63 pieces",
    "image": "https://www.jumbo.com/dam-images/fit-in/360x360/Products/09082023_1691593195924_1691593249212_8720299948402_1.png",
    "available": false,
    "promoUntil": null
  },
  {
    "id": "479261TRA",
    "title": "Olvarit 12+ Maanden Variatiemenu Fruit 12 x 200g",
    "category": "Drogisterij en baby",
    "price": 15.24,
    "promoPrice": null,
    "pricePerUnit": "6.35 kg",
    "image": "https://www.jumbo.com/dam-images/fit-in/360x360/Products/28062024_1719542196437_1719542201339_479261_TRA_08712400117418_H1N1.png",
    "available": false,
    "promoUntil": null
  },
  {
    "id": "411765TUB",
    "title": "Zwitsal Gezichtscrème Op 'T Wangetje 100 ml",
    "category": "Drogisterij en baby",
    "price": 5.99,
    "promoPrice": null,
    "pricePerUnit": "59.9 l",
    "image": "https://www.jumbo.com/dam-images/fit-in/360x360/Products/19092025_1758245378681_1758245403262_411765_TUB_08712561632379_H1N1.png",
    "available": false,
    "promoUntil": null
  },
  {
    "id": "711777DS",
    "title": "Witte Reus Pro Nature Munt Eucalyptus 50g",
    "category": "Huishouden en dieren",
    "price": 3.69,
    "promoPrice": null,
    "pricePerUnit": "3.69 wb",
    "image": "https://www.jumbo.com/dam-images/fit-in/360x360/Products/29072025_1753786013559_1753786021827_711777_DS_05410091778767_C1N1.png",
    "available": false,
    "promoUntil": null
  },
  {
    "id": "271426FLS",
    "title": "Jumbo Huiswijn - Sauvignon Blanc - 250ML",
    "category": "Bier en wijn",
    "price": 2.29,
    "promoPrice": null,
    "pricePerUnit": "9.16 l",
    "image": "https://www.jumbo.com/dam-images/fit-in/360x360/Products/18092023_1695043371783_1695043373806_8718452381289_1.png",
    "available": false,
    "promoUntil": null
  },
  {
    "id": "128667ZK",
    "title": "Jumbo Pipe Rigate 500 g",
    "category": "Wereldkeukens, kruiden, pasta en rijst",
    "price": 1.19,
    "promoPrice": null,
    "pricePerUnit": "2.38 kg",
    "image": "https://www.jumbo.com/dam-images/fit-in/360x360/Products/20022024_1708421597971_1708421609470_8718452667352_1.png",
    "available": false,
    "promoUntil": null
  },
  {
    "id": "627848FLS",
    "title": "Covelt Dixap Geel Fruit 500ml",
    "category": "Drogisterij en baby",
    "price": 4.85,
    "promoPrice": null,
    "pricePerUnit": "9.7 l",
    "image": "https://www.jumbo.com/dam-images/fit-in/360x360/Products/02052024_1714655285772_1714655297818_627848_FLS_08711544124153_C1N1.png",
    "available": false,
    "promoUntil": null
  },
  {
    "id": "167841DS",
    "title": "Jumbo Biologisch Naturel Macaroni 500 g",
    "category": "Wereldkeukens, kruiden, pasta en rijst",
    "price": 0.77,
    "promoPrice": null,
    "pricePerUnit": "1.54 kg",
    "image": "https://www.jumbo.com/dam-images/fit-in/360x360/Products/07122023_1701963245758_1701963257350_8718452649877_1.png",
    "available": false,
    "promoUntil": null
  },
  {
    "id": "133859DS",
    "title": "Iglo Visfrietjes 224g",
    "category": "Diepvries",
    "price": 3.29,
    "promoPrice": null,
    "pricePerUnit": "14.69 kg",
    "image": "https://www.jumbo.com/dam-images/fit-in/360x360/Products/24052025_1748049214787_1748049219410_133859_DS_08717774265079_C1N1.png",
    "available": false,
    "promoUntil": null
  },
  {
    "id": "320607STK",
    "title": "Care Plus Anti-Insect Natural spray, 100 ml",
    "category": "Non-food en servicebalie",
    "price": 15.99,
    "promoPrice": null,
    "pricePerUnit": "159.9 l",
    "image": "https://www.jumbo.com/dam-images/fit-in/360x360/Products/24092025_1758672061310_1758672067637_8714024326238_1.png",
    "available": false,
    "promoUntil": null
  },
  {
    "id": "496415STK",
    "title": "Norit Tabletten diarreeremmers 125 mg, 50 stuks",
    "category": "Drogisterij en baby",
    "price": 9.99,
    "promoPrice": null,
    "pricePerUnit": "0.2 pieces",
    "image": "https://www.jumbo.com/dam-images/fit-in/360x360/Products/24092025_1758672062196_1758672071690_8711744006013_1.png",
    "available": false,
    "promoUntil": null
  },
  {
    "id": "475825ZK",
    "title": "Jumbo Fruits de Mer Assorti Milde Smaak Vriesvers 450 g",
    "category": "Diepvries",
    "price": 7.49,
    "promoPrice": null,
    "pricePerUnit": "16.64 kg",
    "image": "https://www.jumbo.com/dam-images/fit-in/360x360/Products/10082023_1691675813904_1691675819816_8718452581603_1.png",
    "available": false,
    "promoUntil": null
  },
  {
    "id": "494146ZK",
    "title": "Jumbo Cocktail Garnalen 450 g",
    "category": "Diepvries",
    "price": 6.74,
    "promoPrice": null,
    "pricePerUnit": "14.98 kg",
    "image": "https://www.jumbo.com/dam-images/fit-in/360x360/Products/10082023_1691675815308_1691675831290_8718452581580_1.png",
    "available": false,
    "promoUntil": null
  },
  {
    "id": "641682FLS",
    "title": "Jumbo Smoothie Drakenfruit met Appel 750ML",
    "category": "Frisdrank en sappen",
    "price": 2.99,
    "promoPrice": null,
    "pricePerUnit": "3.99 l",
    "image": "https://www.jumbo.com/dam-images/fit-in/360x360/Products/28012025_1738078388517_1738078391536_8718452846702_1.png",
    "available": false,
    "promoUntil": null
  },
  {
    "id": "381937STK",
    "title": "Parodontax Original dagelijkse tandpasta tegen bloedend tandvlees 2 x 75 ml Duo Pack",
    "category": "Drogisterij en baby",
    "price": 10.88,
    "promoPrice": null,
    "pricePerUnit": "72.53 l",
    "image": "https://www.jumbo.com/dam-images/fit-in/360x360/Products/08052025_1746666942967_1746666945589_381937_STK_05054563148360_C1N1.png",
    "available": false,
    "promoUntil": null
  },
  {
    "id": "416218BLK",
    "title": "Sanex Dermo Extra Control 48h Anti-transpirant Spray 200ml",
    "category": "Drogisterij en baby",
    "price": 4.75,
    "promoPrice": null,
    "pricePerUnit": "23.75 l",
    "image": "https://www.jumbo.com/dam-images/fit-in/360x360/Products/10102023_1696904547500_1696904549002_416218_BLK_08718951401174_C1N1.png",
    "available": false,
    "promoUntil": null
  },
  {
    "id": "495322ZK",
    "title": "Zwitsal Water & Care Babydoekjes 75 Stuks",
    "category": "Drogisterij en baby",
    "price": 4.25,
    "promoPrice": null,
    "pricePerUnit": "0.06 pieces",
    "image": "https://www.jumbo.com/dam-images/fit-in/360x360/Products/08042025_1744080971769_1744080998280_495322_ZK_08720181202919_H1N1.png",
    "available": false,
    "promoUntil": null
  },
  {
    "id": "690244DSL",
    "title": "Robijn Klein & Krachtig Wasmiddel Wit 665ML",
    "category": "Huishouden en dieren",
    "price": 143.92,
    "promoPrice": 71.96,
    "pricePerUnit": "0.95 wb",
    "image": "",
    "available": false,
    "promoUntil": "di 7 okt"
  },
  {
    "id": "645681ZK",
    "title": "Olvarit UP! Fruit Stick Aardbei  3 jaar+ 30g",
    "category": "Drogisterij en baby",
    "price": 1.79,
    "promoPrice": null,
    "pricePerUnit": "59.67 kg",
    "image": "https://www.jumbo.com/dam-images/fit-in/360x360/Products/24092025_1758675642847_1758675651854_645681_ZK_08712400120142_C1N1.png",
    "available": false,
    "promoUntil": null
  },
  {
    "id": "133669STK",
    "title": "Dr. Oetker La Margherita Pizza Con Basilico 300 g",
    "category": "Diepvries",
    "price": 3.45,
    "promoPrice": null,
    "pricePerUnit": "11.5 kg",
    "image": "https://www.jumbo.com/dam-images/fit-in/360x360/Products/17042025_1744861061436_1744861071380_133669_STK_04001724603900_C1N1_s01.png",
    "available": false,
    "promoUntil": null
  },
  {
    "id": "627845POT",
    "title": "Jumbo Biologisch Babyvoeding Spaghetti Bolognese met Rundvlees 12+ Maanden 250 g",
    "category": "Drogisterij en baby",
    "price": 1.49,
    "promoPrice": null,
    "pricePerUnit": "5.96 kg",
    "image": "https://www.jumbo.com/dam-images/fit-in/360x360/Products/22072024_1721659043626_1721659051859_8718452803873_1.png",
    "available": false,
    "promoUntil": null
  },
  {
    "id": "583142KGR",
    "title": "Jumbo Geitenkaas 50+ Gerijpt ca. 125 g",
    "category": "Vleeswaren, kaas en tapas",
    "price": 2.08,
    "promoPrice": null,
    "pricePerUnit": "18.56 kg",
    "image": "https://www.jumbo.com/dam-images/fit-in/360x360/Products/12122024_1734014562527_1734014567806_2348692000000_1.png",
    "available": false,
    "promoUntil": null
  },
  {
    "id": "455559KGR",
    "title": "Jumbo Geitenkaas 40+ Honing ca. 125 g",
    "category": "Vleeswaren, kaas en tapas",
    "price": 2.56,
    "promoPrice": null,
    "pricePerUnit": "20.49 kg",
    "image": "https://www.jumbo.com/dam-images/fit-in/360x360/Products/455559_2348690000000_1_T1_455559KGR1691162136102.png",
    "available": false,
    "promoUntil": null
  },
  {
    "id": "686072FLS",
    "title": "Mezzacorona - Pinot Grigio - Rosé 'Premium Collection' - 750ML",
    "category": "Bier en wijn",
    "price": 9.99,
    "promoPrice": null,
    "pricePerUnit": "13.32 l",
    "image": "https://www.jumbo.com/dam-images/fit-in/360x360/Products/26052025_1748244748214_1748244751812_8004305002426_1.png",
    "available": false,
    "promoUntil": null
  },
  {
    "id": "698503FLS",
    "title": "Zwitsal Shampoo Anti Klit 200 ML ",
    "category": "Drogisterij en baby",
    "price": 4.49,
    "promoPrice": null,
    "pricePerUnit": "22.45 l",
    "image": "https://www.jumbo.com/dam-images/fit-in/360x360/Products/12092025_1757640062522_1757640092742_698503_FLS_08720181648762_C1N1.png",
    "available": false,
    "promoUntil": null
  },
  {
    "id": "646986DS",
    "title": "Sensodyne Proglasur Multi-Action Tandpasta 75 ML",
    "category": "Drogisterij en baby",
    "price": 6.29,
    "promoPrice": null,
    "pricePerUnit": "83.87 l",
    "image": "https://www.jumbo.com/dam-images/fit-in/360x360/Products/22082024_1724333056384_1724333057883_646986_DS_05054563207371_C1N1.png",
    "available": false,
    "promoUntil": null
  },
  {
    "id": "616714TUB",
    "title": "Sensodyne Tandvlees Bescherming 75 ml Tube",
    "category": "Drogisterij en baby",
    "price": 5.79,
    "promoPrice": null,
    "pricePerUnit": "77.2 l",
    "image": "https://www.jumbo.com/dam-images/fit-in/360x360/Products/28032024_1711632850507_1711632853271_5054563186843_1.png",
    "available": false,
    "promoUntil": null
  },
  {
    "id": "498943PAK",
    "title": "Vanille Vla 1L",
    "category": "Zuivel, eieren, boter",
    "price": 0.99,
    "promoPrice": null,
    "pricePerUnit": "0.99 l",
    "image": "https://www.jumbo.com/dam-images/fit-in/360x360/Products/24012024_1706066607151_1706066618146_498943_PAK_08719327537831_C1N1.png",
    "available": true,
    "promoUntil": null
  },
  {
    "id": "675557STK",
    "title": "Geschenktasje",
    "category": "Non-food en servicebalie",
    "price": 0.99,
    "promoPrice": null,
    "pricePerUnit": "0.99 pieces",
    "image": "",
    "available": true,
    "promoUntil": null
  },
  {
    "id": "677631STK",
    "title": "VIER OP EEN RIJ",
    "category": "Non-food en servicebalie",
    "price": 2.49,
    "promoPrice": null,
    "pricePerUnit": "2.49 pieces",
    "image": "",
    "available": true,
    "promoUntil": null
  },
  {
    "id": "675552STK",
    "title": "Naamlabels",
    "category": "Non-food en servicebalie",
    "price": 0.99,
    "promoPrice": null,
    "pricePerUnit": "0.99 pieces",
    "image": "",
    "available": true,
    "promoUntil": null
  }
]