[
  {
    "id": "441115STK",
    "title": "Jumbo Hagelslag 4 Varianten",
    "category": "Ontbijt, broodbeleg en bakproducten",
    "price": 10.89,
    "promoPrice": null,
    "pricePerUnit": "None None",
    "image": "https://www.jumbo.com/dam-images/fit-in/360x360/Products/441115STK1c23ed6b-927a-418e-a15e-c47f55096c73-1705505044503.png",
    "available": true,
    "promoUntil": null
  },
  {
    "id": "710001BKR",
    "title": "Jumbo Direct van de Boerderij Soja Naturel Plantaardig Alternatief 400 g",
    "category": "Zuivel, eieren, boter",
    "price": 1.89,
    "promoPrice": null,
    "pricePerUnit": "4.73 kg",
    "image": "https://www.jumbo.com/dam-images/fit-in/360x360/Products/17032025_1742229209060_1742229216661_8718452868957_1.png",
    "available": true,
    "promoUntil": null
  },
  {
    "id": "557686ZK",
    "title": "Jordans The Original Crunchy Chocolate Granola 450 g",
    "category": "Ontbijt, broodbeleg en bakproducten",
    "price": 3.95,
    "promoPrice": null,
    "pricePerUnit": "8.78 kg",
    "image": "https://www.jumbo.com/dam-images/fit-in/360x360/Products/04062025_1749033207711_1749033215795_5010477363398_1.png",
    "available": true,
    "promoUntil": null
  },
  {
    "id": "449302POT",
    "title": "Jumbo Aioli Dip Knoflook 130 g",
    "category": "Vleeswaren, kaas en tapas",
    "price": 3.19,
    "promoPrice": null,
    "pricePerUnit": "24.54 kg",
    "image": "https://www.jumbo.com/dam-images/fit-in/360x360/Products/09082023_1691589580997_1691589619977_8718452570348_1.png",
    "available": true,
    "promoUntil": null
  },
  {
    "id": "692548PAK",
    "title": "Jumbo Biologische Kidneybonen 205 g",
    "category": "Conserven, soepen, sauzen, oliën",
    "price": 0.59,
    "promoPrice": null,
    "pricePerUnit": "2.95 l",
    "image": "https://www.jumbo.com/dam-images/fit-in/360x360/Products/12052025_1747008015607_1747008033035_8718452877935_596.png",
    "available": true,
    "promoUntil": null
  },
  {
    "id": "676478TAS",
    "title": "Jumbo Havermout Grove Vlokken Volkoren 500 g",
    "category": "Ontbijt, broodbeleg en bakproducten",
    "price": 0.75,
    "promoPrice": null,
    "pricePerUnit": "1.5 kg",
    "image": "https://www.jumbo.com/dam-images/fit-in/360x360/Products/26052025_1748217605341_1748217628958_8718452887347_596.png",
    "available": true,
    "promoUntil": null
  },
  {
    "id": "174832ZK",
    "title": "Jumbo Mix voor Koekjes 300 g",
    "category": "Ontbijt, broodbeleg en bakproducten",
    "price": 1.99,
    "promoPrice": null,
    "pricePerUnit": "6.63 kg",
    "image": "https://www.jumbo.com/dam-images/fit-in/360x360/Products/18042024_1713447308518_1713447320927_8718452787968_596.png",
    "available": true,
    "promoUntil": null
  },
  {
    "id": "162436POT",
    "title": "Black Bean Garlic Sauce",
    "category": "Wereldkeukens, kruiden, pasta en rijst",
    "price": 2.99,
    "promoPrice": null,
    "pricePerUnit": "14.59 kg",
    "image": "https://www.jumbo.com/dam-images/fit-in/360x360/Products/12122024_1734014661028_1734014666681_78895141016_1.png",
    "available": true,
    "promoUntil": null
  },
  {
    "id": "485499FLS",
    "title": "Calvé Knijpfles Samourai Saus 250 ml",
    "category": "Conserven, soepen, sauzen, oliën",
    "price": 2.99,
    "promoPrice": null,
    "pricePerUnit": "11.96 l",
    "image": "https://www.jumbo.com/dam-images/fit-in/360x360/Products/30072025_1753889672184_1753889677790_8720182252982_1.png",
    "available": true,
    "promoUntil": null
  },
  {
    "id": "648355ZK",
    "title": "HAK Mexicaanse Chili Protein Bowl 555g",
    "category": "Conserven, soepen, sauzen, oliën",
    "price": 3.99,
    "promoPrice": null,
    "pricePerUnit": "7.19 kg",
    "image": "https://www.jumbo.com/dam-images/fit-in/360x360/Products/30082024_1725008186162_1725008198565_648355_ZK_08720600666964_H1N1.png",
    "available": true,
    "promoUntil": null
  },
  {
    "id": "620699STK",
    "title": "Jumbo Vanille Smaak Mousse & Cookie 4 x 65g",
    "category": "Zuivel, eieren, boter",
    "price": 5.56,
    "promoPrice": null,
    "pricePerUnit": "None None",
    "image": "https://www.jumbo.com/dam-images/fit-in/360x360/Products/620699STK15e3470fd-e565-4ac1-a4e6-2b0238ddc9ec-1711440627948.png",
    "available": true,
    "promoUntil": null
  },
  {
    "id": "624148POT",
    "title": "BioToday Premium Grade Matchapoeder 35 g",
    "category": "Koffie en thee",
    "price": 7.49,
    "promoPrice": null,
    "pricePerUnit": "214.0 kg",
    "image": "https://www.jumbo.com/dam-images/fit-in/360x360/Products/04082025_1754303572938_1754303581460_8718924017593_1.png",
    "available": true,
    "promoUntil": null
  },
  {
    "id": "535663POT",
    "title": "Go-Tan Stemgember 240g",
    "category": "Ontbijt, broodbeleg en bakproducten",
    "price": 2.96,
    "promoPrice": null,
    "pricePerUnit": "12.33 kg",
    "image": "https://www.jumbo.com/dam-images/fit-in/360x360/Products/20122023_1703064015007_1703064020857_535663_POT_08710605092752_C1N1.png",
    "available": true,
    "promoUntil": null
  },
  {
    "id": "655792FLS",
    "title": "Fry Light Light & Mellow Olive Oil Cooking Spray 190 ml",
    "category": "Conserven, soepen, sauzen, oliën",
    "price": 3.99,
    "promoPrice": null,
    "pricePerUnit": "21.0 l",
    "image": "https://www.jumbo.com/dam-images/fit-in/360x360/Products/12122024_1734021201377_1734021205504_5000442007594_1.png",
    "available": true,
    "promoUntil": null
  },
  {
    "id": "220929POT",
    "title": "Jumbo Rode Kool met Appel 190 g",
    "category": "Conserven, soepen, sauzen, oliën",
    "price": 0.49,
    "promoPrice": null,
    "pricePerUnit": "2.58 kg",
    "image": "https://www.jumbo.com/dam-images/fit-in/360x360/Products/09082023_1691585250404_1691585268533_8718452360215_1.png",
    "available": true,
    "promoUntil": null
  },
  {
    "id": "441306FLS",
    "title": "Hela Kruiden Ketchup Curry Extra Hot 300 ml",
    "category": "Conserven, soepen, sauzen, oliën",
    "price": 2.95,
    "promoPrice": null,
    "pricePerUnit": "9.83 l",
    "image": "https://www.jumbo.com/dam-images/fit-in/360x360/Products/14022024_1707873914219_1707873920138_4027400149166_1.png",
    "available": true,
    "promoUntil": null
  },
  {
    "id": "47348PAK",
    "title": "Jumbo Mix Voor Pizzabodem 450 g",
    "category": "Ontbijt, broodbeleg en bakproducten",
    "price": 0.88,
    "promoPrice": null,
    "pricePerUnit": "1.96 kg",
    "image": "https://www.jumbo.com/dam-images/fit-in/360x360/Products/14052024_1715708060902_1715708069838_8718452794416_1.png",
    "available": true,
    "promoUntil": null
  },
  {
    "id": "706831DS",
    "title": "Bialetti Nespresso Cremoso Cups 50g",
    "category": "Koffie en thee",
    "price": 4.29,
    "promoPrice": null,
    "pricePerUnit": "0.43 pieces",
    "image": "https://www.jumbo.com/dam-images/fit-in/360x360/Products/26062025_1750941503082_1750941506491_706831_DS_08006363074094_C1N1.png",
    "available": true,
    "promoUntil": null
  },
  {
    "id": "426865STK",
    "title": "Céréal Hazelnoten-Noisettes 80 g",
    "category": "Ontbijt, broodbeleg en bakproducten",
    "price": 2.56,
    "promoPrice": null,
    "pricePerUnit": "32.0 kg",
    "image": "https://www.jumbo.com/dam-images/fit-in/360x360/Products/29072025_1753757853840_1753757870652_426865_STK_05410063000322_C1N1.png",
    "available": true,
    "promoUntil": null
  },
  {
    "id": "654452ZK",
    "title": "Jumbo Biologisch Krokante Muesli Pure Chocolade 350 g",
    "category": "Ontbijt, broodbeleg en bakproducten",
    "price": 2.49,
    "promoPrice": null,
    "pricePerUnit": "7.11 kg",
    "image": "https://www.jumbo.com/dam-images/fit-in/360x360/Products/28112024_1732782797516_1732782806153_8718452812592_1.png",
    "available": true,
    "promoUntil": null
  },
  {
    "id": "453627STK",
    "title": "Fairtrade Original Dark Roast Snelfiltermaling 250 g",
    "category": "Koffie en thee",
    "price": 6.29,
    "promoPrice": null,
    "pricePerUnit": "25.16 kg",
    "image": "https://www.jumbo.com/dam-images/fit-in/360x360/Products/05112024_1730776710750_1730776720215_453627_STK_08711741359082_C1N1.png",
    "available": true,
    "promoUntil": null
  },
  {
    "id": "428837STK",
    "title": "Jumbo Variatie Thee 4 Varianten",
    "category": "Koffie en thee",
    "price": 5.86,
    "promoPrice": null,
    "pricePerUnit": "None None",
    "image": "https://www.jumbo.com/dam-images/fit-in/360x360/Products/428837STK35007293-f789-4947-9908-7ebc33409362-1705914910111.png",
    "available": true,
    "promoUntil": null
  },
  {
    "id": "609523DS",
    "title": "Clipper Morning Sunshine Organic Lemongrass & Maté Infusion 20 Stuks 40 g",
    "category": "Koffie en thee",
    "price": 3.69,
    "promoPrice": null,
    "pricePerUnit": "0.18 pieces",
    "image": "https://www.jumbo.com/dam-images/fit-in/360x360/Products/19032025_1742395988927_1742396006953_5021991945175_596.png",
    "available": true,
    "promoUntil": null
  },
  {
    "id": "678535BLS",
    "title": "HEMA Taartkaarsjes Cijfer 8",
    "category": "Ontbijt, broodbeleg en bakproducten",
    "price": 0.99,
    "promoPrice": null,
    "pricePerUnit": "0.99 pieces",
    "image": "https://www.jumbo.com/dam-images/fit-in/360x360/Products/07022025_1738933094619_1738933096562_678535_BLS_08720354509067_C1N1.png",
    "available": true,
    "promoUntil": null
  },
  {
    "id": "689029ZK",
    "title": "Jumbo Biologisch Romige Aspergesoep 570ML",
    "category": "Conserven, soepen, sauzen, oliën",
    "price": 2.79,
    "promoPrice": null,
    "pricePerUnit": "4.89 l",
    "image": "https://www.jumbo.com/dam-images/fit-in/360x360/Products/08052025_1746714771856_1746714797913_8718452814633_596.png",
    "available": true,
    "promoUntil": null
  },
  {
    "id": "600149STK",
    "title": "Jumbo Energy Gel Appel Smaak 45 g",
    "category": "Ontbijt, broodbeleg en bakproducten",
    "price": 1.59,
    "promoPrice": null,
    "pricePerUnit": "35.33 kg",
    "image": "https://www.jumbo.com/dam-images/fit-in/360x360/Products/14042025_1744644769442_1744644773279_8718452624942_1.png",
    "available": true,
    "promoUntil": null
  },
  {
    "id": "177378DS",
    "title": "Jumbo Mix voor Bananenbrood 450 g",
    "category": "Ontbijt, broodbeleg en bakproducten",
    "price": 1.99,
    "promoPrice": null,
    "pricePerUnit": "4.42 kg",
    "image": "https://www.jumbo.com/dam-images/fit-in/360x360/Products/10052024_1715351655146_1715351675140_8718452787890_596.png",
    "available": true,
    "promoUntil": null
  },
  {
    "id": "384699CUP",
    "title": "Jumbo Ongebrande Pecannoten 70 g",
    "category": "Ontbijt, broodbeleg en bakproducten",
    "price": 2.96,
    "promoPrice": null,
    "pricePerUnit": "42.29 kg",
    "image": "https://www.jumbo.com/dam-images/fit-in/360x360/Products/16082024_1723774251858_1723774271429_384699_CUP_08718452831692_C1N1.png",
    "available": true,
    "promoUntil": null
  },
  {
    "id": "567394PAK",
    "title": "Heinz Tomato Frito® olijf olie",
    "category": "Conserven, soepen, sauzen, oliën",
    "price": 1.49,
    "promoPrice": null,
    "pricePerUnit": "4.26 kg",
    "image": "https://www.jumbo.com/dam-images/fit-in/360x360/Products/02082025_1754097833736_1754097841971_567394_PAK_08410066139385_H1N1.png",
    "available": true,
    "promoUntil": null
  },
  {
    "id": "685852CUP",
    "title": "Arla Cultura Naturel 450 g",
    "category": "Zuivel, eieren, boter",
    "price": 2.29,
    "promoPrice": null,
    "pricePerUnit": "5.09 kg",
    "image": "https://www.jumbo.com/dam-images/fit-in/360x360/Products/11032025_1741698423261_1741698440085_685852_CUP_05711953195921_H1N1.png",
    "available": true,
    "promoUntil": null
  },
  {
    "id": "706672DS",
    "title": "Dr. Oetker Mix Voor Banketbakkersroom 150 g",
    "category": "Ontbijt, broodbeleg en bakproducten",
    "price": 1.97,
    "promoPrice": null,
    "pricePerUnit": "13.13 kg",
    "image": "https://www.jumbo.com/dam-images/fit-in/360x360/Products/25062025_1750852700698_1750852709699_706672_DS_08710466330628_C1N1_s01.png",
    "available": true,
    "promoUntil": null
  },
  {
    "id": "672204POT",
    "title": "Dr. Oetker Vlinder Mix Taart Decoratie 50 g",
    "category": "Ontbijt, broodbeleg en bakproducten",
    "price": 2.09,
    "promoPrice": null,
    "pricePerUnit": "41.8 kg",
    "image": "https://www.jumbo.com/dam-images/fit-in/360x360/Products/17042025_1744857795958_1744857803231_672204_POT_08710466326829_C1N1_s03.png",
    "available": true,
    "promoUntil": null
  },
  {
    "id": "72428PAK",
    "title": "Dr. Oetker Wolken Cake Choco & Vanillesmaak Bakmix 455 g",
    "category": "Ontbijt, broodbeleg en bakproducten",
    "price": 3.36,
    "promoPrice": null,
    "pricePerUnit": "7.38 kg",
    "image": "https://www.jumbo.com/dam-images/fit-in/360x360/Products/07062025_1749263674646_1749263684409_72428_PAK_08710466261922_C1N1_s02.png",
    "available": true,
    "promoUntil": null
  },
  {
    "id": "709782DS",
    "title": "Gü Cheesecake New York Cheesecake 2 x 80 g",
    "category": "Zuivel, eieren, boter",
    "price": 3.99,
    "promoPrice": null,
    "pricePerUnit": "24.94 kg",
    "image": "https://www.jumbo.com/dam-images/fit-in/360x360/Products/14072025_1752486785156_1752486792018_709782_DS_05060971863214_C1N1.png",
    "available": true,
    "promoUntil": null
  },
  {
    "id": "515533POT",
    "title": "Hero Fruitspread Gember 350g",
    "category": "Ontbijt, broodbeleg en bakproducten",
    "price": 3.16,
    "promoPrice": null,
    "pricePerUnit": "9.03 kg",
    "image": "https://www.jumbo.com/dam-images/fit-in/360x360/Products/16102024_1729041708216_1729041714150_515533_POT_08713500012924_C1N1.png",
    "available": true,
    "promoUntil": null
  },
  {
    "id": "194463STK",
    "title": "Dr. Oetker Chocofantasie Taart Versiering 129g",
    "category": "Ontbijt, broodbeleg en bakproducten",
    "price": 4.49,
    "promoPrice": null,
    "pricePerUnit": "34.81 kg",
    "image": "https://www.jumbo.com/dam-images/fit-in/360x360/Products/03052025_1746235936432_1746235944438_194463_STK_08710466283528_C1N1_s04.png",
    "available": true,
    "promoUntil": null
  },
  {
    "id": "692552PAK",
    "title": "Jumbo Biologische Limabonen 400 g",
    "category": "Conserven, soepen, sauzen, oliën",
    "price": 1.65,
    "promoPrice": null,
    "pricePerUnit": "4.23 l",
    "image": "https://www.jumbo.com/dam-images/fit-in/360x360/Products/03062025_1748943149220_1748943164740_8718452877973_596.png",
    "available": true,
    "promoUntil": null
  },
  {
    "id": "684663STK",
    "title": "Jumbo Groentebouillon Biologisch 3 x 6 Stuks 60g",
    "category": "Conserven, soepen, sauzen, oliën",
    "price": 1.77,
    "promoPrice": null,
    "pricePerUnit": "None None",
    "image": "https://www.jumbo.com/dam-images/fit-in/360x360/Products/20258900135bc38c-ccf1-4965-bf0a-b6d6b17f4240-1744633871915.png",
    "available": true,
    "promoUntil": null
  },
  {
    "id": "558888ZK",
    "title": "Jumbo Jus Pikant 18 g",
    "category": "Conserven, soepen, sauzen, oliën",
    "price": 0.45,
    "promoPrice": null,
    "pricePerUnit": "25.0 kg",
    "image": "https://www.jumbo.com/dam-images/fit-in/360x360/Products/10082023_1691678617645_1691678626983_8718452645534_1.png",
    "available": true,
    "promoUntil": null
  },
  {
    "id": "660876CUP",
    "title": "Fusero Panna Cotta 125g",
    "category": "Zuivel, eieren, boter",
    "price": 1.99,
    "promoPrice": null,
    "pricePerUnit": "15.92 kg",
    "image": "https://www.jumbo.com/dam-images/fit-in/360x360/Products/23042025_1745389985666_1745389992161_8051128533002_1.png",
    "available": true,
    "promoUntil": null
  },
  {
    "id": "560675PAK",
    "title": "Boon Linzen in Kruidige Tomatensaus 380 g",
    "category": "Conserven, soepen, sauzen, oliën",
    "price": 1.99,
    "promoPrice": null,
    "pricePerUnit": "5.24 kg",
    "image": "https://www.jumbo.com/dam-images/fit-in/360x360/Products/25032024_1711381525655_1711381539405_8710646900108_1.png",
    "available": true,
    "promoUntil": null
  },
  {
    "id": "623922ZK",
    "title": "Jordans Crisp & Crunch Apple & Berry 400 g",
    "category": "Ontbijt, broodbeleg en bakproducten",
    "price": 4.15,
    "promoPrice": null,
    "pricePerUnit": "10.38 kg",
    "image": "https://www.jumbo.com/dam-images/fit-in/360x360/Products/05062025_1749108810683_1749108856343_5010477366290_1.png",
    "available": true,
    "promoUntil": null
  },
  {
    "id": "675846ZK",
    "title": "Jumbo Romige Tomatensoep 300ML",
    "category": "Conserven, soepen, sauzen, oliën",
    "price": 1.79,
    "promoPrice": null,
    "pricePerUnit": "5.97 l",
    "image": "https://www.jumbo.com/dam-images/fit-in/360x360/Products/25042025_1745584348263_1745584366009_8718452872909_596.png",
    "available": true,
    "promoUntil": null
  },
  {
    "id": "137023STK",
    "title": "Jumbo Knoflook Saus Turkse Stijl  260 ML",
    "category": "Conserven, soepen, sauzen, oliën",
    "price": 2.19,
    "promoPrice": null,
    "pricePerUnit": "8.42 l",
    "image": "https://www.jumbo.com/dam-images/fit-in/360x360/Products/16052025_1747387968784_1747387977037_8718452843374_596.png",
    "available": true,
    "promoUntil": null
  },
  {
    "id": "681932STK",
    "title": "Jumbo Salted Caramel Stracciatella 4 x 70g",
    "category": "Zuivel, eieren, boter",
    "price": 5.56,
    "promoPrice": null,
    "pricePerUnit": "None None",
    "image": "https://www.jumbo.com/dam-images/fit-in/360x360/Products/681932STK761344ee-cb1a-4a73-8b6d-23ea7f70e869-1740474833346.png",
    "available": true,
    "promoUntil": null
  },
  {
    "id": "628622STK",
    "title": "Jumbo Vis bouillonblokjes 3 x 8 stuks",
    "category": "Conserven, soepen, sauzen, oliën",
    "price": 1.56,
    "promoPrice": null,
    "pricePerUnit": "None None",
    "image": "https://www.jumbo.com/dam-images/fit-in/360x360/Products/628622STK511195ec-4539-4a5c-96b7-51fe2e36dc35-1745830447659.png",
    "available": true,
    "promoUntil": null
  },
  {
    "id": "560674PAK",
    "title": "Boon Kindeybonen in Chilisaus 380 g",
    "category": "Conserven, soepen, sauzen, oliën",
    "price": 1.99,
    "promoPrice": null,
    "pricePerUnit": "5.24 kg",
    "image": "https://www.jumbo.com/dam-images/fit-in/360x360/Products/25032024_1711381521838_1711381526299_8710646900122_1.png",
    "available": true,
    "promoUntil": null
  },
  {
    "id": "560668PAK",
    "title": "Boon Linzen 380 g",
    "category": "Conserven, soepen, sauzen, oliën",
    "price": 1.19,
    "promoPrice": null,
    "pricePerUnit": "5.53 kg",
    "image": "https://www.jumbo.com/dam-images/fit-in/360x360/Products/25032024_1711381521578_1711381526386_8710646900016_1.png",
    "available": true,
    "promoUntil": null
  },
  {
    "id": "387043PAK",
    "title": "Dr. Oetker Brownies choco bakmix 360g",
    "category": "Ontbijt, broodbeleg en bakproducten",
    "price": 2.15,
    "promoPrice": null,
    "pricePerUnit": "5.97 kg",
    "image": "https://www.jumbo.com/dam-images/fit-in/360x360/Products/17042025_1744854981872_1744854988155_387043_PAK_08710466302328_C1N1_s03.png",
    "available": true,
    "promoUntil": null
  },
  {
    "id": "659490CUP",
    "title": "Fusero Panna Cotta Hazelnoot 125g",
    "category": "Zuivel, eieren, boter",
    "price": 1.99,
    "promoPrice": null,
    "pricePerUnit": "15.92 kg",
    "image": "https://www.jumbo.com/dam-images/fit-in/360x360/Products/23042025_1745386345258_1745386352526_8051128533033_1.png",
    "available": true,
    "promoUntil": null
  },
  {
    "id": "521983DS",
    "title": "Honig Basis voor Erwtensoep 137 g",
    "category": "Conserven, soepen, sauzen, oliën",
    "price": 1.99,
    "promoPrice": null,
    "pricePerUnit": "14.53 kg",
    "image": "https://www.jumbo.com/dam-images/fit-in/360x360/Products/18072025_1752800631730_1752800641992_521983_DS_08714700170728_H1N1.png",
    "available": true,
    "promoUntil": null
  },
  {
    "id": "701584BLK",
    "title": "Coertjens Stoofvleessaus 400 g",
    "category": "Conserven, soepen, sauzen, oliën",
    "price": 2.19,
    "promoPrice": null,
    "pricePerUnit": "5.48 kg",
    "image": "https://www.jumbo.com/dam-images/fit-in/360x360/Products/01072025_1751333900892_1751333917920_701584_BLK_05410371999400_C1N1_s01.png",
    "available": true,
    "promoUntil": null
  },
  {
    "id": "18803BLK",
    "title": "Del Monte Perziken in Schijven op Lichte Siroop 227 g",
    "category": "Conserven, soepen, sauzen, oliën",
    "price": 2.19,
    "promoPrice": null,
    "pricePerUnit": "15.64 kg",
    "image": "https://www.jumbo.com/dam-images/fit-in/360x360/Products/12122024_1734014400031_1734014409373_24000110170_1.png",
    "available": true,
    "promoUntil": null
  },
  {
    "id": "633652STK",
    "title": "Jumbo Basis Amandelspijs 300 g",
    "category": "Ontbijt, broodbeleg en bakproducten",
    "price": 3.26,
    "promoPrice": null,
    "pricePerUnit": "10.87 kg",
    "image": "https://www.jumbo.com/dam-images/fit-in/360x360/Products/09072024_1720517719974_1720517731724_8718452817498_596.png",
    "available": true,
    "promoUntil": null
  },
  {
    "id": "565009DS",
    "title": "Céréal Hagelslag Melk 200 g",
    "category": "Ontbijt, broodbeleg en bakproducten",
    "price": 3.36,
    "promoPrice": null,
    "pricePerUnit": "16.8 kg",
    "image": "https://www.jumbo.com/dam-images/fit-in/360x360/Products/21082025_1755742163634_1755742168907_565009_DS_05410063041257_C1N1.png",
    "available": true,
    "promoUntil": null
  },
  {
    "id": "689028ZK",
    "title": "Jumbo Plantaardige Tomatensoep 570ML",
    "category": "Conserven, soepen, sauzen, oliën",
    "price": 2.79,
    "promoPrice": null,
    "pricePerUnit": "4.89 l",
    "image": "https://www.jumbo.com/dam-images/fit-in/360x360/Products/12062025_1749735188092_1749735206462_8718452873432_596.png",
    "available": true,
    "promoUntil": null
  },
  {
    "id": "302201POT",
    "title": "Jumbo Extra Fijne Doperwten Wortelen 180 g",
    "category": "Conserven, soepen, sauzen, oliën",
    "price": 0.45,
    "promoPrice": null,
    "pricePerUnit": "3.6 kg",
    "image": "https://www.jumbo.com/dam-images/fit-in/360x360/Products/09082023_1691586203965_1691586234759_8718452417667_1.png",
    "available": true,
    "promoUntil": null
  },
  {
    "id": "385911BKR",
    "title": "Jumbo Truffelsaus 240 ml",
    "category": "Conserven, soepen, sauzen, oliën",
    "price": 2.69,
    "promoPrice": null,
    "pricePerUnit": "11.21 kg",
    "image": "https://www.jumbo.com/dam-images/fit-in/360x360/Products/09082023_1691590097935_1691590228085_8718452485499_1.png",
    "available": true,
    "promoUntil": null
  },
  {
    "id": "282851FLS",
    "title": "Bertolli Cremissimo van balsamico azijn uit Modena",
    "category": "Conserven, soepen, sauzen, oliën",
    "price": 4.15,
    "promoPrice": null,
    "pricePerUnit": "15.96 kg",
    "image": "https://www.jumbo.com/dam-images/fit-in/360x360/Products/18082025_1755513198168_1755513203949_8000850501919_596.png",
    "available": true,
    "promoUntil": null
  },
  {
    "id": "453624STK",
    "title": "Fairtrade Orginal Décaf Snelfiltermaling 250 g",
    "category": "Koffie en thee",
    "price": 6.99,
    "promoPrice": null,
    "pricePerUnit": "27.96 kg",
    "image": "https://www.jumbo.com/dam-images/fit-in/360x360/Products/08072025_1751937468736_1751937472181_453624_STK_08711741359044_C1N1.png",
    "available": true,
    "promoUntil": null
  },
  {
    "id": "384057CUP",
    "title": "Jumbo Amandel Schaafsel 55 g",
    "category": "Ontbijt, broodbeleg en bakproducten",
    "price": 1.87,
    "promoPrice": null,
    "pricePerUnit": "34.0 kg",
    "image": "https://www.jumbo.com/dam-images/fit-in/360x360/Products/10122024_1733830365620_1733830375321_8718452831678_1.png",
    "available": true,
    "promoUntil": null
  },
  {
    "id": "692596PAK",
    "title": "Jumbo Biologische Maïskorrels 200 g",
    "category": "Conserven, soepen, sauzen, oliën",
    "price": 1.09,
    "promoPrice": null,
    "pricePerUnit": "5.45 l",
    "image": "https://www.jumbo.com/dam-images/fit-in/360x360/Products/12052025_1747008016071_1747008025141_8718452878017_596.png",
    "available": true,
    "promoUntil": null
  },
  {
    "id": "484837ZK",
    "title": "Jumbo Volkoren Vermicelli 250g",
    "category": "Conserven, soepen, sauzen, oliën",
    "price": 1.19,
    "promoPrice": null,
    "pricePerUnit": "4.76 kg",
    "image": "https://www.jumbo.com/dam-images/fit-in/360x360/Products/10082023_1691677208879_1691677216539_8718452603138_1.png",
    "available": true,
    "promoUntil": null
  },
  {
    "id": "699889DS",
    "title": "Consenza Gluten Free Luchtige Crackers Erwt-Linzen 100 g",
    "category": "Ontbijt, broodbeleg en bakproducten",
    "price": 2.96,
    "promoPrice": null,
    "pricePerUnit": "29.6 kg",
    "image": "https://www.jumbo.com/dam-images/fit-in/360x360/Products/20052025_1747765948745_1747765959149_8719153039851_1.png",
    "available": true,
    "promoUntil": null
  },
  {
    "id": "483737ZK",
    "title": "Jumbo Hennepzaad Biologisch 250 g",
    "category": "Ontbijt, broodbeleg en bakproducten",
    "price": 5.34,
    "promoPrice": null,
    "pricePerUnit": "21.36 kg",
    "image": "https://www.jumbo.com/dam-images/fit-in/360x360/Products/10082023_1691676436611_1691676452773_8718452617845_1.png",
    "available": true,
    "promoUntil": null
  },
  {
    "id": "626467DS",
    "title": "Jumbo Havermout Porties Banaansmaak 5 x 27 g",
    "category": "Ontbijt, broodbeleg en bakproducten",
    "price": 1.29,
    "promoPrice": null,
    "pricePerUnit": "9.56 kg",
    "image": "https://www.jumbo.com/dam-images/fit-in/360x360/Products/05062024_1717601668918_1717601682280_8718452803026_596.png",
    "available": true,
    "promoUntil": null
  },
  {
    "id": "455617FLS",
    "title": "Friesche Vlag Balance Mager 0% Vet 140 ml",
    "category": "Koffie en thee",
    "price": 1.18,
    "promoPrice": null,
    "pricePerUnit": "8.43 l",
    "image": "https://www.jumbo.com/dam-images/fit-in/360x360/Products/01072025_1751358767898_1751358771402_8712800100959_1.png",
    "available": true,
    "promoUntil": null
  },
  {
    "id": "599249PAK",
    "title": "Hak Bruine Bonen 380 g",
    "category": "Conserven, soepen, sauzen, oliën",
    "price": 1.39,
    "promoPrice": null,
    "pricePerUnit": "6.04 kg",
    "image": "https://www.jumbo.com/dam-images/fit-in/360x360/Products/30082024_1724988507725_1724988516029_599249_PAK_08720600624544_H1N1.png",
    "available": true,
    "promoUntil": null
  },
  {
    "id": "708929DS",
    "title": "Jumbo Dadelreep met Noten Bosbessensmaak 4 Stuks",
    "category": "Ontbijt, broodbeleg en bakproducten",
    "price": 2.47,
    "promoPrice": null,
    "pricePerUnit": "17.64 kg",
    "image": "https://www.jumbo.com/dam-images/fit-in/360x360/Products/24072025_1753356823759_1753356841532_8718452922994_596.png",
    "available": true,
    "promoUntil": null
  },
  {
    "id": "660849ZK",
    "title": "Jumbo Groentecrackers Wortel & Zoete Aardappel 10 Stuks",
    "category": "Ontbijt, broodbeleg en bakproducten",
    "price": 2.49,
    "promoPrice": null,
    "pricePerUnit": "14.23 kg",
    "image": "https://www.jumbo.com/dam-images/fit-in/360x360/Products/06012025_1736181228281_1736181235457_8718452815999_1.png",
    "available": true,
    "promoUntil": null
  },
  {
    "id": "213414DSL",
    "title": "Alpro Haverdrink Zonder Suikers Houdbaar 4 x 1 L",
    "category": "Zuivel, eieren, boter",
    "price": 11.16,
    "promoPrice": null,
    "pricePerUnit": "2.79 l",
    "image": "https://www.jumbo.com/dam-images/fit-in/360x360/Products/213414DSL4packAlproHaverdrinkNoSugars1505ccbb-1bd2-4a9e-b9d8-21490cd2faaa-1692960581625.png",
    "available": true,
    "promoUntil": null
  },
  {
    "id": "344826BLK",
    "title": "Bonduelle Rode Kool met Appel 200 g",
    "category": "Conserven, soepen, sauzen, oliën",
    "price": 1.25,
    "promoPrice": null,
    "pricePerUnit": "6.25 kg",
    "image": "https://www.jumbo.com/dam-images/fit-in/360x360/Products/05062025_1749086547960_1749086561759_344826_BLK_03083680023740_H1N1.png",
    "available": true,
    "promoUntil": null
  },
  {
    "id": "705339PAK",
    "title": "Boon Kikkererwten in Tajine Saus 405 g",
    "category": "Conserven, soepen, sauzen, oliën",
    "price": 1.99,
    "promoPrice": null,
    "pricePerUnit": "4.91 kg",
    "image": "https://www.jumbo.com/dam-images/fit-in/360x360/Products/01072025_1751334692550_1751334694089_705339_PAK_08710646000105_A1N1.png",
    "available": true,
    "promoUntil": null
  },
  {
    "id": "515065DS",
    "title": "Dr. Oetker Vegatine gelatine (4X4 gram)",
    "category": "Ontbijt, broodbeleg en bakproducten",
    "price": 2.34,
    "promoPrice": null,
    "pricePerUnit": "146.25 kg",
    "image": "https://www.jumbo.com/dam-images/fit-in/360x360/Products/17042025_1744858650073_1744858653779_515065_DS_08710466317025_C1N1_s02.png",
    "available": true,
    "promoUntil": null
  },
  {
    "id": "710418ZK",
    "title": "Eat Real Tomato & Basil Hummus Chips 110g",
    "category": "Ontbijt, broodbeleg en bakproducten",
    "price": 2.49,
    "promoPrice": null,
    "pricePerUnit": "22.64 kg",
    "image": "https://www.jumbo.com/dam-images/fit-in/360x360/Products/15082025_1755223532079_1755223544067_710418_ZK_05060878780409_C1N1.png",
    "available": true,
    "promoUntil": null
  },
  {
    "id": "463932PAK",
    "title": "Dr. Oetker Kwarktaart Naturel Zonder Bodem Bakmix 210 g",
    "category": "Ontbijt, broodbeleg en bakproducten",
    "price": 2.69,
    "promoPrice": null,
    "pricePerUnit": "12.81 kg",
    "image": "https://www.jumbo.com/dam-images/fit-in/360x360/Products/18042025_1744945325331_1744945332481_463932_PAK_08710466315120_C1N1_s01.png",
    "available": true,
    "promoUntil": null
  },
  {
    "id": "623875POT",
    "title": "BioToday Veggie Spread Spinazie-Peterselie 235 g",
    "category": "Ontbijt, broodbeleg en bakproducten",
    "price": 2.79,
    "promoPrice": null,
    "pricePerUnit": "11.87 kg",
    "image": "https://www.jumbo.com/dam-images/fit-in/360x360/Products/08092025_1757327629215_1757327634960_8719153046392_1.png",
    "available": true,
    "promoUntil": null
  },
  {
    "id": "609522DS",
    "title": "Clipper Indian Chai Organic Black Tea 20 stuks 50 g",
    "category": "Koffie en thee",
    "price": 3.62,
    "promoPrice": null,
    "pricePerUnit": "0.18 pieces",
    "image": "https://www.jumbo.com/dam-images/fit-in/360x360/Products/28032025_1743172346444_1743172364628_5021991941597_596.png",
    "available": true,
    "promoUntil": null
  },
  {
    "id": "47346PAK",
    "title": "Jumbo Mix voor Boterkoek 400 g",
    "category": "Ontbijt, broodbeleg en bakproducten",
    "price": 1.47,
    "promoPrice": null,
    "pricePerUnit": "3.68 kg",
    "image": "https://www.jumbo.com/dam-images/fit-in/360x360/Products/16052024_1715866521306_1715866528300_8718452787920_1.png",
    "available": true,
    "promoUntil": null
  },
  {
    "id": "649514POT",
    "title": "Jumbo Piccalilly Pikant 335 g",
    "category": "Conserven, soepen, sauzen, oliën",
    "price": 1.25,
    "promoPrice": null,
    "pricePerUnit": "3.73 kg",
    "image": "https://www.jumbo.com/dam-images/fit-in/360x360/Products/16122024_1734366816410_1734366822567_8718452877867_1.png",
    "available": true,
    "promoUntil": null
  },
  {
    "id": "624130POT",
    "title": "BioToday Pindakaas Crunchy 250 g",
    "category": "Ontbijt, broodbeleg en bakproducten",
    "price": 3.65,
    "promoPrice": null,
    "pricePerUnit": "14.6 kg",
    "image": "https://www.jumbo.com/dam-images/fit-in/360x360/Products/06022025_1738870392960_1738870400076_8719153018627_1.png",
    "available": true,
    "promoUntil": null
  },
  {
    "id": "675861ZK",
    "title": "Jumbo Stevige Erwtensoep 570ML",
    "category": "Conserven, soepen, sauzen, oliën",
    "price": 2.79,
    "promoPrice": null,
    "pricePerUnit": "4.89 l",
    "image": "https://www.jumbo.com/dam-images/fit-in/360x360/Products/25042025_1745584348074_1745584369461_8718452872923_596.png",
    "available": true,
    "promoUntil": null
  },
  {
    "id": "563540PAK",
    "title": "Alpro Plantaardige Variatie Op Drinkyoghurt Aardbei-Kers Gekoeld 750ml",
    "category": "Zuivel, eieren, boter",
    "price": 2.69,
    "promoPrice": null,
    "pricePerUnit": "3.59 l",
    "image": "https://www.jumbo.com/dam-images/fit-in/360x360/Products/29072025_1753758104258_1753758105360_563540_PAK_05411188138570_A1N1.png",
    "available": true,
    "promoUntil": null
  },
  {
    "id": "600135PAK",
    "title": "Boon Kikkererwten in Curry 190 g",
    "category": "Conserven, soepen, sauzen, oliën",
    "price": 1.19,
    "promoPrice": null,
    "pricePerUnit": "6.26 kg",
    "image": "https://www.jumbo.com/dam-images/fit-in/360x360/Products/25032024_1711381691972_1711381697378_8710646700234_1.png",
    "available": true,
    "promoUntil": null
  },
  {
    "id": "273764STK",
    "title": "Del Monte Fruit Express Fruitcocktail op Sap 4 x 113 g",
    "category": "Conserven, soepen, sauzen, oliën",
    "price": 3.95,
    "promoPrice": null,
    "pricePerUnit": "15.93 kg",
    "image": "https://www.jumbo.com/dam-images/fit-in/360x360/Products/12122024_1734014441786_1734014447692_24000160717_1.png",
    "available": true,
    "promoUntil": null
  },
  {
    "id": "226715STK",
    "title": "Jack Link's Beef Jerky Teriyaki 25 g",
    "category": "Conserven, soepen, sauzen, oliën",
    "price": 2.49,
    "promoPrice": null,
    "pricePerUnit": "99.6 kg",
    "image": "https://www.jumbo.com/dam-images/fit-in/360x360/Products/29022024_1709220848216_1709220864614_4251097402970_596.png",
    "available": true,
    "promoUntil": null
  },
  {
    "id": "600917DS",
    "title": "Jumbo Biologisch Marokkaanse Munt 20 Stuks 30 g",
    "category": "Koffie en thee",
    "price": 1.79,
    "promoPrice": null,
    "pricePerUnit": "0.09 pieces",
    "image": "https://www.jumbo.com/dam-images/fit-in/360x360/Products/25032024_1711381755242_1711381764776_8718452774999_1.png",
    "available": true,
    "promoUntil": null
  },
  {
    "id": "684700ZK",
    "title": "Dit is Dressing Zoete Groentedressing 220ML",
    "category": "Conserven, soepen, sauzen, oliën",
    "price": 2.99,
    "promoPrice": null,
    "pricePerUnit": "13.59 l",
    "image": "https://www.jumbo.com/dam-images/fit-in/360x360/Products/22042025_1745321554572_1745321560046_8717953207470_1.png",
    "available": true,
    "promoUntil": null
  },
  {
    "id": "433349STK",
    "title": "Dr. Oetker Taartina 5 x 12 g",
    "category": "Ontbijt, broodbeleg en bakproducten",
    "price": 2.54,
    "promoPrice": null,
    "pricePerUnit": "42.33 kg",
    "image": "https://www.jumbo.com/dam-images/fit-in/360x360/Products/17042025_1744853277017_1744853279527_433349_STK_08710466011404_C1N1_s01.png",
    "available": true,
    "promoUntil": null
  },
  {
    "id": "583898STK",
    "title": "Jumbo Appelmoes 4 x 355g",
    "category": "Conserven, soepen, sauzen, oliën",
    "price": 3.96,
    "promoPrice": null,
    "pricePerUnit": "None None",
    "image": "https://www.jumbo.com/dam-images/fit-in/360x360/Products/583898STK22ae7e18-b64b-462f-9097-8c9d815a187a-1723215684009.png",
    "available": true,
    "promoUntil": null
  },
  {
    "id": "385979CUP",
    "title": "Jumbo Pompoenpitten 100 g",
    "category": "Ontbijt, broodbeleg en bakproducten",
    "price": 3.22,
    "promoPrice": null,
    "pricePerUnit": "32.2 kg",
    "image": "https://www.jumbo.com/dam-images/fit-in/360x360/Products/05112024_1730776827885_1730776843777_385979_CUP_08718452831722_C1N1.png",
    "available": true,
    "promoUntil": null
  },
  {
    "id": "769541BLK",
    "title": "Bonduelle Doperwtjes & Worteltjes 150 g",
    "category": "Conserven, soepen, sauzen, oliën",
    "price": 1.19,
    "promoPrice": null,
    "pricePerUnit": "9.15 kg",
    "image": "https://www.jumbo.com/dam-images/fit-in/360x360/Products/20112024_1732070619403_1732070630039_769541_BLK_03083681012767_H1N1.png",
    "available": true,
    "promoUntil": null
  },
  {
    "id": "201669DS",
    "title": "Canderel 300 Stuks 25,5 g",
    "category": "Koffie en thee",
    "price": 5.29,
    "promoPrice": null,
    "pricePerUnit": "0.02 pieces",
    "image": "https://www.jumbo.com/dam-images/fit-in/360x360/Products/23032024_1711167763223_1711167774082_201669_DS_07640110700112_C1N1.png",
    "available": true,
    "promoUntil": null
  },
  {
    "id": "142104FLS",
    "title": "Dr. Oetker Aroma Amandelsmaak 38 ml",
    "category": "Ontbijt, broodbeleg en bakproducten",
    "price": 1.97,
    "promoPrice": null,
    "pricePerUnit": "51.84 l",
    "image": "https://www.jumbo.com/dam-images/fit-in/360x360/Products/10072025_1752113749232_1752113755366_142104_FLS_08710466268723_C1N1_s01.png",
    "available": true,
    "promoUntil": null
  },
  {
    "id": "175265POT",
    "title": "Grand'Italia Tartufo 260 g",
    "category": "Conserven, soepen, sauzen, oliën",
    "price": 3.0,
    "promoPrice": null,
    "pricePerUnit": "11.54 kg",
    "image": "https://www.jumbo.com/dam-images/fit-in/360x360/Products/30072025_1753844763487_1753844771474_175265_POT_00000080024712_H1N1.png",
    "available": true,
    "promoUntil": null
  },
  {
    "id": "672911PAK",
    "title": "HAK Mais Mix 390gr",
    "category": "Conserven, soepen, sauzen, oliën",
    "price": 1.99,
    "promoPrice": null,
    "pricePerUnit": "5.1 kg",
    "image": "https://www.jumbo.com/dam-images/fit-in/360x360/Products/13012025_1736763493450_1736763502302_672911_PAK_08720600667572_C1N1.png",
    "available": true,
    "promoUntil": null
  },
  {
    "id": "84264POT",
    "title": "Hak Rode Bieten Schijven Bio 355 g",
    "category": "Conserven, soepen, sauzen, oliën",
    "price": 2.19,
    "promoPrice": null,
    "pricePerUnit": "6.17 kg",
    "image": "https://www.jumbo.com/dam-images/fit-in/360x360/Products/20082024_1724121273145_1724121278907_84264_POT_08720600608810_H1N1.png",
    "available": true,
    "promoUntil": null
  },
  {
    "id": "153538BUS",
    "title": "Jumbo 20 Kruiden Oplosthee 200 g",
    "category": "Koffie en thee",
    "price": 2.25,
    "promoPrice": null,
    "pricePerUnit": "11.25 kg",
    "image": "https://www.jumbo.com/dam-images/fit-in/360x360/Products/09082023_1691590257021_1691590270009_8718452059454_1.png",
    "available": true,
    "promoUntil": null
  },
  {
    "id": "191664ZK",
    "title": "Jumbo Gedroogde Groene Linzen 400 g",
    "category": "Conserven, soepen, sauzen, oliën",
    "price": 1.59,
    "promoPrice": null,
    "pricePerUnit": "3.98 kg",
    "image": "https://www.jumbo.com/dam-images/fit-in/360x360/Products/14032025_1741966367936_1741966374736_8718452818648_1.png",
    "available": true,
    "promoUntil": null
  },
  {
    "id": "576887ZK",
    "title": "Dr. Oetker Kaiserschmarrn Pannenkoekenmix 165 g",
    "category": "Ontbijt, broodbeleg en bakproducten",
    "price": 2.15,
    "promoPrice": null,
    "pricePerUnit": "13.03 kg",
    "image": "https://www.jumbo.com/dam-images/fit-in/360x360/Products/17042025_1744861645098_1744861652724_576887_ZK_08710466304322_C1N1_s01.png",
    "available": true,
    "promoUntil": null
  },
  {
    "id": "456734DS",
    "title": "Jumbo Basis voor Tomaten Soep 2 x 85 g",
    "category": "Conserven, soepen, sauzen, oliën",
    "price": 1.25,
    "promoPrice": null,
    "pricePerUnit": "7.35 kg",
    "image": "https://www.jumbo.com/dam-images/fit-in/360x360/Products/09082023_1691589581257_1691589622190_8718452606610_1.png",
    "available": true,
    "promoUntil": null
  },
  {
    "id": "660870ZK",
    "title": "Jumbo Biologisch Crackers Volkoren 10 Stuks",
    "category": "Ontbijt, broodbeleg en bakproducten",
    "price": 1.97,
    "promoPrice": null,
    "pricePerUnit": "9.85 kg",
    "image": "https://www.jumbo.com/dam-images/fit-in/360x360/Products/06012025_1736181228506_1736181234993_8718452816163_1.png",
    "available": true,
    "promoUntil": null
  },
  {
    "id": "166827POT",
    "title": "Jumbo Biologisch Mayonaise Zacht en Romig 250 ml",
    "category": "Conserven, soepen, sauzen, oliën",
    "price": 1.99,
    "promoPrice": null,
    "pricePerUnit": "7.96 l",
    "image": "https://www.jumbo.com/dam-images/fit-in/360x360/Products/13112023_1699896782423_1699896792303_8718452618019_1.png",
    "available": true,
    "promoUntil": null
  },
  {
    "id": "703335FLS",
    "title": "Chovi Allioli Sriracha 250ml",
    "category": "Conserven, soepen, sauzen, oliën",
    "price": 2.65,
    "promoPrice": null,
    "pricePerUnit": "10.6 l",
    "image": "https://www.jumbo.com/dam-images/fit-in/360x360/Products/17062025_1750125904921_1750125906797_703335_FLS_08410422008225_A1N1.png",
    "available": true,
    "promoUntil": null
  },
  {
    "id": "522115FLS",
    "title": "Jumbo High Protein Shake Chocolade Smaak 310 ml",
    "category": "Zuivel, eieren, boter",
    "price": 1.79,
    "promoPrice": null,
    "pricePerUnit": "5.77 l",
    "image": "https://www.jumbo.com/dam-images/fit-in/360x360/Products/14082024_1723649723161_1723649732811_8718452808717_596.png",
    "available": true,
    "promoUntil": null
  },
  {
    "id": "213488POT",
    "title": "Jumbo Snack Augurk Honing 190 g",
    "category": "Conserven, soepen, sauzen, oliën",
    "price": 1.35,
    "promoPrice": null,
    "pricePerUnit": "7.11 kg",
    "image": "https://www.jumbo.com/dam-images/fit-in/360x360/Products/09082023_1691585024568_1691585043496_8718452335374_1.png",
    "available": true,
    "promoUntil": null
  },
  {
    "id": "213301STK",
    "title": "Dr. Oetker Brookies brownie & cookie mix 430 g",
    "category": "Ontbijt, broodbeleg en bakproducten",
    "price": 3.52,
    "promoPrice": null,
    "pricePerUnit": "8.19 kg",
    "image": "https://www.jumbo.com/dam-images/fit-in/360x360/Products/17042025_1744861299429_1744861308361_213301_STK_08710466288721_C1N1_s04.png",
    "available": true,
    "promoUntil": null
  },
  {
    "id": "674158ZK",
    "title": "Jumbo Pitten & Zaden Proteïne Mix 250 g",
    "category": "Ontbijt, broodbeleg en bakproducten",
    "price": 3.0,
    "promoPrice": null,
    "pricePerUnit": "12.0 kg",
    "image": "https://www.jumbo.com/dam-images/fit-in/360x360/Products/02062025_1748882048758_1748882054903_8718452870714_1.png",
    "available": true,
    "promoUntil": null
  },
  {
    "id": "138608POT",
    "title": "Hellmann's Mayo Real 210 ml",
    "category": "Conserven, soepen, sauzen, oliën",
    "price": 3.19,
    "promoPrice": 2.39,
    "pricePerUnit": "11.38 l",
    "image": "https://www.jumbo.com/dam-images/fit-in/360x360/Products/28082025_1756370017996_1756370023613_8712100592744_1.png",
    "available": true,
    "promoUntil": "di 30 sep"
  },
  {
    "id": "505975POT",
    "title": "Bertolli Peperoni Gegrilde Paprika 180 g",
    "category": "Vleeswaren, kaas en tapas",
    "price": 2.89,
    "promoPrice": null,
    "pricePerUnit": "16.06 kg",
    "image": "https://www.jumbo.com/dam-images/fit-in/360x360/Products/09082023_1691591688418_1691591699232_8712247231612_1.png",
    "available": true,
    "promoUntil": null
  },
  {
    "id": "475558POT",
    "title": "Dr. Oetker Citroenrasp Gesuikerd 150 g",
    "category": "Ontbijt, broodbeleg en bakproducten",
    "price": 1.39,
    "promoPrice": null,
    "pricePerUnit": "9.27 kg",
    "image": "https://www.jumbo.com/dam-images/fit-in/360x360/Products/18042025_1744942969618_1744942975944_475558_POT_08710466235121_C1N1_s02.png",
    "available": true,
    "promoUntil": null
  },
  {
    "id": "635528POT",
    "title": "Dr. Oetker Vanillestokjes in Molen 7,5 g",
    "category": "Ontbijt, broodbeleg en bakproducten",
    "price": 6.92,
    "promoPrice": null,
    "pricePerUnit": "865.0 kg",
    "image": "https://www.jumbo.com/dam-images/fit-in/360x360/Products/21052025_1747793133412_1747793140271_635528_POT_05410231093620_C1N1_s02.png",
    "available": true,
    "promoUntil": null
  },
  {
    "id": "696506DS",
    "title": "Jumbo Plantaardig Alternatief voor Crème Fraîche 200 g",
    "category": "Zuivel, eieren, boter",
    "price": 0.97,
    "promoPrice": null,
    "pricePerUnit": "4.85 kg",
    "image": "https://www.jumbo.com/dam-images/fit-in/360x360/Products/28072025_1753695193807_1753695204706_8718452894239_596.png",
    "available": true,
    "promoUntil": null
  },
  {
    "id": "577354KRL",
    "title": "Douwe Egberts Ice Macchiato IJskoffie 8 x 230 ml",
    "category": "Zuivel, eieren, boter",
    "price": 11.04,
    "promoPrice": null,
    "pricePerUnit": "6.0 l",
    "image": "https://www.jumbo.com/dam-images/fit-in/360x360/Products/5773548711000870235f61e6224-9898-43c2-9883-4bc244ea1c0e-1693836481255.png",
    "available": true,
    "promoUntil": null
  },
  {
    "id": "560136PAK",
    "title": "Café Royal Amaretti Flavoured Coffee 10 Capsules 50 g",
    "category": "Koffie en thee",
    "price": 4.19,
    "promoPrice": null,
    "pricePerUnit": "0.42 pieces",
    "image": "https://www.jumbo.com/dam-images/fit-in/360x360/Products/25072025_1753428858796_1753428866434_7616500927735_1.png",
    "available": true,
    "promoUntil": null
  },
  {
    "id": "393569DS",
    "title": "Jumbo Mini Roomboter Pasteibakjes 12 Stuks",
    "category": "Conserven, soepen, sauzen, oliën",
    "price": 1.49,
    "promoPrice": null,
    "pricePerUnit": "18.63 kg",
    "image": "https://www.jumbo.com/dam-images/fit-in/360x360/Products/07052024_1715099712796_1715099723169_8718452785261_1.png",
    "available": true,
    "promoUntil": null
  },
  {
    "id": "569970STK",
    "title": "Jumbo Plantaardig Alternatief voor Yoghurt Haver 400 g",
    "category": "Zuivel, eieren, boter",
    "price": 2.19,
    "promoPrice": null,
    "pricePerUnit": "5.48 kg",
    "image": "https://www.jumbo.com/dam-images/fit-in/360x360/Products/14022024_1707872790499_1707872795208_8718452711215_1.png",
    "available": true,
    "promoUntil": null
  },
  {
    "id": "142172DS",
    "title": "Dr. Oetker Decoratiestiften choco & karamel 76 g",
    "category": "Ontbijt, broodbeleg en bakproducten",
    "price": 3.85,
    "promoPrice": null,
    "pricePerUnit": "50.66 kg",
    "image": "https://www.jumbo.com/dam-images/fit-in/360x360/Products/03052025_1746235074153_1746235078868_142172_DS_08710466268921_C1N1_s03.png",
    "available": true,
    "promoUntil": null
  },
  {
    "id": "163502BLK",
    "title": "Bonduelle Kikkererwten Bio 310g",
    "category": "Conserven, soepen, sauzen, oliën",
    "price": 2.99,
    "promoPrice": null,
    "pricePerUnit": "11.28 kg",
    "image": "https://www.jumbo.com/dam-images/fit-in/360x360/Products/31012024_1706668301778_1706668311706_163502_BLK_03083681052848_C1N1.png",
    "available": true,
    "promoUntil": null
  },
  {
    "id": "677765ZK",
    "title": "Jumbo Biologisch Tomaat Paprikasoep 570ML",
    "category": "Conserven, soepen, sauzen, oliën",
    "price": 2.99,
    "promoPrice": null,
    "pricePerUnit": "5.25 l",
    "image": "https://www.jumbo.com/dam-images/fit-in/360x360/Products/08052025_1746714771092_1746714791763_8718452872893_596.png",
    "available": true,
    "promoUntil": null
  },
  {
    "id": "19077FLS",
    "title": "Douwe Egberts Hazelnoot Koffiesiroop 250 ml",
    "category": "Koffie en thee",
    "price": 2.99,
    "promoPrice": null,
    "pricePerUnit": "11.96 l",
    "image": "https://www.jumbo.com/dam-images/fit-in/360x360/Products/02042025_1743554011865_1743554015772_8711000051238_1.png",
    "available": true,
    "promoUntil": null
  },
  {
    "id": "398003PAK",
    "title": "Jumbo Mix voor Cupcakes met Glazuur 380 g",
    "category": "Ontbijt, broodbeleg en bakproducten",
    "price": 2.29,
    "promoPrice": null,
    "pricePerUnit": "6.03 kg",
    "image": "https://www.jumbo.com/dam-images/fit-in/360x360/Products/15052024_1715790912710_1715790925732_8718452787982_1.png",
    "available": true,
    "promoUntil": null
  },
  {
    "id": "706822ZK",
    "title": "Bialetti Perfetto Moka Classico 250g",
    "category": "Koffie en thee",
    "price": 5.79,
    "promoPrice": null,
    "pricePerUnit": "23.16 kg",
    "image": "https://www.jumbo.com/dam-images/fit-in/360x360/Products/26062025_1750941146672_1750941150105_706822_ZK_08006363031646_C1N1.png",
    "available": true,
    "promoUntil": null
  },
  {
    "id": "606352DSL",
    "title": "Holie's Granola Low Carb Granola - 6 x 350g",
    "category": "Ontbijt, broodbeleg en bakproducten",
    "price": 22.5,
    "promoPrice": null,
    "pricePerUnit": "10.71 kg",
    "image": "https://www.jumbo.com/dam-images/fit-in/360x360/Products/872025608233013c56cd9-76a4-4bd2-a859-20607401145e-1757511656795.png",
    "available": true,
    "promoUntil": null
  },
  {
    "id": "441142STK",
    "title": "Jumbo Vruchten Thee 3 x 20 Stuks",
    "category": "Koffie en thee",
    "price": 2.43,
    "promoPrice": null,
    "pricePerUnit": "None None",
    "image": "https://www.jumbo.com/dam-images/fit-in/360x360/Products/441142STKe6a5b6c9-a2e4-410c-9ecc-b7eec85f1f43-1705506323193.png",
    "available": true,
    "promoUntil": null
  },
  {
    "id": "666821POT",
    "title": "Amorelli Pistache Crème 190 g",
    "category": "Ontbijt, broodbeleg en bakproducten",
    "price": 4.99,
    "promoPrice": null,
    "pricePerUnit": "26.26 kg",
    "image": "https://www.jumbo.com/dam-images/fit-in/360x360/Products/03012025_1735903985627_1735903992218_8720844036301_1.png",
    "available": true,
    "promoUntil": null
  },
  {
    "id": "560672PAK",
    "title": "Boon Zwarte Bonen in Teriyakisaus 390 g",
    "category": "Conserven, soepen, sauzen, oliën",
    "price": 1.99,
    "promoPrice": null,
    "pricePerUnit": "5.1 kg",
    "image": "https://www.jumbo.com/dam-images/fit-in/360x360/Products/31012024_1706697308972_1706697318307_8710646900085_1.png",
    "available": true,
    "promoUntil": null
  },
  {
    "id": "450829FLS",
    "title": "Brassica Bak & Braad Koolzaadolie 500 ml ",
    "category": "Conserven, soepen, sauzen, oliën",
    "price": 3.54,
    "promoPrice": null,
    "pricePerUnit": "7.08 l",
    "image": "https://www.jumbo.com/dam-images/fit-in/360x360/Products/29072025_1753796019808_1753796023924_8718182760101_1.png",
    "available": true,
    "promoUntil": null
  },
  {
    "id": "558892ZK",
    "title": "Jumbo Jus Light 20 g",
    "category": "Conserven, soepen, sauzen, oliën",
    "price": 0.45,
    "promoPrice": null,
    "pricePerUnit": "22.5 kg",
    "image": "https://www.jumbo.com/dam-images/fit-in/360x360/Products/10082023_1691678617854_1691678627637_8718452645497_1.png",
    "available": true,
    "promoUntil": null
  },
  {
    "id": "302275DS",
    "title": "Jumbo Paneermeel Kruiden 150 g",
    "category": "Ontbijt, broodbeleg en bakproducten",
    "price": 0.78,
    "promoPrice": null,
    "pricePerUnit": "5.2 kg",
    "image": "https://www.jumbo.com/dam-images/fit-in/360x360/Products/08012025_1736350410014_1736350430523_8718452879366_596.png",
    "available": true,
    "promoUntil": null
  },
  {
    "id": "649894FLS",
    "title": "Franks Red Hot Sauce Original 148ml",
    "category": "Conserven, soepen, sauzen, oliën",
    "price": 2.79,
    "promoPrice": null,
    "pricePerUnit": "17.44 kg",
    "image": "https://www.jumbo.com/dam-images/fit-in/360x360/Products/11092024_1726047560403_1726047566456_649894_FLS_00041500888125_C1N1.png",
    "available": true,
    "promoUntil": null
  },
  {
    "id": "646093POT",
    "title": "Barú Swirly Chocolate Poeder 250g",
    "category": "Koffie en thee",
    "price": 7.95,
    "promoPrice": 5.96,
    "pricePerUnit": "23.84 kg",
    "image": "https://www.jumbo.com/dam-images/fit-in/360x360/Products/22012025_1737511364697_1737511366143_646093_POT_05414145001504_C1N1.png",
    "available": true,
    "promoUntil": "di 7 okt"
  },
  {
    "id": "458004DS",
    "title": "Jumbo Gourmet en BBQ Sauzen 5 x 80ML",
    "category": "Conserven, soepen, sauzen, oliën",
    "price": 2.59,
    "promoPrice": null,
    "pricePerUnit": "6.48 l",
    "image": "https://www.jumbo.com/dam-images/fit-in/360x360/Products/02042025_1743604411009_1743604417246_8718452577118_1.png",
    "available": true,
    "promoUntil": null
  },
  {
    "id": "710631PAK",
    "title": "BioToday Pinda Bar 40 g",
    "category": "Ontbijt, broodbeleg en bakproducten",
    "price": 1.39,
    "promoPrice": null,
    "pricePerUnit": "34.75 kg",
    "image": "https://www.jumbo.com/dam-images/fit-in/360x360/Products/21072025_1753122788782_1753122792474_8719153034597_1.png",
    "available": true,
    "promoUntil": null
  },
  {
    "id": "685680STK",
    "title": "Barú Pumpkin Spice Latte Poeder 250g",
    "category": "Koffie en thee",
    "price": 7.95,
    "promoPrice": 5.96,
    "pricePerUnit": "23.84 kg",
    "image": "https://www.jumbo.com/dam-images/fit-in/360x360/Products/11032025_1741682575592_1741682576749_685680_STK_.png",
    "available": true,
    "promoUntil": "di 7 okt"
  },
  {
    "id": "646914DS",
    "title": "BioToday Abrikoos-Hazelnootreep 3 x 25 g",
    "category": "Ontbijt, broodbeleg en bakproducten",
    "price": 2.89,
    "promoPrice": null,
    "pricePerUnit": "38.53 kg",
    "image": "https://www.jumbo.com/dam-images/fit-in/360x360/Products/13082025_1755049562556_1755049576574_646914_DS_08719153035518_C1N1.png",
    "available": true,
    "promoUntil": null
  },
  {
    "id": "589493POT",
    "title": "Fluff Marshmallow 213 g",
    "category": "Ontbijt, broodbeleg en bakproducten",
    "price": 3.75,
    "promoPrice": null,
    "pricePerUnit": "17.61 kg",
    "image": "https://www.jumbo.com/dam-images/fit-in/360x360/Products/12122024_1734014663379_1734014670862_8712857974121_1.png",
    "available": true,
    "promoUntil": null
  },
  {
    "id": "604949ZK",
    "title": "Jack Link's Biltong 40g",
    "category": "Conserven, soepen, sauzen, oliën",
    "price": 3.75,
    "promoPrice": null,
    "pricePerUnit": "93.75 kg",
    "image": "https://www.jumbo.com/dam-images/fit-in/360x360/Products/03072024_1719975393156_1719975414797_604949_ZK_.png",
    "available": true,
    "promoUntil": null
  },
  {
    "id": "164316POT",
    "title": "Colman's Original English Mustard 100 g",
    "category": "Conserven, soepen, sauzen, oliën",
    "price": 2.35,
    "promoPrice": null,
    "pricePerUnit": "23.5 kg",
    "image": "https://www.jumbo.com/dam-images/fit-in/360x360/Products/12122024_1734014400756_1734014405977_50824939_1.png",
    "available": true,
    "promoUntil": null
  },
  {
    "id": "453622STK",
    "title": "Fairtrade Original Aroma Snelfiltermaling 250 g",
    "category": "Koffie en thee",
    "price": 6.19,
    "promoPrice": null,
    "pricePerUnit": "24.76 kg",
    "image": "https://www.jumbo.com/dam-images/fit-in/360x360/Products/05112024_1730776750982_1730776758968_453622_STK_08711741359006_C1N1.png",
    "available": true,
    "promoUntil": null
  },
  {
    "id": "586386POT",
    "title": "D&L Mayonaise met Ei 300ml",
    "category": "Conserven, soepen, sauzen, oliën",
    "price": 2.82,
    "promoPrice": null,
    "pricePerUnit": "9.4 l",
    "image": "https://www.jumbo.com/dam-images/fit-in/360x360/Products/28092023_1695919968668_1695920003996_5410056181151_1.png",
    "available": true,
    "promoUntil": null
  },
  {
    "id": "577157DS",
    "title": "Epic Coffee Espresso Dark Koffiecups 20 Stuks",
    "category": "Koffie en thee",
    "price": 3.99,
    "promoPrice": null,
    "pricePerUnit": "0.2 pieces",
    "image": "https://www.jumbo.com/dam-images/fit-in/360x360/Products/07112023_1699378468473_1699378476768_8720391700557_1.png",
    "available": true,
    "promoUntil": null
  },
  {
    "id": "158165PAK",
    "title": "Honig Kruidenbuiltje Kippenbouillon 13 g",
    "category": "Conserven, soepen, sauzen, oliën",
    "price": 1.39,
    "promoPrice": null,
    "pricePerUnit": "106.92 kg",
    "image": "https://www.jumbo.com/dam-images/fit-in/360x360/Products/18072025_1752804800310_1752804809497_158165_PAK_00000087147025_C1N1.png",
    "available": true,
    "promoUntil": null
  },
  {
    "id": "676480CUP",
    "title": "Ilo Cashew Pudding Vanilla 200 g",
    "category": "Zuivel, eieren, boter",
    "price": 2.99,
    "promoPrice": null,
    "pricePerUnit": "14.95 kg",
    "image": "https://www.jumbo.com/dam-images/fit-in/360x360/Products/16052025_1747365410164_1747365420374_676480_CUP_06430016340625_C1N1.png",
    "available": true,
    "promoUntil": null
  },
  {
    "id": "485290FLS",
    "title": "Jumbo Biologisch Appel Cider Azijn 250ML",
    "category": "Conserven, soepen, sauzen, oliën",
    "price": 1.93,
    "promoPrice": null,
    "pricePerUnit": "7.72 l",
    "image": "https://www.jumbo.com/dam-images/fit-in/360x360/Products/18022025_1739896392129_1739896396192_8718452593293_1.png",
    "available": true,
    "promoUntil": null
  },
  {
    "id": "705385PAK",
    "title": "Jumbo Chili Bonen in Saus 380 g",
    "category": "Conserven, soepen, sauzen, oliën",
    "price": 1.29,
    "promoPrice": null,
    "pricePerUnit": "3.39 kg",
    "image": "https://www.jumbo.com/dam-images/fit-in/360x360/Products/04072025_1751636012855_1751636028300_8718452925025_596.png",
    "available": true,
    "promoUntil": null
  },
  {
    "id": "705384PAK",
    "title": "Jumbo Chili Bonen in Saus 195 g",
    "category": "Conserven, soepen, sauzen, oliën",
    "price": 0.99,
    "promoPrice": null,
    "pricePerUnit": "5.08 kg",
    "image": "https://www.jumbo.com/dam-images/fit-in/360x360/Products/04072025_1751636012746_1751636028087_8718452925018_596.png",
    "available": true,
    "promoUntil": null
  },
  {
    "id": "201647POT",
    "title": "Jumbo Biologisch Appelmoes 355 g",
    "category": "Conserven, soepen, sauzen, oliën",
    "price": 1.29,
    "promoPrice": null,
    "pricePerUnit": "3.63 kg",
    "image": "https://www.jumbo.com/dam-images/fit-in/360x360/Products/19032025_1742402010089_1742402018039_8718452288601_1.png",
    "available": true,
    "promoUntil": null
  },
  {
    "id": "485999ZK",
    "title": "John West Tonijn Twist Groene Curry 85g",
    "category": "Conserven, soepen, sauzen, oliën",
    "price": 3.22,
    "promoPrice": null,
    "pricePerUnit": "37.88 kg",
    "image": "https://www.jumbo.com/dam-images/fit-in/360x360/Products/05092023_1693878999987_1693879006604_485999_ZK_05000171060969_C1N1.png",
    "available": true,
    "promoUntil": null
  },
  {
    "id": "551410FLS",
    "title": "Jumbo Bewust Olie 500 ML",
    "category": "Conserven, soepen, sauzen, oliën",
    "price": 3.99,
    "promoPrice": null,
    "pricePerUnit": "7.98 l",
    "image": "https://www.jumbo.com/dam-images/fit-in/360x360/Products/551410_8718452704910_1_T1_551410FLS1691148937122.png",
    "available": true,
    "promoUntil": null
  },
  {
    "id": "623889POT",
    "title": "BioToday Veggie Spread Rode Biet-Mierikswortel 235 g",
    "category": "Ontbijt, broodbeleg en bakproducten",
    "price": 3.29,
    "promoPrice": null,
    "pricePerUnit": "14.0 kg",
    "image": "https://www.jumbo.com/dam-images/fit-in/360x360/Products/08092025_1757334779393_1757334787194_8719153046361_1.png",
    "available": true,
    "promoUntil": null
  },
  {
    "id": "671062PAK",
    "title": "Jumbo Biologisch Halfvolle Melk 2 L",
    "category": "Zuivel, eieren, boter",
    "price": 2.69,
    "promoPrice": null,
    "pricePerUnit": "1.35 l",
    "image": "https://www.jumbo.com/dam-images/fit-in/360x360/Products/26022025_1740587608840_1740587630952_8718452876594_596.png",
    "available": true,
    "promoUntil": null
  },
  {
    "id": "203679STK",
    "title": "Jumbo Biologisch Houdbare Magere Melk 1 L",
    "category": "Zuivel, eieren, boter",
    "price": 1.29,
    "promoPrice": null,
    "pricePerUnit": "1.29 l",
    "image": "https://www.jumbo.com/dam-images/fit-in/360x360/Products/24102023_1698115604145_1698115606767_203679_STK_08718452299119_C1N1.png",
    "available": true,
    "promoUntil": null
  },
  {
    "id": "206435STK",
    "title": "Dr. Oetker Unicorn cupcake taart versiering 48 g",
    "category": "Ontbijt, broodbeleg en bakproducten",
    "price": 1.93,
    "promoPrice": null,
    "pricePerUnit": "40.21 kg",
    "image": "https://www.jumbo.com/dam-images/fit-in/360x360/Products/17042025_1744855016056_1744855022491_206435_STK_08710466286024_C1N1_s01.png",
    "available": true,
    "promoUntil": null
  },
  {
    "id": "391963BLK",
    "title": "Bonduelle Crispy Maïs - 0% Zout Toegevoegd 150 g",
    "category": "Conserven, soepen, sauzen, oliën",
    "price": 1.89,
    "promoPrice": null,
    "pricePerUnit": "12.6 kg",
    "image": "https://www.jumbo.com/dam-images/fit-in/360x360/Products/22022024_1708567255900_1708567266497_391963_BLK_03083681127379_H1N1.png",
    "available": true,
    "promoUntil": null
  },
  {
    "id": "640508ZK",
    "title": "Jumbo Tarwe Gepoft 160 g",
    "category": "Ontbijt, broodbeleg en bakproducten",
    "price": 1.99,
    "promoPrice": null,
    "pricePerUnit": "12.44 kg",
    "image": "https://www.jumbo.com/dam-images/fit-in/360x360/Products/12122024_1734014602204_1734014606033_8718452488438_1.png",
    "available": true,
    "promoUntil": null
  },
  {
    "id": "198268POT",
    "title": "Calvé Yofresh Pot 450 ml",
    "category": "Conserven, soepen, sauzen, oliën",
    "price": 3.25,
    "promoPrice": 2.43,
    "pricePerUnit": "5.4 l",
    "image": "https://www.jumbo.com/dam-images/fit-in/360x360/Products/05082025_1754393640120_1754393645574_8714100905944_1.png",
    "available": true,
    "promoUntil": "di 30 sep"
  },
  {
    "id": "560671PAK",
    "title": "Boon Kikkererwten in Curry 380 g",
    "category": "Conserven, soepen, sauzen, oliën",
    "price": 1.99,
    "promoPrice": null,
    "pricePerUnit": "5.24 kg",
    "image": "https://www.jumbo.com/dam-images/fit-in/360x360/Products/25032024_1711381521770_1711381526166_8710646900115_1.png",
    "available": true,
    "promoUntil": null
  },
  {
    "id": "514905DS",
    "title": "Dr. Oetker Kookpudding Room 77,5 g",
    "category": "Ontbijt, broodbeleg en bakproducten",
    "price": 1.29,
    "promoPrice": null,
    "pricePerUnit": "16.54 kg",
    "image": "https://www.jumbo.com/dam-images/fit-in/360x360/Products/17042025_1744860524432_1744860532309_514905_DS_08710466245229_C1N1_s01.png",
    "available": true,
    "promoUntil": null
  },
  {
    "id": "354926PAK",
    "title": "Dr. Oetker Decoratie vlinders versiering 60 g",
    "category": "Ontbijt, broodbeleg en bakproducten",
    "price": 2.27,
    "promoPrice": null,
    "pricePerUnit": "37.83 kg",
    "image": "https://www.jumbo.com/dam-images/fit-in/360x360/Products/17042025_1744860576390_1744860582131_354926_PAK_08710466300324_C1N1_s01.png",
    "available": true,
    "promoUntil": null
  },
  {
    "id": "557691ZK",
    "title": "Jordans Low Sugar Granola with Almond & Hazelnut 400 g",
    "category": "Ontbijt, broodbeleg en bakproducten",
    "price": 4.99,
    "promoPrice": null,
    "pricePerUnit": "12.48 kg",
    "image": "https://www.jumbo.com/dam-images/fit-in/360x360/Products/16042025_1744817609653_1744817618573_5010477363619_1.png",
    "available": true,
    "promoUntil": null
  },
  {
    "id": "709789DS",
    "title": "Jumbo Crunchy Muesli Naturel 900 g ",
    "category": "Ontbijt, broodbeleg en bakproducten",
    "price": 3.29,
    "promoPrice": null,
    "pricePerUnit": "3.66 kg",
    "image": "https://www.jumbo.com/dam-images/fit-in/360x360/Products/31072025_1753968812697_1753968826878_8718452927395_596.png",
    "available": true,
    "promoUntil": null
  },
  {
    "id": "577039PAK",
    "title": "Heinz Tomato Frito Original 212 g",
    "category": "Conserven, soepen, sauzen, oliën",
    "price": 1.12,
    "promoPrice": null,
    "pricePerUnit": "5.28 kg",
    "image": "https://www.jumbo.com/dam-images/fit-in/360x360/Products/08082025_1754617678831_1754617684084_577039_PAK_08410066138777_C1N1.png",
    "available": true,
    "promoUntil": null
  },
  {
    "id": "613262FLS",
    "title": "Hellmann's Mayonaise Saus Chili 250 ml",
    "category": "Conserven, soepen, sauzen, oliën",
    "price": 3.19,
    "promoPrice": 2.39,
    "pricePerUnit": "9.56 l",
    "image": "https://www.jumbo.com/dam-images/fit-in/360x360/Products/30072025_1753889672852_1753889677886_8720182820389_1.png",
    "available": true,
    "promoUntil": "di 30 sep"
  },
  {
    "id": "604948PAK",
    "title": "BiFi The Original Roll XXL 70 g",
    "category": "Conserven, soepen, sauzen, oliën",
    "price": 1.73,
    "promoPrice": null,
    "pricePerUnit": "24.71 kg",
    "image": "https://www.jumbo.com/dam-images/fit-in/360x360/Products/31072024_1722433096844_1722433104224_4251097409900_1.png",
    "available": true,
    "promoUntil": null
  },
  {
    "id": "685505DS",
    "title": "Clipper English Organic Black Tea 20 Stuks 34 g",
    "category": "Koffie en thee",
    "price": 3.69,
    "promoPrice": null,
    "pricePerUnit": "108.53 kg",
    "image": "https://www.jumbo.com/dam-images/fit-in/360x360/Products/15032025_1742000425365_1742000439738_5021991944314_596.png",
    "available": true,
    "promoUntil": null
  },
  {
    "id": "618266STK",
    "title": "Dr oetker wolkentoetje vanille 4 x 125g",
    "category": "Zuivel, eieren, boter",
    "price": 3.16,
    "promoPrice": null,
    "pricePerUnit": "None None",
    "image": "https://www.jumbo.com/dam-images/fit-in/360x360/Products/618266STK1c5cdc053-794f-4afd-b14c-97c81e00931c-1745828749457.png",
    "available": true,
    "promoUntil": null
  },
  {
    "id": "421505ZK",
    "title": "John West Tonijn Twist met Honing & Mosterd 85g",
    "category": "Conserven, soepen, sauzen, oliën",
    "price": 3.22,
    "promoPrice": null,
    "pricePerUnit": "37.88 kg",
    "image": "https://www.jumbo.com/dam-images/fit-in/360x360/Products/25052024_1716600977366_1716600991801_421505_ZK_05000171060785_C1N1.png",
    "available": true,
    "promoUntil": null
  },
  {
    "id": "586390POT",
    "title": "D&L Bearnaise 300ml",
    "category": "Conserven, soepen, sauzen, oliën",
    "price": 2.99,
    "promoPrice": null,
    "pricePerUnit": "9.97 l",
    "image": "https://www.jumbo.com/dam-images/fit-in/360x360/Products/05410056181083C1N1988db74a-86ac-4b69-b43c-f730559ecbf0-1693403481382.png",
    "available": true,
    "promoUntil": null
  },
  {
    "id": "706677CUP",
    "title": "Dr. Oetker Just For Me Brownies 70g",
    "category": "Ontbijt, broodbeleg en bakproducten",
    "price": 2.27,
    "promoPrice": null,
    "pricePerUnit": "32.43 kg",
    "image": "https://www.jumbo.com/dam-images/fit-in/360x360/Products/01082025_1754013479821_1754013487259_706677_CUP_08710466329820_C1N1_s03.png",
    "available": true,
    "promoUntil": null
  },
  {
    "id": "610245DS",
    "title": "HomeMade Complete Mix voor Tompoucen 225 g",
    "category": "Ontbijt, broodbeleg en bakproducten",
    "price": 3.59,
    "promoPrice": null,
    "pricePerUnit": "15.96 kg",
    "image": "https://www.jumbo.com/dam-images/fit-in/360x360/Products/25032024_1711381816903_1711381824858_8719678030890_1.png",
    "available": true,
    "promoUntil": null
  },
  {
    "id": "483733ZK",
    "title": "Jumbo Gojibessen Biologisch 175 g",
    "category": "Ontbijt, broodbeleg en bakproducten",
    "price": 5.99,
    "promoPrice": null,
    "pricePerUnit": "34.23 kg",
    "image": "https://www.jumbo.com/dam-images/fit-in/360x360/Products/10082023_1691676436410_1691676446926_8718452617807_1.png",
    "available": true,
    "promoUntil": null
  },
  {
    "id": "623768STK",
    "title": "Jumbo Romige Koffiemousse met Speculooscrumble 2 x 75g",
    "category": "Zuivel, eieren, boter",
    "price": 3.1,
    "promoPrice": null,
    "pricePerUnit": "None None",
    "image": "https://www.jumbo.com/dam-images/fit-in/360x360/Products/623768STK2182a23f24-47bd-4fdb-a9a4-946056a33b95-1716444386614.png",
    "available": true,
    "promoUntil": null
  },
  {
    "id": "617250FLS",
    "title": "Beautiful Immunity Kefir ondersteunt de darmflora Tropisch fruit 500 ml",
    "category": "Zuivel, eieren, boter",
    "price": 2.39,
    "promoPrice": null,
    "pricePerUnit": "4.78 l",
    "image": "https://www.jumbo.com/dam-images/fit-in/360x360/Products/05082025_1754355610683_1754355616561_617250_FLS_05060337222808_C1N1.png",
    "available": true,
    "promoUntil": null
  },
  {
    "id": "692547PAK",
    "title": "Jumbo Biologische Cannellinibonen 205 g",
    "category": "Conserven, soepen, sauzen, oliën",
    "price": 0.75,
    "promoPrice": null,
    "pricePerUnit": "3.75 l",
    "image": "https://www.jumbo.com/dam-images/fit-in/360x360/Products/12052025_1747008015623_1747008041648_8718452877904_596.png",
    "available": true,
    "promoUntil": null
  },
  {
    "id": "692595PAK",
    "title": "Jumbo Biologische Bruine Bonen 400 g",
    "category": "Conserven, soepen, sauzen, oliën",
    "price": 1.19,
    "promoPrice": null,
    "pricePerUnit": "3.05 l",
    "image": "https://www.jumbo.com/dam-images/fit-in/360x360/Products/03062025_1748943149514_1748943164505_8718452877898_596.png",
    "available": true,
    "promoUntil": null
  },
  {
    "id": "614869ZK",
    "title": "Crema e Gusto Classico filterkoffie 250g",
    "category": "Koffie en thee",
    "price": 6.99,
    "promoPrice": null,
    "pricePerUnit": "27.96 kg",
    "image": "https://www.jumbo.com/dam-images/fit-in/360x360/Products/19032025_1742355961486_1742355969323_614869_ZK_08000070038868_C1N1.png",
    "available": true,
    "promoUntil": null
  },
  {
    "id": "677291ZK",
    "title": "Jumbo Biologisch Romige Tomatensoep 570ML",
    "category": "Conserven, soepen, sauzen, oliën",
    "price": 2.75,
    "promoPrice": null,
    "pricePerUnit": "4.82 l",
    "image": "https://www.jumbo.com/dam-images/fit-in/360x360/Products/08052025_1746714770876_1746714791298_8718452872930_596.png",
    "available": true,
    "promoUntil": null
  },
  {
    "id": "586176FLS",
    "title": "D&L Mayonaise met Eieren Knijpfles 450 ml",
    "category": "Conserven, soepen, sauzen, oliën",
    "price": 4.19,
    "promoPrice": null,
    "pricePerUnit": "9.31 l",
    "image": "https://www.jumbo.com/dam-images/fit-in/360x360/Products/198224FLS19c97fdc3-07ef-4130-a381-66335a69bf01-1692947160626.png",
    "available": true,
    "promoUntil": null
  },
  {
    "id": "646485ZK",
    "title": "Dr. Oetker Gist Extra Snel 32 g",
    "category": "Ontbijt, broodbeleg en bakproducten",
    "price": 1.19,
    "promoPrice": null,
    "pricePerUnit": "37.19 kg",
    "image": "https://www.jumbo.com/dam-images/fit-in/360x360/Products/17042025_1744860585241_1744860590489_646485_ZK_08710466320629_C1N1_s04.png",
    "available": true,
    "promoUntil": null
  },
  {
    "id": "709781DS",
    "title": "Gü Speculoos Cheesecake Caramelised Biscuit 2 x 82 g",
    "category": "Zuivel, eieren, boter",
    "price": 3.99,
    "promoPrice": null,
    "pricePerUnit": "24.33 kg",
    "image": "https://www.jumbo.com/dam-images/fit-in/360x360/Products/14072025_1752486728305_1752486733539_709781_DS_05060971862798_C1N1.png",
    "available": true,
    "promoUntil": null
  },
  {
    "id": "587065FLS",
    "title": "Hela Kruiden Ketchup Curry 30% minder suiker",
    "category": "Conserven, soepen, sauzen, oliën",
    "price": 2.69,
    "promoPrice": null,
    "pricePerUnit": "8.97 l",
    "image": "https://www.jumbo.com/dam-images/fit-in/360x360/Products/14022024_1707873645396_1707873650714_4027400203233_1.png",
    "available": true,
    "promoUntil": null
  },
  {
    "id": "658711FLS",
    "title": "Jumbo Biologisch Aceto Balsamico di Modena I.G.P. 250 ml",
    "category": "Conserven, soepen, sauzen, oliën",
    "price": 3.22,
    "promoPrice": null,
    "pricePerUnit": "12.88 l",
    "image": "https://www.jumbo.com/dam-images/fit-in/360x360/Products/26112024_1732638820736_1732638824658_8718452839674_1.png",
    "available": true,
    "promoUntil": null
  },
  {
    "id": "710002BKR",
    "title": "Jumbo Direct van de Boerderij Soja Bosvruchten Plantaardig Alternatief 400 g",
    "category": "Zuivel, eieren, boter",
    "price": 1.99,
    "promoPrice": null,
    "pricePerUnit": "4.98 kg",
    "image": "https://www.jumbo.com/dam-images/fit-in/360x360/Products/17032025_1742229208811_1742229217955_8718452868964_1.png",
    "available": true,
    "promoUntil": null
  },
  {
    "id": "711467STK",
    "title": "Campina can 2 x 2,4l",
    "category": "Zuivel, eieren, boter",
    "price": 5.9,
    "promoPrice": 5.31,
    "pricePerUnit": "None None",
    "image": "https://www.jumbo.com/dam-images/fit-in/360x360/Products/20258313bb2af934-a71e-4091-a92a-8db93ac2d9d2-1753712133974.png",
    "available": true,
    "promoUntil": "di 7 okt"
  },
  {
    "id": "624125POT",
    "title": "BioToday Pindakaas Chili 250 g",
    "category": "Ontbijt, broodbeleg en bakproducten",
    "price": 4.29,
    "promoPrice": null,
    "pricePerUnit": "17.16 kg",
    "image": "https://www.jumbo.com/dam-images/fit-in/360x360/Products/06022025_1738870375321_1738870389495_8719153043469_1.png",
    "available": true,
    "promoUntil": null
  },
  {
    "id": "351703STK",
    "title": "Campina Vla 2 x 1L",
    "category": "Zuivel, eieren, boter",
    "price": 5.18,
    "promoPrice": null,
    "pricePerUnit": "None None",
    "image": "https://www.jumbo.com/dam-images/fit-in/360x360/Products/351703STK01a910d6-acef-4c95-8030-e7e8ca9c9c24-1704899524998.png",
    "available": true,
    "promoUntil": null
  },
  {
    "id": "565875STK",
    "title": "Campina Vla Vanille & Campina Dubbel Vla Vanille Chocolade",
    "category": "Zuivel, eieren, boter",
    "price": 4.48,
    "promoPrice": null,
    "pricePerUnit": "None None",
    "image": "https://www.jumbo.com/dam-images/fit-in/360x360/Products/565875_20222468_1_T1_565875STK1691076827959.png",
    "available": true,
    "promoUntil": null
  },
  {
    "id": "390432ZK",
    "title": "Douwe Egberts Aroma Rood Bonen Voordeelpak 1000 g",
    "category": "Koffie en thee",
    "price": 15.99,
    "promoPrice": null,
    "pricePerUnit": "15.99 kg",
    "image": "https://www.jumbo.com/dam-images/fit-in/360x360/Products/20092025_1758331692338_1758331697679_390432_ZK_08711000602324_C1N1.png",
    "available": true,
    "promoUntil": null
  },
  {
    "id": "686247ZK",
    "title": "Jumbo Borstplaat 200 g",
    "category": "Ontbijt, broodbeleg en bakproducten",
    "price": 2.99,
    "promoPrice": null,
    "pricePerUnit": "14.95 kg",
    "image": "https://www.jumbo.com/dam-images/fit-in/360x360/Products/22092025_1758555238281_1758555243533_8718452926848_1.png",
    "available": true,
    "promoUntil": null
  },
  {
    "id": "385910BKR",
    "title": "Jumbo Rode Wijnsaus 240 ml",
    "category": "Conserven, soepen, sauzen, oliën",
    "price": 2.69,
    "promoPrice": null,
    "pricePerUnit": "11.21 kg",
    "image": "https://www.jumbo.com/dam-images/fit-in/360x360/Products/09082023_1691590097874_1691590233854_8718452485536_1.png",
    "available": true,
    "promoUntil": null
  },
  {
    "id": "524344PAK",
    "title": "Barebells Protein Bar Caramel Cashew 55 g",
    "category": "Ontbijt, broodbeleg en bakproducten",
    "price": 2.96,
    "promoPrice": 2.22,
    "pricePerUnit": "40.36 kg",
    "image": "https://www.jumbo.com/dam-images/fit-in/360x360/Products/23052024_1716456913137_1716456916796_7340001800647_1.png",
    "available": true,
    "promoUntil": "di 7 okt"
  },
  {
    "id": "680888BLK",
    "title": "Chocomel 0% Suiker Toegevoegd 250 ml",
    "category": "Zuivel, eieren, boter",
    "price": 1.19,
    "promoPrice": null,
    "pricePerUnit": "4.76 l",
    "image": "https://www.jumbo.com/dam-images/fit-in/360x360/Products/27082025_1756260689846_1756260692907_680888_BLK_08712800002178_H1N1.png",
    "available": true,
    "promoUntil": null
  },
  {
    "id": "671883CUP",
    "title": "Danone Af en Toetje 120g",
    "category": "Zuivel, eieren, boter",
    "price": 1.29,
    "promoPrice": null,
    "pricePerUnit": "10.75 kg",
    "image": "https://www.jumbo.com/dam-images/fit-in/360x360/Products/04092025_1756949165406_1756949172811_671883_CUP_08713788124333_C1N1.png",
    "available": true,
    "promoUntil": null
  },
  {
    "id": "514908DS",
    "title": "Dr. Oetker Kookpudding Bitterkoekjes 92 g",
    "category": "Ontbijt, broodbeleg en bakproducten",
    "price": 1.29,
    "promoPrice": null,
    "pricePerUnit": "14.02 kg",
    "image": "https://www.jumbo.com/dam-images/fit-in/360x360/Products/17042025_1744860398566_1744860406522_514908_DS_08710466244925_C1N1_s02.png",
    "available": true,
    "promoUntil": null
  },
  {
    "id": "626772FLS",
    "title": "Heinz Tomato Ketchup Zero 220 ml",
    "category": "Conserven, soepen, sauzen, oliën",
    "price": 2.39,
    "promoPrice": null,
    "pricePerUnit": "10.86 l",
    "image": "https://www.jumbo.com/dam-images/fit-in/360x360/Products/21082025_1755740921648_1755740930041_626772_FLS_05900783010294_H1N1.png",
    "available": true,
    "promoUntil": null
  },
  {
    "id": "361400POT",
    "title": "Hak Rode Kool 0% met Stukjes Appel 350 g",
    "category": "Conserven, soepen, sauzen, oliën",
    "price": 2.49,
    "promoPrice": null,
    "pricePerUnit": "7.11 kg",
    "image": "https://www.jumbo.com/dam-images/fit-in/360x360/Products/28052024_1716862796187_1716862796912_361400_POT_08720600619762_H1N1.png",
    "available": true,
    "promoUntil": null
  },
  {
    "id": "485495FLS",
    "title": "Calvé Knijpfles Chunky Burger Saus 250 ml",
    "category": "Conserven, soepen, sauzen, oliën",
    "price": 2.85,
    "promoPrice": null,
    "pricePerUnit": "11.4 l",
    "image": "https://www.jumbo.com/dam-images/fit-in/360x360/Products/30072025_1753889671995_1753889678466_8720182255402_1.png",
    "available": true,
    "promoUntil": null
  },
  {
    "id": "550695PAK",
    "title": "Argeta Kip Spread 2 x 95 g",
    "category": "Conserven, soepen, sauzen, oliën",
    "price": 2.96,
    "promoPrice": null,
    "pricePerUnit": "15.58 kg",
    "image": "https://www.jumbo.com/dam-images/fit-in/360x360/Products/20122023_1703050357783_1703050368464_550695_PAK_03838471050142_C1N1.png",
    "available": true,
    "promoUntil": null
  },
  {
    "id": "706968FLS",
    "title": "Chocomel Protein 300 ml",
    "category": "Zuivel, eieren, boter",
    "price": 1.89,
    "promoPrice": 1.41,
    "pricePerUnit": "4.7 l",
    "image": "https://www.jumbo.com/dam-images/fit-in/360x360/Products/27062025_1751049166279_1751049169757_8712800002635_1.png",
    "available": true,
    "promoUntil": "di 7 okt"
  },
  {
    "id": "579723FLS",
    "title": "Gouda's Glorie Sweet Onion Sauce 550 ml",
    "category": "Conserven, soepen, sauzen, oliën",
    "price": 2.99,
    "promoPrice": null,
    "pricePerUnit": "5.44 l",
    "image": "https://www.jumbo.com/dam-images/fit-in/360x360/Products/14022024_1707873139043_1707873144477_8710448639565_1.png",
    "available": true,
    "promoUntil": null
  },
  {
    "id": "446262CUP",
    "title": "Friesche Vlag Balance Licht & Lekker 10 Stuks 70 ml",
    "category": "Zuivel, eieren, boter",
    "price": 0.99,
    "promoPrice": null,
    "pricePerUnit": "14.14 l",
    "image": "https://www.jumbo.com/dam-images/fit-in/360x360/Products/12122024_1734014863671_1734014866256_87162653_1.png",
    "available": true,
    "promoUntil": null
  },
  {
    "id": "689026ZK",
    "title": "Jumbo Vegetarische Kippensoep 570ML",
    "category": "Conserven, soepen, sauzen, oliën",
    "price": 2.59,
    "promoPrice": null,
    "pricePerUnit": "4.54 l",
    "image": "https://www.jumbo.com/dam-images/fit-in/360x360/Products/12062025_1749735188021_1749735209073_8718452873425_596.png",
    "available": true,
    "promoUntil": null
  },
  {
    "id": "369674STK",
    "title": "Jumbo Rolfondant Blauw 250 g",
    "category": "Ontbijt, broodbeleg en bakproducten",
    "price": 2.3,
    "promoPrice": null,
    "pricePerUnit": "9.2 kg",
    "image": "https://www.jumbo.com/dam-images/fit-in/360x360/Products/09082023_1691586929752_1691586947877_8718452443024_1.png",
    "available": true,
    "promoUntil": null
  },
  {
    "id": "213210BLK",
    "title": "Jumbo Luncheon Meat Mager 200 g",
    "category": "Conserven, soepen, sauzen, oliën",
    "price": 1.99,
    "promoPrice": null,
    "pricePerUnit": "9.95 kg",
    "image": "https://www.jumbo.com/dam-images/fit-in/360x360/Products/26052025_1748231746082_1748231764189_213210_BLK_08718452322893_C1N1.png",
    "available": true,
    "promoUntil": null
  },
  {
    "id": "145081POT",
    "title": "Canderel Pocket Pack 120 Stuks 10,2 g",
    "category": "Koffie en thee",
    "price": 2.09,
    "promoPrice": null,
    "pricePerUnit": "0.02 pieces",
    "image": "https://www.jumbo.com/dam-images/fit-in/360x360/Products/14022024_1707873496829_1707873509351_7640110706442_1.png",
    "available": true,
    "promoUntil": null
  },
  {
    "id": "156397STK",
    "title": "Jumbo Basis Gist 3 x 7 g",
    "category": "Ontbijt, broodbeleg en bakproducten",
    "price": 0.55,
    "promoPrice": null,
    "pricePerUnit": "26.19 kg",
    "image": "https://www.jumbo.com/dam-images/fit-in/360x360/Products/10092024_1725960856826_1725960871250_8718452787845_596.png",
    "available": true,
    "promoUntil": null
  },
  {
    "id": "175122KST",
    "title": "Jumbo Biologisch Pannenkoekenmix 400 g",
    "category": "Ontbijt, broodbeleg en bakproducten",
    "price": 1.09,
    "promoPrice": null,
    "pricePerUnit": "2.73 kg",
    "image": "https://www.jumbo.com/dam-images/fit-in/360x360/Products/01082024_1722504868187_1722504892495_8718452794409_596.png",
    "available": true,
    "promoUntil": null
  },
  {
    "id": "554257TRL",
    "title": "Jumbo Ragout Kip 400 g",
    "category": "Conserven, soepen, sauzen, oliën",
    "price": 8.7,
    "promoPrice": null,
    "pricePerUnit": "3.63 kg",
    "image": "https://www.jumbo.com/dam-images/fit-in/360x360/Products/554257TRL-1692282877531.png",
    "available": true,
    "promoUntil": null
  },
  {
    "id": "707277ZK",
    "title": "Barú Organic Premium Barista Chai 40g",
    "category": "Koffie en thee",
    "price": 7.95,
    "promoPrice": null,
    "pricePerUnit": "198.75 kg",
    "image": "https://www.jumbo.com/dam-images/fit-in/360x360/Products/30062025_1751284013337_1751284018668_707277_ZK_.png",
    "available": true,
    "promoUntil": null
  },
  {
    "id": "563063PAK",
    "title": "Céréal Minder Suikers Choco - Vanilla Crispy 28 g",
    "category": "Ontbijt, broodbeleg en bakproducten",
    "price": 1.19,
    "promoPrice": null,
    "pricePerUnit": "42.5 kg",
    "image": "https://www.jumbo.com/dam-images/fit-in/360x360/Products/15092024_1726362546388_1726362548891_563063_PAK_05410063041042_C1N1.png",
    "available": true,
    "promoUntil": null
  },
  {
    "id": "649895FLS",
    "title": "French's Mustard 226g",
    "category": "Conserven, soepen, sauzen, oliën",
    "price": 4.59,
    "promoPrice": null,
    "pricePerUnit": "20.31 kg",
    "image": "https://www.jumbo.com/dam-images/fit-in/360x360/Products/06062025_1749174507140_1749174509998_649895_FLS_00041500007229_C1N1.png",
    "available": true,
    "promoUntil": null
  },
  {
    "id": "415855PAK",
    "title": "Dr. Oetker Muffins Chocolade Bakmix 345 g",
    "category": "Ontbijt, broodbeleg en bakproducten",
    "price": 3.91,
    "promoPrice": null,
    "pricePerUnit": "11.33 kg",
    "image": "https://www.jumbo.com/dam-images/fit-in/360x360/Products/07062025_1749262968158_1749262977864_415855_PAK_08710466310521_C1N1_s03.png",
    "available": true,
    "promoUntil": null
  },
  {
    "id": "578882STK",
    "title": "Danone M&M's Vanilleyoghurt 120 g",
    "category": "Zuivel, eieren, boter",
    "price": 1.29,
    "promoPrice": null,
    "pricePerUnit": "10.75 kg",
    "image": "https://www.jumbo.com/dam-images/fit-in/360x360/Products/23122023_1703300468815_1703300472561_578882_STK_04009700075024_C1N1.png",
    "available": true,
    "promoUntil": null
  },
  {
    "id": "385990CUP",
    "title": "Jumbo Ongebrande Garneer Amandelen 95 g",
    "category": "Ontbijt, broodbeleg en bakproducten",
    "price": 2.96,
    "promoPrice": null,
    "pricePerUnit": "31.16 kg",
    "image": "https://www.jumbo.com/dam-images/fit-in/360x360/Products/10122024_1733830365745_1733830373434_8718452831739_1.png",
    "available": true,
    "promoUntil": null
  },
  {
    "id": "542435PAK",
    "title": "Grenade Chocolate Chip Cookie Dough Flavour 60 g",
    "category": "Ontbijt, broodbeleg en bakproducten",
    "price": 2.76,
    "promoPrice": 2.07,
    "pricePerUnit": "34.5 kg",
    "image": "https://www.jumbo.com/dam-images/fit-in/360x360/Products/16082024_1723815323288_1723815328539_5060811382394_1.png",
    "available": true,
    "promoUntil": "di 7 okt"
  },
  {
    "id": "71749PAK",
    "title": "Jumbo Basis Zandgebakjes 144 g",
    "category": "Ontbijt, broodbeleg en bakproducten",
    "price": 4.29,
    "promoPrice": null,
    "pricePerUnit": "29.79 kg",
    "image": "https://www.jumbo.com/dam-images/fit-in/360x360/Products/16052024_1715866521509_1715866528320_8718452787814_1.png",
    "available": true,
    "promoUntil": null
  },
  {
    "id": "434734FLS",
    "title": "AA Drink Iso Lemon 500 ml",
    "category": "Frisdrank en sappen",
    "price": 1.29,
    "promoPrice": null,
    "pricePerUnit": "2.58 l",
    "image": "https://www.jumbo.com/dam-images/fit-in/360x360/Products/AA05LIsoLemonc158f8e3-fc21-4f49-ac4e-26438df3b0e7-1737625730391.png",
    "available": true,
    "promoUntil": null
  },
  {
    "id": "665556ZK",
    "title": "Faja Lobi Chicken Trafasie 65g",
    "category": "Conserven, soepen, sauzen, oliën",
    "price": 0.69,
    "promoPrice": null,
    "pricePerUnit": "10.62 kg",
    "image": "https://www.jumbo.com/dam-images/fit-in/360x360/Products/25112024_1732533850145_1732533863598_665556_ZK_08712631994215_C1N1.png",
    "available": true,
    "promoUntil": null
  },
  {
    "id": "635316ZK",
    "title": "Goodies Luchtige Rijstwafeltjes Rood fruit 40g",
    "category": "Drogisterij en baby",
    "price": 1.77,
    "promoPrice": null,
    "pricePerUnit": "44.25 kg",
    "image": "https://www.jumbo.com/dam-images/fit-in/360x360/Products/20022025_1740020804546_1740020810016_635316_ZK_07310100778758_H1N1.png",
    "available": true,
    "promoUntil": null
  },
  {
    "id": "675542CUP",
    "title": "Ilo Cashew Pudding Choco Caramel 200 g",
    "category": "Zuivel, eieren, boter",
    "price": 2.99,
    "promoPrice": null,
    "pricePerUnit": "14.95 kg",
    "image": "https://www.jumbo.com/dam-images/fit-in/360x360/Products/26052025_1748226947730_1748226957141_675542_CUP_06430016340656_C1N1.png",
    "available": true,
    "promoUntil": null
  },
  {
    "id": "672466STK",
    "title": "Ilo eiwitrijke pudding banaan-toffee",
    "category": "Zuivel, eieren, boter",
    "price": 1.69,
    "promoPrice": null,
    "pricePerUnit": "8.45 kg",
    "image": "https://www.jumbo.com/dam-images/fit-in/360x360/Products/12032025_1741751629299_1741751637371_672466_STK_06430016343329_C1N1.png",
    "available": true,
    "promoUntil": null
  },
  {
    "id": "623874BLK",
    "title": "BioToday Kruiden Paté 125 g",
    "category": "Vleeswaren, kaas en tapas",
    "price": 3.39,
    "promoPrice": null,
    "pricePerUnit": "27.12 kg",
    "image": "https://www.jumbo.com/dam-images/fit-in/360x360/Products/27082025_1756301631959_1756301638642_8719153031077_1.png",
    "available": true,
    "promoUntil": null
  },
  {
    "id": "644854CUP",
    "title": "Jumbo Plantaardige Griekse Stijl Naturel 10% Vet 500 g",
    "category": "Zuivel, eieren, boter",
    "price": 1.79,
    "promoPrice": null,
    "pricePerUnit": "3.58 kg",
    "image": "https://www.jumbo.com/dam-images/fit-in/360x360/Products/29102024_1730223246327_1730223257593_8718452877454_596.png",
    "available": true,
    "promoUntil": null
  },
  {
    "id": "670741BLK",
    "title": "Argeta Spread Meatless Kipsmaak 95 g",
    "category": "Conserven, soepen, sauzen, oliën",
    "price": 1.77,
    "promoPrice": null,
    "pricePerUnit": "18.63 kg",
    "image": "https://www.jumbo.com/dam-images/fit-in/360x360/Products/11032025_1741697186198_1741697186981_670741_BLK_03838471053785_A1N1.png",
    "available": true,
    "promoUntil": null
  },
  {
    "id": "676724STK",
    "title": "Champignon met Jumbo's Truffel Smaak Olie",
    "category": "Conserven, soepen, sauzen, oliën",
    "price": 4.04,
    "promoPrice": null,
    "pricePerUnit": "None None",
    "image": "https://www.jumbo.com/dam-images/fit-in/360x360/Products/676724STK57db10c5-9bdd-4fbf-94fa-28a2c88e6250-1738916443037.png",
    "available": true,
    "promoUntil": null
  },
  {
    "id": "672887ZK",
    "title": "Jumbo Salade Pitten Mix 175 g",
    "category": "Conserven, soepen, sauzen, oliën",
    "price": 2.49,
    "promoPrice": null,
    "pricePerUnit": "14.23 kg",
    "image": "https://www.jumbo.com/dam-images/fit-in/360x360/Products/20052025_1747755169555_1747755175715_8718452902149_1.png",
    "available": true,
    "promoUntil": null
  },
  {
    "id": "73588POT",
    "title": "Grand'Italia Piccante 400 g",
    "category": "Conserven, soepen, sauzen, oliën",
    "price": 3.95,
    "promoPrice": null,
    "pricePerUnit": "9.88 kg",
    "image": "https://www.jumbo.com/dam-images/fit-in/360x360/Products/09042025_1744167901218_1744167908577_73588_POT_00000080023197_H1N1.png",
    "available": true,
    "promoUntil": null
  },
  {
    "id": "610249DS",
    "title": "HomeMade Complete Mix voor Unicorn Cupcakes 260 g",
    "category": "Ontbijt, broodbeleg en bakproducten",
    "price": 3.95,
    "promoPrice": null,
    "pricePerUnit": "15.19 kg",
    "image": "https://www.jumbo.com/dam-images/fit-in/360x360/Products/25032024_1711381817091_1711381825912_8719678030951_1.png",
    "available": true,
    "promoUntil": null
  },
  {
    "id": "342045STK",
    "title": "Jack Link's Beef Bar Original 3 x 22,5 g",
    "category": "Conserven, soepen, sauzen, oliën",
    "price": 3.85,
    "promoPrice": null,
    "pricePerUnit": "56.62 kg",
    "image": "https://www.jumbo.com/dam-images/fit-in/360x360/Products/10012025_1736479827610_1736479834600_342045_STK_.png",
    "available": true,
    "promoUntil": null
  },
  {
    "id": "261929STK",
    "title": "Calvé Pindakaas 100% Grof Gemalen Pinda's 350 g",
    "category": "Ontbijt, broodbeleg en bakproducten",
    "price": 4.36,
    "promoPrice": null,
    "pricePerUnit": "12.46 kg",
    "image": "https://www.jumbo.com/dam-images/fit-in/360x360/Products/22082025_1755826652308_1755826704696_261929_STK_08717163800324_C1N1.png",
    "available": true,
    "promoUntil": null
  },
  {
    "id": "578692CUP",
    "title": "Jumbo Vegan Pure Chocolade Mousse 75 g",
    "category": "Zuivel, eieren, boter",
    "price": 1.39,
    "promoPrice": null,
    "pricePerUnit": "18.53 kg",
    "image": "https://www.jumbo.com/dam-images/fit-in/360x360/Products/8718452835485T10810c693-0823-4083-87ef-8c96b716eb44-1729865166340.png",
    "available": true,
    "promoUntil": null
  },
  {
    "id": "543491STK",
    "title": "Cup-a-Soup Favorieten 40 x 175ml",
    "category": "Conserven, soepen, sauzen, oliën",
    "price": 21.4,
    "promoPrice": null,
    "pricePerUnit": "None None",
    "image": "https://www.jumbo.com/dam-images/fit-in/360x360/Products/543491STK1b871eb1e-f978-403f-8a8c-e003a412e69c-1704294918918.png",
    "available": true,
    "promoUntil": null
  },
  {
    "id": "80827BLK",
    "title": "Del Monte Mandarijnen op Sap 300 g",
    "category": "Conserven, soepen, sauzen, oliën",
    "price": 2.12,
    "promoPrice": null,
    "pricePerUnit": "12.11 kg",
    "image": "https://www.jumbo.com/dam-images/fit-in/360x360/Products/12122024_1734014421317_1734014430888_24000080947_1.png",
    "available": true,
    "promoUntil": null
  },
  {
    "id": "169648STK",
    "title": "Dr. Oetker Baksoda 5 x 5 g",
    "category": "Ontbijt, broodbeleg en bakproducten",
    "price": 0.99,
    "promoPrice": null,
    "pricePerUnit": "39.6 kg",
    "image": "https://www.jumbo.com/dam-images/fit-in/360x360/Products/17042025_1744854742666_1744854745985_169648_STK_08710466228529_C1N1_s04.png",
    "available": true,
    "promoUntil": null
  },
  {
    "id": "216768POT",
    "title": "Jumbo Sugo Picante Tomatensaus 690 g",
    "category": "Conserven, soepen, sauzen, oliën",
    "price": 2.49,
    "promoPrice": null,
    "pricePerUnit": "3.61 kg",
    "image": "https://www.jumbo.com/dam-images/fit-in/360x360/Products/23062025_1750681987133_1750681991573_8718452337569_1.png",
    "available": true,
    "promoUntil": null
  },
  {
    "id": "707278ZK",
    "title": "Barú Organic Premium Barista Matcha 36g",
    "category": "Koffie en thee",
    "price": 9.95,
    "promoPrice": null,
    "pricePerUnit": "276.39 kg",
    "image": "https://www.jumbo.com/dam-images/fit-in/360x360/Products/30062025_1751284047219_1751284051470_707278_ZK_.png",
    "available": true,
    "promoUntil": null
  },
  {
    "id": "670593PAK",
    "title": "BiFi The Original BBQ Flavour 3 x 20 g",
    "category": "Conserven, soepen, sauzen, oliën",
    "price": 2.07,
    "promoPrice": null,
    "pricePerUnit": "34.5 kg",
    "image": "https://www.jumbo.com/dam-images/fit-in/360x360/Products/12032025_1741789965978_1741789973880_4251097421414_1.png",
    "available": true,
    "promoUntil": null
  },
  {
    "id": "491290ZK",
    "title": "Consenza Gluten Free Rozijnen Cracker 175 g",
    "category": "Ontbijt, broodbeleg en bakproducten",
    "price": 4.99,
    "promoPrice": null,
    "pricePerUnit": "28.51 kg",
    "image": "https://www.jumbo.com/dam-images/fit-in/360x360/Products/09092025_1757421321113_1757421334869_8719153040611_1.png",
    "available": true,
    "promoUntil": null
  },
  {
    "id": "416126STK",
    "title": "Honig Kruidenbuiltje Vleesbouillion 13 g",
    "category": "Conserven, soepen, sauzen, oliën",
    "price": 1.39,
    "promoPrice": null,
    "pricePerUnit": "106.92 kg",
    "image": "https://www.jumbo.com/dam-images/fit-in/360x360/Products/05072025_1751681948748_1751681956457_416126_STK_00000087147018_C1N1.png",
    "available": true,
    "promoUntil": null
  },
  {
    "id": "678437BLS",
    "title": "HEMA Taartkaarsjes Cijfer 6",
    "category": "Ontbijt, broodbeleg en bakproducten",
    "price": 0.99,
    "promoPrice": null,
    "pricePerUnit": "0.99 pieces",
    "image": "https://www.jumbo.com/dam-images/fit-in/360x360/Products/07022025_1738916339698_1738916344692_678437_BLS_08720354509043_C1N1.png",
    "available": true,
    "promoUntil": null
  },
  {
    "id": "341650STK",
    "title": "Jumbo Wit Fondant 250 g",
    "category": "Ontbijt, broodbeleg en bakproducten",
    "price": 2.3,
    "promoPrice": null,
    "pricePerUnit": "9.2 kg",
    "image": "https://www.jumbo.com/dam-images/fit-in/360x360/Products/09082023_1691586680577_1691586693171_8718452443017_1.png",
    "available": true,
    "promoUntil": null
  },
  {
    "id": "541292DS",
    "title": "Bolletje Ciabatta Crackers Tomaat & Kruiden 8 x 2 Stuks 190 g",
    "category": "Ontbijt, broodbeleg en bakproducten",
    "price": 2.56,
    "promoPrice": null,
    "pricePerUnit": "13.47 kg",
    "image": "https://www.jumbo.com/dam-images/fit-in/360x360/Products/10032025_1741606387993_1741606395219_8710482534161_1.png",
    "available": true,
    "promoUntil": null
  },
  {
    "id": "567397POT",
    "title": "Delizie Di Calabria Knoflook, Olie en Calabrische Chili 130 g",
    "category": "Conserven, soepen, sauzen, oliën",
    "price": 4.95,
    "promoPrice": null,
    "pricePerUnit": "38.08 kg",
    "image": "https://www.jumbo.com/dam-images/fit-in/360x360/Products/16062024_1718500455524_1718500460426_567397_POT_08007548012931_C1N1.png",
    "available": true,
    "promoUntil": null
  },
  {
    "id": "705375PAK",
    "title": "Jumbo Edamamebonen 190 g",
    "category": "Conserven, soepen, sauzen, oliën",
    "price": 1.09,
    "promoPrice": null,
    "pricePerUnit": "5.74 kg",
    "image": "https://www.jumbo.com/dam-images/fit-in/360x360/Products/04072025_1751636012643_1751636027596_8718452924998_596.png",
    "available": true,
    "promoUntil": null
  },
  {
    "id": "680361DS",
    "title": "Jumbo Smeltchocolade Melk 200 g",
    "category": "Ontbijt, broodbeleg en bakproducten",
    "price": 3.95,
    "promoPrice": null,
    "pricePerUnit": "19.75 kg",
    "image": "https://www.jumbo.com/dam-images/fit-in/360x360/Products/07032025_1741354388100_1741354401734_8718452878321_596.png",
    "available": true,
    "promoUntil": null
  },
  {
    "id": "182876STK",
    "title": "Becel Olie Blend Classic 0,5 L",
    "category": "Conserven, soepen, sauzen, oliën",
    "price": 5.44,
    "promoPrice": null,
    "pricePerUnit": "10.88 l",
    "image": "https://www.jumbo.com/dam-images/fit-in/360x360/Products/21022025_1740137586204_1740137589990_8719200072992_1.png",
    "available": true,
    "promoUntil": null
  },
  {
    "id": "344648BLK",
    "title": "Bonduelle Tuinboontjes 155g",
    "category": "Conserven, soepen, sauzen, oliën",
    "price": 1.39,
    "promoPrice": null,
    "pricePerUnit": "10.69 kg",
    "image": "https://www.jumbo.com/dam-images/fit-in/360x360/Products/24022024_1708745503335_1708745514594_344648_BLK_03083681012521_H1N1.png",
    "available": true,
    "promoUntil": null
  },
  {
    "id": "672202DS",
    "title": "Dr. Oetker Boerderij Diertjes Decoratie 8 Stuks 13 g",
    "category": "Ontbijt, broodbeleg en bakproducten",
    "price": 2.99,
    "promoPrice": null,
    "pricePerUnit": "230.0 kg",
    "image": "https://www.jumbo.com/dam-images/fit-in/360x360/Products/17042025_1744857806732_1744857809818_672202_DS_08710466327420_C1N1_s03.png",
    "available": true,
    "promoUntil": null
  },
  {
    "id": "456192FLS",
    "title": "Heinz Curry Mango Saus 220 ml",
    "category": "Conserven, soepen, sauzen, oliën",
    "price": 1.95,
    "promoPrice": null,
    "pricePerUnit": "8.86 l",
    "image": "https://www.jumbo.com/dam-images/fit-in/360x360/Products/20012025_1737339458179_1737339462897_456192_FLS_08715700121543_H1N1.png",
    "available": true,
    "promoUntil": null
  },
  {
    "id": "671846STK",
    "title": "HiPRO Bar Banana Peanut Butter 45 g",
    "category": "Zuivel, eieren, boter",
    "price": 1.99,
    "promoPrice": 1.49,
    "pricePerUnit": "33.11 kg",
    "image": "https://www.jumbo.com/dam-images/fit-in/360x360/Products/23092025_1758596377955_1758596380428_671846_STK_08713788124340_C1N1_s02.png",
    "available": true,
    "promoUntil": "di 7 okt"
  },
  {
    "id": "638141ZK",
    "title": "Jumbo Bio Krokante Muesli 4 noten 350g",
    "category": "Ontbijt, broodbeleg en bakproducten",
    "price": 2.6,
    "promoPrice": null,
    "pricePerUnit": "7.43 kg",
    "image": "https://www.jumbo.com/dam-images/fit-in/360x360/Products/18112024_1731940417324_1731940425121_8718452812585_1.png",
    "available": true,
    "promoUntil": null
  },
  {
    "id": "599254ZK",
    "title": "Hak Flageolets 225 g",
    "category": "Conserven, soepen, sauzen, oliën",
    "price": 2.29,
    "promoPrice": null,
    "pricePerUnit": "11.45 kg",
    "image": "https://www.jumbo.com/dam-images/fit-in/360x360/Products/29052024_1716948199185_1716948220753_599254_ZK_08720600625329_H1N1.png",
    "available": true,
    "promoUntil": null
  },
  {
    "id": "628095POT",
    "title": "BioToday Edelgistvlokken 115 g",
    "category": "Ontbijt, broodbeleg en bakproducten",
    "price": 6.72,
    "promoPrice": null,
    "pricePerUnit": "58.43 kg",
    "image": "https://www.jumbo.com/dam-images/fit-in/360x360/Products/09092025_1757383161895_1757383165217_628095_POT_08719153010348_C1N1.png",
    "available": true,
    "promoUntil": null
  },
  {
    "id": "648352PAK",
    "title": "HAK Canellini Bonen 380g",
    "category": "Conserven, soepen, sauzen, oliën",
    "price": 1.39,
    "promoPrice": null,
    "pricePerUnit": "6.04 kg",
    "image": "https://www.jumbo.com/dam-images/fit-in/360x360/Products/30082024_1725008143144_1725008149741_648352_PAK_08720600666926_H1N1.png",
    "available": true,
    "promoUntil": null
  },
  {
    "id": "670594PAK",
    "title": "BiFi Veggie Roll XXL 70 g",
    "category": "Conserven, soepen, sauzen, oliën",
    "price": 1.69,
    "promoPrice": null,
    "pricePerUnit": "24.14 kg",
    "image": "https://www.jumbo.com/dam-images/fit-in/360x360/Products/12032025_1741789965997_1741789970299_4251097415451_1.png",
    "available": true,
    "promoUntil": null
  },
  {
    "id": "634670POT",
    "title": "BioToday Groentebouillonpoeder 85 g",
    "category": "Conserven, soepen, sauzen, oliën",
    "price": 2.59,
    "promoPrice": null,
    "pricePerUnit": "30.47 kg",
    "image": "https://www.jumbo.com/dam-images/fit-in/360x360/Products/11092025_1757588653471_1757588662207_8719153037697_1.png",
    "available": true,
    "promoUntil": null
  },
  {
    "id": "623930STK",
    "title": "BioToday Kokosbloesemsuiker 350 g",
    "category": "Ontbijt, broodbeleg en bakproducten",
    "price": 4.94,
    "promoPrice": null,
    "pricePerUnit": "14.11 kg",
    "image": "https://www.jumbo.com/dam-images/fit-in/360x360/Products/26032025_1742952785049_1742952790881_8718858933044_1.png",
    "available": true,
    "promoUntil": null
  },
  {
    "id": "390432DSL",
    "title": "Douwe Egberts Aroma Rood Koffiebonen Voordeelpak 4 x 1000 g",
    "category": "Koffie en thee",
    "price": 63.96,
    "promoPrice": null,
    "pricePerUnit": "15.99 kg",
    "image": "https://www.jumbo.com/dam-images/fit-in/360x360/Products/390432DSL-1692282260420.png",
    "available": true,
    "promoUntil": null
  },
  {
    "id": "618295STK",
    "title": "Dr. oetker wolkentoetje karamel 4 x 125g",
    "category": "Zuivel, eieren, boter",
    "price": 3.16,
    "promoPrice": null,
    "pricePerUnit": "None None",
    "image": "https://www.jumbo.com/dam-images/fit-in/360x360/Products/618295STK1a3ff5fd5-c15c-47b3-b794-977b293d8b80-1745830036940.png",
    "available": true,
    "promoUntil": null
  },
  {
    "id": "638129ZK",
    "title": "Jumbo Biologisch Volkoren Speltvlokken 500 g",
    "category": "Ontbijt, broodbeleg en bakproducten",
    "price": 1.99,
    "promoPrice": null,
    "pricePerUnit": "3.98 kg",
    "image": "https://www.jumbo.com/dam-images/fit-in/360x360/Products/13092024_1726245199956_1726245209853_8718452842230_1.png",
    "available": true,
    "promoUntil": null
  },
  {
    "id": "385976CUP",
    "title": "Jumbo Ongebrande Walnoten 60 g",
    "category": "Ontbijt, broodbeleg en bakproducten",
    "price": 1.97,
    "promoPrice": null,
    "pricePerUnit": "32.83 kg",
    "image": "https://www.jumbo.com/dam-images/fit-in/360x360/Products/16082024_1723773349384_1723773369238_385976_CUP_08718452831708_C1N1.png",
    "available": true,
    "promoUntil": null
  },
  {
    "id": "706678CUP",
    "title": "Dr. Oetker Just For Me Blondie 70 g",
    "category": "Ontbijt, broodbeleg en bakproducten",
    "price": 2.27,
    "promoPrice": null,
    "pricePerUnit": "32.43 kg",
    "image": "https://www.jumbo.com/dam-images/fit-in/360x360/Products/10092025_1757469618916_1757469626614_706678_CUP_08710466329929_C1N1_s07.png",
    "available": true,
    "promoUntil": null
  },
  {
    "id": "371587DS",
    "title": "Dr. Oetker Kookpudding Frambozen 79 g",
    "category": "Ontbijt, broodbeleg en bakproducten",
    "price": 1.28,
    "promoPrice": null,
    "pricePerUnit": "16.2 kg",
    "image": "https://www.jumbo.com/dam-images/fit-in/360x360/Products/09042025_1744168524548_1744168531684_371587_DS_08710466245120_C1N1_s02.png",
    "available": true,
    "promoUntil": null
  },
  {
    "id": "646486DS",
    "title": "Dr. Oetker Baking Time Unicorn Cupcakes Bakmix 242 g",
    "category": "Ontbijt, broodbeleg en bakproducten",
    "price": 3.39,
    "promoPrice": null,
    "pricePerUnit": "14.01 kg",
    "image": "https://www.jumbo.com/dam-images/fit-in/360x360/Products/17042025_1744860545609_1744860557025_646486_DS_08710466326423_C1N1_s02.png",
    "available": true,
    "promoUntil": null
  },
  {
    "id": "630476PAK",
    "title": "Barebells Soft Protein Bar Caramel Choco 55 g",
    "category": "Ontbijt, broodbeleg en bakproducten",
    "price": 2.96,
    "promoPrice": 2.22,
    "pricePerUnit": "40.36 kg",
    "image": "https://www.jumbo.com/dam-images/fit-in/360x360/Products/14062024_1718361341192_1718361344575_7340001804843_1.png",
    "available": true,
    "promoUntil": "di 7 okt"
  },
  {
    "id": "614388ZK",
    "title": "Jumbo Special Crunchy Muesli Strawberry Fantasy 400 g",
    "category": "Ontbijt, broodbeleg en bakproducten",
    "price": 3.16,
    "promoPrice": null,
    "pricePerUnit": "7.9 kg",
    "image": "https://www.jumbo.com/dam-images/fit-in/360x360/Products/04042024_1712223251275_1712223263892_8718452794669_1.png",
    "available": true,
    "promoUntil": null
  },
  {
    "id": "452429POT",
    "title": "Bertolli Salsa per Pizza Originale 180 g",
    "category": "Conserven, soepen, sauzen, oliën",
    "price": 2.43,
    "promoPrice": null,
    "pricePerUnit": "13.5 kg",
    "image": "https://www.jumbo.com/dam-images/fit-in/360x360/Products/24072025_1753322500261_1753322518263_452429_POT_08712247231483_C1N1.png",
    "available": true,
    "promoUntil": null
  },
  {
    "id": "628576FLS",
    "title": "Callowfit Salty Caramel 300ml",
    "category": "Ontbijt, broodbeleg en bakproducten",
    "price": 3.99,
    "promoPrice": null,
    "pricePerUnit": "13.3 l",
    "image": "https://www.jumbo.com/dam-images/fit-in/360x360/Products/4260523111089dcbb455b-1471-4569-bb36-c9cef13a359e-1718873621785.png",
    "available": true,
    "promoUntil": null
  },
  {
    "id": "196528POT",
    "title": "Chivers English Orange Marmalade 340 g",
    "category": "Ontbijt, broodbeleg en bakproducten",
    "price": 2.86,
    "promoPrice": null,
    "pricePerUnit": "8.41 kg",
    "image": "https://www.jumbo.com/dam-images/fit-in/360x360/Products/5098732000738T1753ef002-a017-405e-9ad4-2c265b569ede-1737630499199.png",
    "available": true,
    "promoUntil": null
  },
  {
    "id": "568786FLS",
    "title": "Gouda's Glorie Spicy Hot Algérienne Sauce 550 ml",
    "category": "Conserven, soepen, sauzen, oliën",
    "price": 3.08,
    "promoPrice": null,
    "pricePerUnit": "5.6 l",
    "image": "https://www.jumbo.com/dam-images/fit-in/360x360/Products/14022024_1707873140386_1707873144942_8710448639558_1.png",
    "available": true,
    "promoUntil": null
  },
  {
    "id": "503966ZK",
    "title": "Jumbo Dunne Rijstwafels Zeezout Vezelrijk 6 Stuks",
    "category": "Ontbijt, broodbeleg en bakproducten",
    "price": 1.47,
    "promoPrice": null,
    "pricePerUnit": "13.61 kg",
    "image": "https://www.jumbo.com/dam-images/fit-in/360x360/Products/09082023_1691591219289_1691591245006_8718452644322_1.png",
    "available": true,
    "promoUntil": null
  },
  {
    "id": "535582POT",
    "title": "Jumbo Halvanaise 350ML",
    "category": "Conserven, soepen, sauzen, oliën",
    "price": 1.25,
    "promoPrice": null,
    "pricePerUnit": "3.57 l",
    "image": "https://www.jumbo.com/dam-images/fit-in/360x360/Products/26022025_1740583966295_1740583978739_8718452659371_596.png",
    "available": true,
    "promoUntil": null
  },
  {
    "id": "220927POT",
    "title": "Jumbo Rode Kool 350 g",
    "category": "Conserven, soepen, sauzen, oliën",
    "price": 0.89,
    "promoPrice": null,
    "pricePerUnit": "2.54 kg",
    "image": "https://www.jumbo.com/dam-images/fit-in/360x360/Products/09082023_1691585250341_1691585267544_8718452360208_1.png",
    "available": true,
    "promoUntil": null
  },
  {
    "id": "464820POT",
    "title": "BioToday Kokosolie Ontgeurd 400 g",
    "category": "Conserven, soepen, sauzen, oliën",
    "price": 5.24,
    "promoPrice": null,
    "pricePerUnit": "13.1 l",
    "image": "https://www.jumbo.com/dam-images/fit-in/360x360/Products/09092025_1757406805069_1757406811869_8718924011317_1.png",
    "available": true,
    "promoUntil": null
  },
  {
    "id": "600139PAK",
    "title": "Boon Kidney Boon 190 g",
    "category": "Conserven, soepen, sauzen, oliën",
    "price": 0.99,
    "promoPrice": null,
    "pricePerUnit": "5.21 kg",
    "image": "https://www.jumbo.com/dam-images/fit-in/360x360/Products/25032024_1711381636262_1711381640779_8710646700098_1.png",
    "available": true,
    "promoUntil": null
  },
  {
    "id": "585449FLS",
    "title": "Carbonell Olijfolie traditioneel",
    "category": "Conserven, soepen, sauzen, oliën",
    "price": 12.49,
    "promoPrice": null,
    "pricePerUnit": "12.49 l",
    "image": "https://www.jumbo.com/dam-images/fit-in/360x360/Products/11092025_1757588675030_1757588681276_8410010283010_596.png",
    "available": true,
    "promoUntil": null
  },
  {
    "id": "677781ZK",
    "title": "Jumbo Biologisch Courgettesoep met Venkel en Anijs 570ML",
    "category": "Conserven, soepen, sauzen, oliën",
    "price": 2.89,
    "promoPrice": null,
    "pricePerUnit": "5.07 l",
    "image": "https://www.jumbo.com/dam-images/fit-in/360x360/Products/25042025_1745584348544_1745584368212_8718452845774_596.png",
    "available": true,
    "promoUntil": null
  },
  {
    "id": "674159ZK",
    "title": "Jumbo Tropische Mix Ananas, Mango, Kokos 175 g",
    "category": "Ontbijt, broodbeleg en bakproducten",
    "price": 3.0,
    "promoPrice": null,
    "pricePerUnit": "17.14 kg",
    "image": "https://www.jumbo.com/dam-images/fit-in/360x360/Products/10042025_1744295587256_1744295596830_8718452870707_1.png",
    "available": true,
    "promoUntil": null
  },
  {
    "id": "703333FLS",
    "title": "Heinz Tomato Ketchup Sweet Sriracha 400 ml",
    "category": "Conserven, soepen, sauzen, oliën",
    "price": 3.19,
    "promoPrice": null,
    "pricePerUnit": "7.98 l",
    "image": "https://www.jumbo.com/dam-images/fit-in/360x360/Products/26062025_1750905035537_1750905038975_703333_FLS_08715700128658_C1N1.png",
    "available": true,
    "promoUntil": null
  },
  {
    "id": "690241ZK",
    "title": "Jumbo Lekker Vrij van Gluten Paneermeel 250 g",
    "category": "Ontbijt, broodbeleg en bakproducten",
    "price": 3.89,
    "promoPrice": null,
    "pricePerUnit": "15.56 kg",
    "image": "https://www.jumbo.com/dam-images/fit-in/360x360/Products/01042025_1743532389391_1743532396413_8718452838226_1.png",
    "available": true,
    "promoUntil": null
  },
  {
    "id": "410239FLS",
    "title": "Jumbo Vloeibaar Frituurvet 2 L",
    "category": "Conserven, soepen, sauzen, oliën",
    "price": 9.99,
    "promoPrice": null,
    "pricePerUnit": "5.0 l",
    "image": "https://www.jumbo.com/dam-images/fit-in/360x360/Products/10012024_1704862819117_1704862838265_410239_FLS_08718452503636_C1N1.png",
    "available": true,
    "promoUntil": null
  },
  {
    "id": "62746POT",
    "title": "Dr. Oetker Topping Wit 140 g",
    "category": "Ontbijt, broodbeleg en bakproducten",
    "price": 3.25,
    "promoPrice": null,
    "pricePerUnit": "23.21 kg",
    "image": "https://www.jumbo.com/dam-images/fit-in/360x360/Products/03052025_1746235769381_1746235776818_62746_POT_08710466258328_C1N1_s04.png",
    "available": true,
    "promoUntil": null
  },
  {
    "id": "521354DS",
    "title": "Honig Basis voor Koninginnensoep 98 g",
    "category": "Conserven, soepen, sauzen, oliën",
    "price": 1.99,
    "promoPrice": null,
    "pricePerUnit": "20.31 kg",
    "image": "https://www.jumbo.com/dam-images/fit-in/360x360/Products/08072025_1751939838527_1751939846666_521354_DS_08714700170711_H1N1.png",
    "available": true,
    "promoUntil": null
  },
  {
    "id": "668332PAK",
    "title": "Jumbo Mix voor Worstenbroodjes 360 g",
    "category": "Ontbijt, broodbeleg en bakproducten",
    "price": 1.99,
    "promoPrice": null,
    "pricePerUnit": "5.53 kg",
    "image": "https://www.jumbo.com/dam-images/fit-in/360x360/Products/14022025_1739539694783_1739539707569_8718452901289_596.png",
    "available": true,
    "promoUntil": null
  },
  {
    "id": "517749ZK",
    "title": "Hak Kikkererwten 225g",
    "category": "Conserven, soepen, sauzen, oliën",
    "price": 1.99,
    "promoPrice": null,
    "pricePerUnit": "9.95 kg",
    "image": "https://www.jumbo.com/dam-images/fit-in/360x360/Products/04072025_1751597753147_1751597796875_517749_ZK_08720600613258_H1N1.png",
    "available": true,
    "promoUntil": null
  },
  {
    "id": "164286STK",
    "title": "Jumbo Suiker met Vanillesmaak 10 x 8 g",
    "category": "Ontbijt, broodbeleg en bakproducten",
    "price": 0.33,
    "promoPrice": null,
    "pricePerUnit": "4.13 kg",
    "image": "https://www.jumbo.com/dam-images/fit-in/360x360/Products/04092024_1725460582085_1725460595027_8718452787852_596.png",
    "available": true,
    "promoUntil": null
  },
  {
    "id": "606353ZK",
    "title": "Holie's Granola Mixed Berries 350g",
    "category": "Ontbijt, broodbeleg en bakproducten",
    "price": 3.95,
    "promoPrice": null,
    "pricePerUnit": "11.29 kg",
    "image": "https://www.jumbo.com/dam-images/fit-in/360x360/Products/12022025_1739328252891_1739328261119_606353_ZK_08720256082446_C1N1.png",
    "available": true,
    "promoUntil": null
  },
  {
    "id": "678615BLS",
    "title": "HEMA Taartkaarsjes Cijfer 9",
    "category": "Ontbijt, broodbeleg en bakproducten",
    "price": 0.99,
    "promoPrice": null,
    "pricePerUnit": "0.99 pieces",
    "image": "https://www.jumbo.com/dam-images/fit-in/360x360/Products/07022025_1738939740069_1738939742430_678615_BLS_08720354509074_C1N1.png",
    "available": true,
    "promoUntil": null
  },
  {
    "id": "177654ZK",
    "title": "Hosan A+ Kimchi Korean Style Pickled Cabbage 160 g",
    "category": "Conserven, soepen, sauzen, oliën",
    "price": 3.09,
    "promoPrice": null,
    "pricePerUnit": "19.31 kg",
    "image": "https://www.jumbo.com/dam-images/fit-in/360x360/Products/24102024_1729758845909_1729758854924_8809059296165_1.png",
    "available": true,
    "promoUntil": null
  },
  {
    "id": "638140ZK",
    "title": "Jumbo Biologisch Volkoren Muesli met Rozijnen 500 g",
    "category": "Ontbijt, broodbeleg en bakproducten",
    "price": 2.41,
    "promoPrice": null,
    "pricePerUnit": "4.82 kg",
    "image": "https://www.jumbo.com/dam-images/fit-in/360x360/Products/13092024_1726245199848_1726245210639_8718452842216_1.png",
    "available": true,
    "promoUntil": null
  },
  {
    "id": "127487POT",
    "title": "Jumbo Fijne Augurk Zuur 190 g",
    "category": "Conserven, soepen, sauzen, oliën",
    "price": 0.93,
    "promoPrice": null,
    "pricePerUnit": "4.89 kg",
    "image": "https://www.jumbo.com/dam-images/fit-in/360x360/Products/18092023_1695029730884_1695029739410_8718452191093_1.png",
    "available": true,
    "promoUntil": null
  },
  {
    "id": "689624BLK",
    "title": "Fairtrade Original Pulled Young Jackfruit 550 g",
    "category": "Conserven, soepen, sauzen, oliën",
    "price": 3.25,
    "promoPrice": null,
    "pricePerUnit": "5.91 kg",
    "image": "https://www.jumbo.com/dam-images/fit-in/360x360/Products/19082025_1755566512281_1755566518852_689624_BLK_08711741358795_C1N1.png",
    "available": true,
    "promoUntil": null
  },
  {
    "id": "637922ZK",
    "title": "Holie's Gluten Free Peanut Chocolate Granola 330g",
    "category": "Ontbijt, broodbeleg en bakproducten",
    "price": 3.63,
    "promoPrice": null,
    "pricePerUnit": "11.0 kg",
    "image": "https://www.jumbo.com/dam-images/fit-in/360x360/Products/12022025_1739332205150_1739332210896_637922_ZK_08720256082859_C1N1.png",
    "available": true,
    "promoUntil": null
  },
  {
    "id": "576856FLS",
    "title": "AA Drink Zero No Sugar 500 ml",
    "category": "Frisdrank en sappen",
    "price": 1.29,
    "promoPrice": null,
    "pricePerUnit": "2.58 l",
    "image": "https://www.jumbo.com/dam-images/fit-in/360x360/Products/24022024_1708744617328_1708744620972_576856_FLS_08722200964891_C1N1.png",
    "available": true,
    "promoUntil": null
  },
  {
    "id": "686892PAK",
    "title": "BitesWeLove Chewy Oat Bar Cinnamon roll 4 stuks",
    "category": "Ontbijt, broodbeleg en bakproducten",
    "price": 3.75,
    "promoPrice": null,
    "pricePerUnit": "31.25 kg",
    "image": "https://www.jumbo.com/dam-images/fit-in/360x360/Products/17032025_1742214673930_1742214678010_686892_PAK_08710105065843_C1N1.png",
    "available": true,
    "promoUntil": null
  },
  {
    "id": "769525BLK",
    "title": "Bonduelle Franse Sperzieboontjes Zeer Fijn 200g",
    "category": "Conserven, soepen, sauzen, oliën",
    "price": 1.29,
    "promoPrice": null,
    "pricePerUnit": "11.73 kg",
    "image": "https://www.jumbo.com/dam-images/fit-in/360x360/Products/05062025_1749089103167_1749089112695_769525_BLK_03083680600828_C1N1.png",
    "available": true,
    "promoUntil": null
  },
  {
    "id": "600143PAK",
    "title": "Boon Limabonen in Roti Saus 380 g",
    "category": "Conserven, soepen, sauzen, oliën",
    "price": 1.99,
    "promoPrice": null,
    "pricePerUnit": "5.24 kg",
    "image": "https://www.jumbo.com/dam-images/fit-in/360x360/Products/25032024_1711381636445_1711381646116_8710646700036_1.png",
    "available": true,
    "promoUntil": null
  },
  {
    "id": "193111POT",
    "title": "D&L Curry 300 ml",
    "category": "Conserven, soepen, sauzen, oliën",
    "price": 2.69,
    "promoPrice": null,
    "pricePerUnit": "8.97 l",
    "image": "https://www.jumbo.com/dam-images/fit-in/360x360/Products/08072025_1751942254741_1751942259432_193111_POT_05410056181144_C1N1.png",
    "available": true,
    "promoUntil": null
  },
  {
    "id": "514899DS",
    "title": "Dr. Oetker Kookpudding Chocolade 95 g",
    "category": "Ontbijt, broodbeleg en bakproducten",
    "price": 1.38,
    "promoPrice": null,
    "pricePerUnit": "14.53 kg",
    "image": "https://www.jumbo.com/dam-images/fit-in/360x360/Products/09042025_1744162014741_1744162021749_514899_DS_08710466245021_C1N1_s01.png",
    "available": true,
    "promoUntil": null
  },
  {
    "id": "434749POT",
    "title": "Grand'Italia Pastasaus Piccante 600 g",
    "category": "Conserven, soepen, sauzen, oliën",
    "price": 4.94,
    "promoPrice": null,
    "pricePerUnit": "8.23 kg",
    "image": "https://www.jumbo.com/dam-images/fit-in/360x360/Products/29082024_1724900558771_1724900566456_434749_POT_00000080024859_H1N1.png",
    "available": true,
    "promoUntil": null
  },
  {
    "id": "27061POT",
    "title": "Gulpener Franse Mosterd 700 g",
    "category": "Conserven, soepen, sauzen, oliën",
    "price": 2.49,
    "promoPrice": null,
    "pricePerUnit": "3.56 kg",
    "image": "https://www.jumbo.com/dam-images/fit-in/360x360/Products/09082023_1691587624915_1691587632502_8710638001462_1.png",
    "available": true,
    "promoUntil": null
  },
  {
    "id": "616763FLS",
    "title": "Hela Mosterd-Dille Dressing 50% Minder Suiker 250 ml ",
    "category": "Conserven, soepen, sauzen, oliën",
    "price": 2.86,
    "promoPrice": null,
    "pricePerUnit": "11.44 l",
    "image": "https://www.jumbo.com/dam-images/fit-in/360x360/Products/14072025_1752500005010_1752500008775_8713883004547_1.png",
    "available": true,
    "promoUntil": null
  },
  {
    "id": "668333DS",
    "title": "Jumbo Basis Volkoren Bakmeel Zelfrijzend 300 g",
    "category": "Ontbijt, broodbeleg en bakproducten",
    "price": 0.99,
    "promoPrice": null,
    "pricePerUnit": "3.3 kg",
    "image": "https://www.jumbo.com/dam-images/fit-in/360x360/Products/07012025_1736260386765_1736260400170_8718452875108_596.png",
    "available": true,
    "promoUntil": null
  },
  {
    "id": "692592PAK",
    "title": "Jumbo Biologische Witte Bonen 205 g",
    "category": "Conserven, soepen, sauzen, oliën",
    "price": 0.89,
    "promoPrice": null,
    "pricePerUnit": "4.45 l",
    "image": "https://www.jumbo.com/dam-images/fit-in/360x360/Products/12052025_1747008015872_1747008032955_8718452878031_596.png",
    "available": true,
    "promoUntil": null
  },
  {
    "id": "633638POT",
    "title": "Jumbo Dino Sprinkels 55 g",
    "category": "Ontbijt, broodbeleg en bakproducten",
    "price": 1.8,
    "promoPrice": null,
    "pricePerUnit": "32.73 kg",
    "image": "https://www.jumbo.com/dam-images/fit-in/360x360/Products/25092024_1727278476196_1727278484038_8718452843701_1.png",
    "available": true,
    "promoUntil": null
  },
  {
    "id": "706830DS",
    "title": "Bialetti Nespresso Deciso Cups 50g",
    "category": "Koffie en thee",
    "price": 4.29,
    "promoPrice": null,
    "pricePerUnit": "0.43 pieces",
    "image": "https://www.jumbo.com/dam-images/fit-in/360x360/Products/26062025_1750941250444_1750941254061_706830_DS_08006363074087_C1N1.png",
    "available": true,
    "promoUntil": null
  },
  {
    "id": "620695STK",
    "title": "Jumbo Lemoncello Toetje met Citroensaus - bevat alcohol 4 x 75 g",
    "category": "Zuivel, eieren, boter",
    "price": 5.96,
    "promoPrice": null,
    "pricePerUnit": "None None",
    "image": "https://www.jumbo.com/dam-images/fit-in/360x360/Products/620695STK1d22e816b-58d9-427a-888f-48d80f79e811-1711440621873.png",
    "available": true,
    "promoUntil": null
  },
  {
    "id": "610248DS",
    "title": "HomeMade Complete Mix voor Suikerwafels 300 g",
    "category": "Ontbijt, broodbeleg en bakproducten",
    "price": 2.96,
    "promoPrice": null,
    "pricePerUnit": "9.87 kg",
    "image": "https://www.jumbo.com/dam-images/fit-in/360x360/Products/25032024_1711381817029_1711381825991_8719678030920_1.png",
    "available": true,
    "promoUntil": null
  },
  {
    "id": "52722FLS",
    "title": "Calvé Saus Fles Kerrie 250 ml",
    "category": "Conserven, soepen, sauzen, oliën",
    "price": 2.19,
    "promoPrice": null,
    "pricePerUnit": "8.76 l",
    "image": "https://www.jumbo.com/dam-images/fit-in/360x360/Products/22082025_1755829443403_1755829482843_52722_FLS_08720182750228_H1N1.png",
    "available": true,
    "promoUntil": null
  },
  {
    "id": "544541DS",
    "title": "Jumbo Plantaardige variatie op Crème Fraîche 125 g",
    "category": "Zuivel, eieren, boter",
    "price": 0.75,
    "promoPrice": null,
    "pricePerUnit": "6.0 kg",
    "image": "https://www.jumbo.com/dam-images/fit-in/360x360/Products/10082023_1691677981326_1691677990543_8718452701148_1.png",
    "available": true,
    "promoUntil": null
  },
  {
    "id": "614387ZK",
    "title": "Jumbo Special Crunchy Muesli Toffee Caramel 425 g",
    "category": "Ontbijt, broodbeleg en bakproducten",
    "price": 3.15,
    "promoPrice": null,
    "pricePerUnit": "7.41 kg",
    "image": "https://www.jumbo.com/dam-images/fit-in/360x360/Products/04042024_1712223251172_1712223263106_8718452794553_1.png",
    "available": true,
    "promoUntil": null
  },
  {
    "id": "228127STK",
    "title": "Bijenhuis Cremehoning 250 g",
    "category": "Koffie en thee",
    "price": 5.49,
    "promoPrice": null,
    "pricePerUnit": "21.96 kg",
    "image": "https://www.jumbo.com/dam-images/fit-in/360x360/Products/23042025_1745372134124_1745372141169_228127_STK_08719326394022_C1N1.png",
    "available": true,
    "promoUntil": null
  },
  {
    "id": "380660POT",
    "title": "Bonne Maman Aardbeien 335 g",
    "category": "Ontbijt, broodbeleg en bakproducten",
    "price": 3.65,
    "promoPrice": null,
    "pricePerUnit": "10.9 kg",
    "image": "https://www.jumbo.com/dam-images/fit-in/360x360/Products/10082023_1691678359950_1691678370926_3608580861584_1.png",
    "available": true,
    "promoUntil": null
  },
  {
    "id": "18734BLK",
    "title": "Del Monte Halve Peren op Sap 415 g",
    "category": "Conserven, soepen, sauzen, oliën",
    "price": 2.45,
    "promoPrice": null,
    "pricePerUnit": "10.65 kg",
    "image": "https://www.jumbo.com/dam-images/fit-in/360x360/Products/12122024_1734014420963_1734014428304_24000124962_1.png",
    "available": true,
    "promoUntil": null
  },
  {
    "id": "557690ZK",
    "title": "Jordans Super Granola Deliciously Berry 400 g",
    "category": "Ontbijt, broodbeleg en bakproducten",
    "price": 4.99,
    "promoPrice": null,
    "pricePerUnit": "12.48 kg",
    "image": "https://www.jumbo.com/dam-images/fit-in/360x360/Products/16042025_1744817609442_1744817618304_5010477363510_1.png",
    "available": true,
    "promoUntil": null
  },
  {
    "id": "626462DS",
    "title": "Jumbo Havermout Porties Honing 5 x 27 g",
    "category": "Ontbijt, broodbeleg en bakproducten",
    "price": 1.49,
    "promoPrice": null,
    "pricePerUnit": "11.04 kg",
    "image": "https://www.jumbo.com/dam-images/fit-in/360x360/Products/04062024_1717490781203_1717490794748_8718452803040_596.png",
    "available": true,
    "promoUntil": null
  },
  {
    "id": "305434PAK",
    "title": "Barebells Protein Bar Hazelnut & Nougat 55 g",
    "category": "Ontbijt, broodbeleg en bakproducten",
    "price": 2.96,
    "promoPrice": 2.22,
    "pricePerUnit": "40.36 kg",
    "image": "https://www.jumbo.com/dam-images/fit-in/360x360/Products/23052024_1716456913084_1716456917477_7340001801972_1.png",
    "available": true,
    "promoUntil": "di 7 okt"
  },
  {
    "id": "18730BLK",
    "title": "Del Monte Fruitcocktail op Lichte Siroop 227 g",
    "category": "Conserven, soepen, sauzen, oliën",
    "price": 1.68,
    "promoPrice": null,
    "pricePerUnit": "12.0 kg",
    "image": "https://www.jumbo.com/dam-images/fit-in/360x360/Products/12122024_1734014420782_1734014431944_24000040095_1.png",
    "available": true,
    "promoUntil": null
  },
  {
    "id": "273763STK",
    "title": "Del Monte Fruit Express Stukken Perziken op Sap 4 x 113 g",
    "category": "Conserven, soepen, sauzen, oliën",
    "price": 4.25,
    "promoPrice": null,
    "pricePerUnit": "17.14 kg",
    "image": "https://www.jumbo.com/dam-images/fit-in/360x360/Products/12122024_1734014441638_1734014449016_24000160618_1.png",
    "available": true,
    "promoUntil": null
  },
  {
    "id": "678370BLS",
    "title": "HEMA Taartkaarsjes Cijfer 2",
    "category": "Ontbijt, broodbeleg en bakproducten",
    "price": 0.99,
    "promoPrice": null,
    "pricePerUnit": "0.99 pieces",
    "image": "https://www.jumbo.com/dam-images/fit-in/360x360/Products/06022025_1738858579200_1738858581481_678370_BLS_08720354508992_C1N1.png",
    "available": true,
    "promoUntil": null
  },
  {
    "id": "145318POT",
    "title": "Jean Bâton Black Truffle Mayonnaise 135 ml",
    "category": "Conserven, soepen, sauzen, oliën",
    "price": 2.49,
    "promoPrice": null,
    "pricePerUnit": "18.44 kg",
    "image": "https://www.jumbo.com/dam-images/fit-in/360x360/Products/08718403010534C1N1e4becfeb-45d5-4758-b080-77afecb61971-1754047471211.png",
    "available": true,
    "promoUntil": null
  },
  {
    "id": "169647DS",
    "title": "Jacques Matinettes Melk 128 g",
    "category": "Ontbijt, broodbeleg en bakproducten",
    "price": 3.76,
    "promoPrice": null,
    "pricePerUnit": "29.38 kg",
    "image": "https://www.jumbo.com/dam-images/fit-in/360x360/Products/27032024_1711506820714_1711506827931_169647_DS_05412322651009_C1N1.png",
    "available": true,
    "promoUntil": null
  },
  {
    "id": "676455PAK",
    "title": "Jumbo Croutons Knoflook Kruiden 125 g ",
    "category": "Conserven, soepen, sauzen, oliën",
    "price": 2.14,
    "promoPrice": null,
    "pricePerUnit": "17.12 kg",
    "image": "https://www.jumbo.com/dam-images/fit-in/360x360/Products/29072025_1753796020226_1753796027362_8718452913299_1.png",
    "available": true,
    "promoUntil": null
  },
  {
    "id": "606755PAK",
    "title": "Jumbo IJskoffie Salted Caramel Smaak 1L",
    "category": "Zuivel, eieren, boter",
    "price": 1.99,
    "promoPrice": null,
    "pricePerUnit": "1.99 l",
    "image": "https://www.jumbo.com/dam-images/fit-in/360x360/Products/18042024_1713447308890_1713447319733_8718452799510_596.png",
    "available": true,
    "promoUntil": null
  },
  {
    "id": "646059POT",
    "title": "Carbonell groene peperkorrels",
    "category": "Wereldkeukens, kruiden, pasta en rijst",
    "price": 1.75,
    "promoPrice": null,
    "pricePerUnit": "26.92 kg",
    "image": "https://www.jumbo.com/dam-images/fit-in/360x360/Products/11092025_1757588652708_1757588659452_8410010877349_1.png",
    "available": true,
    "promoUntil": null
  },
  {
    "id": "480487FLS",
    "title": "Heinz Tomato Ketchup Biologisch 500 ml",
    "category": "Conserven, soepen, sauzen, oliën",
    "price": 4.29,
    "promoPrice": null,
    "pricePerUnit": "8.58 l",
    "image": "https://www.jumbo.com/dam-images/fit-in/360x360/Products/02082025_1754099580633_1754099586845_480487_FLS_08715700122038_H1N1.png",
    "available": true,
    "promoUntil": null
  },
  {
    "id": "646813DS",
    "title": "Clipper Spices Variety 20 Stuks 41 g",
    "category": "Koffie en thee",
    "price": 3.95,
    "promoPrice": null,
    "pricePerUnit": "0.2 pieces",
    "image": "https://www.jumbo.com/dam-images/fit-in/360x360/Products/22032025_1742611748197_1742611758505_646813_DS_05021991945359_H1N1.png",
    "available": true,
    "promoUntil": null
  },
  {
    "id": "622895FLS",
    "title": "Jumbo Mambosaus 300ML",
    "category": "Conserven, soepen, sauzen, oliën",
    "price": 1.44,
    "promoPrice": null,
    "pricePerUnit": "4.8 l",
    "image": "https://www.jumbo.com/dam-images/fit-in/360x360/Products/09072024_1720517787662_1720517796278_8718452804931_1.png",
    "available": true,
    "promoUntil": null
  },
  {
    "id": "578693STK",
    "title": "Jumbo Plantaardig Alternatief voor Tiramisu 90 g",
    "category": "Zuivel, eieren, boter",
    "price": 1.32,
    "promoPrice": null,
    "pricePerUnit": "14.67 kg",
    "image": "https://www.jumbo.com/dam-images/fit-in/360x360/Products/14022024_1707873702194_1707873711191_8718452688777_1.png",
    "available": true,
    "promoUntil": null
  },
  {
    "id": "671265CUP",
    "title": "Jumbo Soja Plantaardig Alternatief voor Yoghurt Blauwe Bes 500 g",
    "category": "Zuivel, eieren, boter",
    "price": 1.89,
    "promoPrice": null,
    "pricePerUnit": "3.78 kg",
    "image": "https://www.jumbo.com/dam-images/fit-in/360x360/Products/14022025_1739539159689_1739539170933_8718452878390_596.png",
    "available": true,
    "promoUntil": null
  },
  {
    "id": "558913BUS",
    "title": "Bertolli Originale extra vierge olijfolie spray",
    "category": "Conserven, soepen, sauzen, oliën",
    "price": 5.53,
    "promoPrice": null,
    "pricePerUnit": "27.65 l",
    "image": "https://www.jumbo.com/dam-images/fit-in/360x360/Products/12092025_1757641532577_1757641542789_558913_BUS_08002470017702_H1N1_R.png",
    "available": true,
    "promoUntil": null
  },
  {
    "id": "630475PAK",
    "title": "Barebells Soft Protein Bar Marshmallow Rocky Road 55 g",
    "category": "Ontbijt, broodbeleg en bakproducten",
    "price": 2.86,
    "promoPrice": 2.14,
    "pricePerUnit": "38.91 kg",
    "image": "https://www.jumbo.com/dam-images/fit-in/360x360/Products/14062024_1718361341185_1718361344814_7340001804904_1.png",
    "available": true,
    "promoUntil": "di 7 okt"
  },
  {
    "id": "577716STK",
    "title": "Jumbo Biologisch Gelderse Rookworst 225 g",
    "category": "Conserven, soepen, sauzen, oliën",
    "price": 3.55,
    "promoPrice": null,
    "pricePerUnit": "15.78 kg",
    "image": "https://www.jumbo.com/dam-images/fit-in/360x360/Products/15102024_1729002788309_1729002796561_8718452729661_1.png",
    "available": true,
    "promoUntil": null
  },
  {
    "id": "560666PAK",
    "title": "Boon Bruine Boon 380 g",
    "category": "Conserven, soepen, sauzen, oliën",
    "price": 1.19,
    "promoPrice": null,
    "pricePerUnit": "5.17 kg",
    "image": "https://www.jumbo.com/dam-images/fit-in/360x360/Products/11062024_1718075491688_1718075496317_560666_PAK_08710646900054_C1N1.png",
    "available": true,
    "promoUntil": null
  },
  {
    "id": "464978PAK",
    "title": "Brunswick Sardines in Sojaolie 106 g",
    "category": "Conserven, soepen, sauzen, oliën",
    "price": 1.77,
    "promoPrice": null,
    "pricePerUnit": "16.7 kg",
    "image": "https://www.jumbo.com/dam-images/fit-in/360x360/Products/12052025_1747012472268_1747012482933_464978_PAK_00066613037017_C1N1.png",
    "available": true,
    "promoUntil": null
  },
  {
    "id": "618249STK",
    "title": "Ehrmann Grand Dessert Chocolate 4 x 190g",
    "category": "Zuivel, eieren, boter",
    "price": 4.76,
    "promoPrice": null,
    "pricePerUnit": "None None",
    "image": "https://www.jumbo.com/dam-images/fit-in/360x360/Products/618249STK14bde5a08-bb7d-454d-9f94-a26afa66ba9c-1710152979348.png",
    "available": true,
    "promoUntil": null
  },
  {
    "id": "692974ZK",
    "title": "Jumbo Biologisch Crackers Meergranen 10 Stuks",
    "category": "Ontbijt, broodbeleg en bakproducten",
    "price": 2.09,
    "promoPrice": null,
    "pricePerUnit": "9.95 kg",
    "image": "https://www.jumbo.com/dam-images/fit-in/360x360/Products/25062025_1750847566341_1750847572710_8718452896240_1.png",
    "available": true,
    "promoUntil": null
  },
  {
    "id": "494488POT",
    "title": "Jumbo Visfond 350 ML",
    "category": "Conserven, soepen, sauzen, oliën",
    "price": 2.99,
    "promoPrice": null,
    "pricePerUnit": "8.54 l",
    "image": "https://www.jumbo.com/dam-images/fit-in/360x360/Products/10082023_1691677284167_1691677292419_8718452591169_1.png",
    "available": true,
    "promoUntil": null
  },
  {
    "id": "686332DS",
    "title": "BitesWeLove Chewy Oat Bar Vanilla 4X30g",
    "category": "Ontbijt, broodbeleg en bakproducten",
    "price": 3.75,
    "promoPrice": null,
    "pricePerUnit": "31.25 kg",
    "image": "https://www.jumbo.com/dam-images/fit-in/360x360/Products/31072025_1753925955953_1753925957489_686332_DS_08711299015430_A1N1.png",
    "available": true,
    "promoUntil": null
  },
  {
    "id": "175266POT",
    "title": "Grand'Italia Romana 260 g",
    "category": "Conserven, soepen, sauzen, oliën",
    "price": 3.0,
    "promoPrice": null,
    "pricePerUnit": "11.54 kg",
    "image": "https://www.jumbo.com/dam-images/fit-in/360x360/Products/31072025_1753928409742_1753928416596_175266_POT_00000080024736_H1N1.png",
    "available": true,
    "promoUntil": null
  },
  {
    "id": "675585DS",
    "title": "Holie's Crunchy Muesli Red Fruit 400g",
    "category": "Ontbijt, broodbeleg en bakproducten",
    "price": 4.31,
    "promoPrice": null,
    "pricePerUnit": "10.78 kg",
    "image": "https://www.jumbo.com/dam-images/fit-in/360x360/Products/13022025_1739412877679_1739412881285_675585_DS_08720256082460_C1N1.png",
    "available": true,
    "promoUntil": null
  },
  {
    "id": "610283DS",
    "title": "HomeMade Complete Mix voor Gevulde Kruidcake 480 g",
    "category": "Ontbijt, broodbeleg en bakproducten",
    "price": 2.95,
    "promoPrice": null,
    "pricePerUnit": "6.15 kg",
    "image": "https://www.jumbo.com/dam-images/fit-in/360x360/Products/25032024_1711381817154_1711381824526_8719678030982_1.png",
    "available": true,
    "promoUntil": null
  },
  {
    "id": "144388BLK",
    "title": "John West Kabeljauwlever in eigen olie MSC 120 gram",
    "category": "Conserven, soepen, sauzen, oliën",
    "price": 2.96,
    "promoPrice": null,
    "pricePerUnit": "24.67 kg",
    "image": "https://www.jumbo.com/dam-images/fit-in/360x360/Products/09082023_1691588002077_1691588009508_5000171053923_1.png",
    "available": true,
    "promoUntil": null
  },
  {
    "id": "616785POT",
    "title": "Hazelnootpasta Original 0% toegevoegde suiker",
    "category": "Ontbijt, broodbeleg en bakproducten",
    "price": 4.29,
    "promoPrice": null,
    "pricePerUnit": "23.83 kg",
    "image": "https://www.jumbo.com/dam-images/fit-in/360x360/Products/11062025_1749604361166_1749604369833_616785_POT_08410014477651_C1N1.png",
    "available": true,
    "promoUntil": null
  },
  {
    "id": "237674POT",
    "title": "Jumbo Wildfond 350 ml",
    "category": "Conserven, soepen, sauzen, oliën",
    "price": 2.99,
    "promoPrice": null,
    "pricePerUnit": "8.54 l",
    "image": "https://www.jumbo.com/dam-images/fit-in/360x360/Products/09082023_1691586202192_1691586208225_8718452349913_1.png",
    "available": true,
    "promoUntil": null
  },
  {
    "id": "623882ZK",
    "title": "Bio Today Groentecrackers met Wortel 200 g",
    "category": "Koek, snoep, chocolade en chips",
    "price": 3.49,
    "promoPrice": null,
    "pricePerUnit": "17.45 kg",
    "image": "https://www.jumbo.com/dam-images/fit-in/360x360/Products/12122024_1734017663674_1734017670234_8719153020965_1.png",
    "available": true,
    "promoUntil": null
  },
  {
    "id": "232882STK",
    "title": "Illy Lungo Classico Koffiecups 10 stuks",
    "category": "Koffie en thee",
    "price": 5.49,
    "promoPrice": null,
    "pricePerUnit": "0.55 pieces",
    "image": "https://www.jumbo.com/dam-images/fit-in/360x360/Products/22122023_1703221147601_1703221153495_232882_STK_08003753158617_C1N1.png",
    "available": true,
    "promoUntil": null
  },
  {
    "id": "18720BLK",
    "title": "Bonduelle Jonge Velderwtjes 150 g",
    "category": "Conserven, soepen, sauzen, oliën",
    "price": 1.39,
    "promoPrice": null,
    "pricePerUnit": "10.69 kg",
    "image": "https://www.jumbo.com/dam-images/fit-in/360x360/Products/05062025_1749094356618_1749094367472_18720_BLK_03083681012682_H1N1.png",
    "available": true,
    "promoUntil": null
  },
  {
    "id": "342555FLS",
    "title": "Dr. Oetker Natuurlijk Bourbon Vanille-Extract 35 ml",
    "category": "Ontbijt, broodbeleg en bakproducten",
    "price": 4.45,
    "promoPrice": null,
    "pricePerUnit": "127.14 kg",
    "image": "https://www.jumbo.com/dam-images/fit-in/360x360/Products/17042025_1744863644409_1744863647663_342555_FLS_08710466294821_C1N1_s01.png",
    "available": true,
    "promoUntil": null
  },
  {
    "id": "678436BLS",
    "title": "HEMA Taartkaarsjes Cijfer 0",
    "category": "Ontbijt, broodbeleg en bakproducten",
    "price": 0.99,
    "promoPrice": null,
    "pricePerUnit": "0.99 pieces",
    "image": "https://www.jumbo.com/dam-images/fit-in/360x360/Products/07022025_1738916329303_1738916331538_678436_BLS_08720354509036_C1N1.png",
    "available": true,
    "promoUntil": null
  },
  {
    "id": "706828ZK",
    "title": "Bialetti Espresso Grani Classico 500g",
    "category": "Koffie en thee",
    "price": 12.49,
    "promoPrice": null,
    "pricePerUnit": "24.98 kg",
    "image": "https://www.jumbo.com/dam-images/fit-in/360x360/Products/26062025_1750941230382_1750941234350_706828_ZK_08006363032179_C1N1.png",
    "available": true,
    "promoUntil": null
  },
  {
    "id": "455823FLS",
    "title": "Jumbo Biologisch Volle Koffiemelk 188 ml",
    "category": "Koffie en thee",
    "price": 1.19,
    "promoPrice": null,
    "pricePerUnit": "6.33 l",
    "image": "https://www.jumbo.com/dam-images/fit-in/360x360/Products/09082023_1691588775091_1691588779841_8718452570980_1.png",
    "available": true,
    "promoUntil": null
  },
  {
    "id": "388318DS",
    "title": "Jumbo Mix voor Cheesecake Naturel 365 g",
    "category": "Ontbijt, broodbeleg en bakproducten",
    "price": 2.99,
    "promoPrice": null,
    "pricePerUnit": "8.19 kg",
    "image": "https://www.jumbo.com/dam-images/fit-in/360x360/Products/14052024_1715708060995_1715708067921_8718452788019_1.png",
    "available": true,
    "promoUntil": null
  },
  {
    "id": "892823POT",
    "title": "Doesburgsche Mosterd 300 g",
    "category": "Conserven, soepen, sauzen, oliën",
    "price": 2.38,
    "promoPrice": null,
    "pricePerUnit": "7.93 kg",
    "image": "https://www.jumbo.com/dam-images/fit-in/360x360/Products/10082023_1691674961078_1691674987005_8712425122114_1.png",
    "available": true,
    "promoUntil": null
  },
  {
    "id": "213910STK",
    "title": "Hero Betuwe Bessen Sap Rode Bes 0,25 L",
    "category": "Ontbijt, broodbeleg en bakproducten",
    "price": 3.26,
    "promoPrice": null,
    "pricePerUnit": "13.04 l",
    "image": "https://www.jumbo.com/dam-images/fit-in/360x360/Products/28112023_1701171243007_1701171248146_8713500011934_1.png",
    "available": true,
    "promoUntil": null
  },
  {
    "id": "491253POT",
    "title": "Jumbo Isotonic Sports Drink 400 g",
    "category": "Frisdrank en sappen",
    "price": 5.99,
    "promoPrice": null,
    "pricePerUnit": "14.98 kg",
    "image": "https://www.jumbo.com/dam-images/fit-in/360x360/Products/07082024_1723016118267_1723016131117_8718452836468_596.png",
    "available": true,
    "promoUntil": null
  },
  {
    "id": "491254POT",
    "title": "Jumbo Isotonic Sports Drink 400 g",
    "category": "Frisdrank en sappen",
    "price": 5.99,
    "promoPrice": null,
    "pricePerUnit": "14.98 kg",
    "image": "https://www.jumbo.com/dam-images/fit-in/360x360/Products/07082024_1723016118260_1723016129740_8718452836451_596.png",
    "available": true,
    "promoUntil": null
  },
  {
    "id": "18723BLK",
    "title": "Del Monte Ananasschijven op Siroop 235 g",
    "category": "Conserven, soepen, sauzen, oliën",
    "price": 1.49,
    "promoPrice": null,
    "pricePerUnit": "10.64 kg",
    "image": "https://www.jumbo.com/dam-images/fit-in/360x360/Products/09082023_1691586675678_1691586707623_24000003649_1.png",
    "available": true,
    "promoUntil": null
  },
  {
    "id": "674157ZK",
    "title": "Jumbo Noten Mix 200 g",
    "category": "Ontbijt, broodbeleg en bakproducten",
    "price": 3.26,
    "promoPrice": null,
    "pricePerUnit": "16.3 kg",
    "image": "https://www.jumbo.com/dam-images/fit-in/360x360/Products/14042025_1744644770119_1744644777950_8718452870738_1.png",
    "available": true,
    "promoUntil": null
  },
  {
    "id": "648356ZK",
    "title": "HAK Kikkererwten Tajine Protein Bowl 555g",
    "category": "Conserven, soepen, sauzen, oliën",
    "price": 3.99,
    "promoPrice": null,
    "pricePerUnit": "7.19 kg",
    "image": "https://www.jumbo.com/dam-images/fit-in/360x360/Products/30082024_1725008195787_1725008211694_648356_ZK_08720600666988_H1N1.png",
    "available": true,
    "promoUntil": null
  },
  {
    "id": "578248TRL",
    "title": "Isey Skyr Lemon-Cheesecake 6 x 170g",
    "category": "Zuivel, eieren, boter",
    "price": 11.34,
    "promoPrice": null,
    "pricePerUnit": "11.12 kg",
    "image": "https://www.jumbo.com/dam-images/fit-in/360x360/Products/428364TRL-1692362546955.png",
    "available": true,
    "promoUntil": null
  },
  {
    "id": "613219FLS",
    "title": "Heinz Mayomix Mayo Ketchup Saus 415 ml",
    "category": "Conserven, soepen, sauzen, oliën",
    "price": 2.99,
    "promoPrice": null,
    "pricePerUnit": "7.2 l",
    "image": "https://www.jumbo.com/dam-images/fit-in/360x360/Products/02082025_1754098779847_1754098785383_613219_FLS_08715700126111_H1N1.png",
    "available": true,
    "promoUntil": null
  },
  {
    "id": "614774BLK",
    "title": "John West Makreel Olie 115 g",
    "category": "Conserven, soepen, sauzen, oliën",
    "price": 2.15,
    "promoPrice": null,
    "pricePerUnit": "26.88 kg",
    "image": "https://www.jumbo.com/dam-images/fit-in/360x360/Products/25052024_1716603893568_1716603911893_614774_BLK_05000171061720_C1N1.png",
    "available": true,
    "promoUntil": null
  },
  {
    "id": "564260POT",
    "title": "Kleinste Soep Fabriek Vloeibaar Bouillonblokje Kip 150 ml",
    "category": "Conserven, soepen, sauzen, oliën",
    "price": 2.65,
    "promoPrice": null,
    "pricePerUnit": "17.67 l",
    "image": "https://www.jumbo.com/dam-images/fit-in/360x360/Products/14022024_1707872593616_1707872607315_8720143628016_1.png",
    "available": true,
    "promoUntil": null
  },
  {
    "id": "146920DS",
    "title": "Langnese Bloemenhoning Goudhelder Minis 5 x 20g",
    "category": "Koffie en thee",
    "price": 2.37,
    "promoPrice": null,
    "pricePerUnit": "23.7 kg",
    "image": "https://www.jumbo.com/dam-images/fit-in/360x360/Products/09082023_1691587848362_1691587860946_4023300734006_1.png",
    "available": true,
    "promoUntil": null
  },
  {
    "id": "156338POT",
    "title": "Langnese Bloemenhoning Goudhelder 375g",
    "category": "Koffie en thee",
    "price": 5.19,
    "promoPrice": null,
    "pricePerUnit": "13.84 kg",
    "image": "https://www.jumbo.com/dam-images/fit-in/360x360/Products/09082023_1691587848467_1691587862803_4023300730404_1.png",
    "available": true,
    "promoUntil": null
  },
  {
    "id": "573405FLS",
    "title": "XXL Nutrition n'Joy Drink Vanilla Flavor 310 ml",
    "category": "Frisdrank en sappen",
    "price": 2.39,
    "promoPrice": null,
    "pricePerUnit": "7.71 l",
    "image": "https://www.jumbo.com/dam-images/fit-in/360x360/Products/14022024_1707873021899_1707873025503_8719881003346_1.png",
    "available": true,
    "promoUntil": null
  },
  {
    "id": "538453TRA",
    "title": "Violife Greek White Block 172 g",
    "category": "Zuivel, eieren, boter",
    "price": 2.79,
    "promoPrice": null,
    "pricePerUnit": "18.6 kg",
    "image": "https://www.jumbo.com/dam-images/fit-in/360x360/Products/24032025_1742801595451_1742801599695_5202390029301_1.png",
    "available": true,
    "promoUntil": null
  },
  {
    "id": "679306PAK",
    "title": "Zonnatura Maïswafels Melk Chocolade Bio 6 Stuks 75 g",
    "category": "Ontbijt, broodbeleg en bakproducten",
    "price": 2.29,
    "promoPrice": null,
    "pricePerUnit": "30.53 kg",
    "image": "https://www.jumbo.com/dam-images/fit-in/360x360/Products/15022025_1739589488378_1739589492981_679306_PAK_08711812410490_C1N1.png",
    "available": true,
    "promoUntil": null
  },
  {
    "id": "677821STK",
    "title": "Leev® bio LOWCARB soy snack sea salt 45g",
    "category": "Ontbijt, broodbeleg en bakproducten",
    "price": 1.89,
    "promoPrice": null,
    "pricePerUnit": "42.0 kg",
    "image": "https://www.jumbo.com/dam-images/fit-in/360x360/Products/25072025_1753406621737_1753406632985_677821_STK_08718215838050_C1N1.png",
    "available": true,
    "promoUntil": null
  },
  {
    "id": "679777ZK",
    "title": "Jumbo's Oosterse Stijl Kippensoep 570ML",
    "category": "Conserven, soepen, sauzen, oliën",
    "price": 2.89,
    "promoPrice": null,
    "pricePerUnit": "5.07 l",
    "image": "https://www.jumbo.com/dam-images/fit-in/360x360/Products/08052025_1746714771188_1746714792379_8718452873449_596.png",
    "available": true,
    "promoUntil": null
  },
  {
    "id": "684240DS",
    "title": "Kosso Nutrition Proteine Pops Chocolate 250g",
    "category": "Ontbijt, broodbeleg en bakproducten",
    "price": 7.49,
    "promoPrice": null,
    "pricePerUnit": "29.96 kg",
    "image": "https://www.jumbo.com/dam-images/fit-in/360x360/Products/KN1a0b0da5e-6c23-4ed7-be95-104779fcde09-1757056413635.png",
    "available": true,
    "promoUntil": null
  },
  {
    "id": "569494FLS",
    "title": "Marne Zoete Mosterd Honing 225 g",
    "category": "Conserven, soepen, sauzen, oliën",
    "price": 2.29,
    "promoPrice": null,
    "pricePerUnit": "10.18 kg",
    "image": "https://www.jumbo.com/dam-images/fit-in/360x360/Products/14022024_1707872592242_1707872601408_8710638002339_1.png",
    "available": true,
    "promoUntil": null
  },
  {
    "id": "458003FLS",
    "title": "NXT Level Protein Shake Vanilla Flavor 330 ml",
    "category": "Ontbijt, broodbeleg en bakproducten",
    "price": 2.27,
    "promoPrice": null,
    "pricePerUnit": "6.88 l",
    "image": "https://www.jumbo.com/dam-images/fit-in/360x360/Products/01022025_1738384175539_1738384180532_458003_FLS_08720589887886_C1N1.png",
    "available": true,
    "promoUntil": null
  },
  {
    "id": "582433PAK",
    "title": "Peijnenburg ontbijtkoek naturel 4-pack per stuk verpakt",
    "category": "Ontbijt, broodbeleg en bakproducten",
    "price": 1.97,
    "promoPrice": null,
    "pricePerUnit": "17.59 kg",
    "image": "https://www.jumbo.com/dam-images/fit-in/360x360/Products/14022024_1707873741222_1707873746252_8710397121562_1.png",
    "available": true,
    "promoUntil": null
  },
  {
    "id": "669740FLS",
    "title": "Powerade Golden Mango Isotonic Sports Drink 500 ml",
    "category": "Frisdrank en sappen",
    "price": 1.75,
    "promoPrice": null,
    "pricePerUnit": "3.5 l",
    "image": "https://www.jumbo.com/dam-images/fit-in/360x360/Products/10012025_1736481567469_1736481573427_669740_FLS_05000112681192_H1N1.png",
    "available": true,
    "promoUntil": null
  },
  {
    "id": "447593ZK",
    "title": "Nissin Demae Ramen Beef Flavour 100 g",
    "category": "Conserven, soepen, sauzen, oliën",
    "price": 1.29,
    "promoPrice": null,
    "pricePerUnit": "12.9 kg",
    "image": "https://www.jumbo.com/dam-images/fit-in/360x360/Products/02052024_1714635367426_1714635377003_8712429350209_1.png",
    "available": true,
    "promoUntil": null
  },
  {
    "id": "674216ZK",
    "title": "Knorr Mix Vleesjus 18 g",
    "category": "Conserven, soepen, sauzen, oliën",
    "price": 0.79,
    "promoPrice": null,
    "pricePerUnit": "21.94 kg",
    "image": "https://www.jumbo.com/dam-images/fit-in/360x360/Products/14052025_1747184693647_1747184752126_674216_ZK_08721201902833_H1N1.png",
    "available": true,
    "promoUntil": null
  },
  {
    "id": "711555STK",
    "title": "Rio Mare Tonijnmoot in Olijfolie MSC 2 x 65 g",
    "category": "Conserven, soepen, sauzen, oliën",
    "price": 4.94,
    "promoPrice": null,
    "pricePerUnit": "38.0 kg",
    "image": "https://www.jumbo.com/dam-images/fit-in/360x360/Products/28072025_1753686111324_1753686120734_711555_STK_08004030106178_A1N1.png",
    "available": true,
    "promoUntil": null
  },
  {
    "id": "559564PAK",
    "title": "Starbucks® Multiserve Caffe Latte No Added Sugar IJskoffie 750ml",
    "category": "Zuivel, eieren, boter",
    "price": 3.99,
    "promoPrice": null,
    "pricePerUnit": "5.32 l",
    "image": "https://www.jumbo.com/dam-images/fit-in/360x360/Products/12122024_1733992439730_1733992445433_4100290026394_1.png",
    "available": true,
    "promoUntil": null
  },
  {
    "id": "634907DS",
    "title": "Zonnatura Sinaasappel & Munt Kruideninfusie 20 Zakjes 34 g",
    "category": "Koffie en thee",
    "price": 2.59,
    "promoPrice": null,
    "pricePerUnit": "0.13 pieces",
    "image": "https://www.jumbo.com/dam-images/fit-in/360x360/Products/23082025_1755911618869_1755911630151_634907_DS_08711812410834_H1N1.png",
    "available": true,
    "promoUntil": null
  },
  {
    "id": "677823ZK",
    "title": "Zonnatura Granola Crunchy Cacao Bio 350 g",
    "category": "Ontbijt, broodbeleg en bakproducten",
    "price": 3.95,
    "promoPrice": null,
    "pricePerUnit": "11.29 kg",
    "image": "https://www.jumbo.com/dam-images/fit-in/360x360/Products/05062025_1749086616888_1749086630582_677823_ZK_08711812410070_H1N1.png",
    "available": true,
    "promoUntil": null
  },
  {
    "id": "290181STK",
    "title": "Koopmans Omgekeerde appeltaart Tarte tatin 330 g",
    "category": "Ontbijt, broodbeleg en bakproducten",
    "price": 2.47,
    "promoPrice": null,
    "pricePerUnit": "7.48 kg",
    "image": "https://www.jumbo.com/dam-images/fit-in/360x360/Products/17042025_1744861074259_1744861079902_290181_STK_08710466293428_C1N1_s06.png",
    "available": true,
    "promoUntil": null
  },
  {
    "id": "628620STK",
    "title": "Jumbo kippen bouillonblokjes 3 x 8 stuks",
    "category": "Conserven, soepen, sauzen, oliën",
    "price": 1.17,
    "promoPrice": null,
    "pricePerUnit": "None None",
    "image": "https://www.jumbo.com/dam-images/fit-in/360x360/Products/628620STK4c257298-2e05-4ad9-9089-0a0deb1d3af0-1745827546377.png",
    "available": true,
    "promoUntil": null
  },
  {
    "id": "586329DS",
    "title": "Koopmans Aardappelzetmeel Helder Bindend 200 g",
    "category": "Ontbijt, broodbeleg en bakproducten",
    "price": 1.57,
    "promoPrice": null,
    "pricePerUnit": "7.85 kg",
    "image": "https://www.jumbo.com/dam-images/fit-in/360x360/Products/17042025_1744861661443_1744861671044_586329_DS_08710466323125_C1N1_s02.png",
    "available": true,
    "promoUntil": null
  },
  {
    "id": "51589POT",
    "title": "Kühne Zoetzuur 330 g",
    "category": "Conserven, soepen, sauzen, oliën",
    "price": 1.59,
    "promoPrice": null,
    "pricePerUnit": "8.59 kg",
    "image": "https://www.jumbo.com/dam-images/fit-in/360x360/Products/18092025_1758213235543_1758213243595_40737546_1.png",
    "available": true,
    "promoUntil": null
  },
  {
    "id": "609404FLS",
    "title": "Remia Mama Asia Teriyaki 240ml",
    "category": "Conserven, soepen, sauzen, oliën",
    "price": 2.49,
    "promoPrice": null,
    "pricePerUnit": "10.38 l",
    "image": "https://www.jumbo.com/dam-images/fit-in/360x360/Products/17012024_1705462464824_1705462468099_609404_FLS_08710448620037_C1N1.png",
    "available": true,
    "promoUntil": null
  },
  {
    "id": "135808DS",
    "title": "Knorr Mix Groentesoep 62 g",
    "category": "Conserven, soepen, sauzen, oliën",
    "price": 0.99,
    "promoPrice": null,
    "pricePerUnit": "15.97 kg",
    "image": "https://www.jumbo.com/dam-images/fit-in/360x360/Products/03042025_1743650225927_1743650269996_135808_DS_08721201912054_H1N1.png",
    "available": true,
    "promoUntil": null
  },
  {
    "id": "704664DS",
    "title": "Starbucks® by Nespresso® Smooth Caramel 10 Koffiecups",
    "category": "Koffie en thee",
    "price": 4.69,
    "promoPrice": null,
    "pricePerUnit": "0.47 pieces",
    "image": "https://www.jumbo.com/dam-images/fit-in/360x360/Products/13062025_1749839587441_1749839590354_8445290154187_1.png",
    "available": true,
    "promoUntil": null
  },
  {
    "id": "520925POT",
    "title": "Kühne Augurken Blokjes Zoetzuur 330 g",
    "category": "Conserven, soepen, sauzen, oliën",
    "price": 1.39,
    "promoPrice": null,
    "pricePerUnit": "7.51 kg",
    "image": "https://www.jumbo.com/dam-images/fit-in/360x360/Products/18092025_1758213235716_1758213244082_40737317_1.png",
    "available": true,
    "promoUntil": null
  },
  {
    "id": "364022PAK",
    "title": "Unox Good Noodles Rund 70 g",
    "category": "Conserven, soepen, sauzen, oliën",
    "price": 1.15,
    "promoPrice": null,
    "pricePerUnit": "16.43 kg",
    "image": "https://www.jumbo.com/dam-images/fit-in/360x360/Products/15082025_1755221088376_1755221124053_364022_PAK_08710604791038_H1N1.png",
    "available": true,
    "promoUntil": null
  },
  {
    "id": "676528POT",
    "title": "La Place Remouladesaus 130ml",
    "category": "Conserven, soepen, sauzen, oliën",
    "price": 2.29,
    "promoPrice": null,
    "pricePerUnit": "17.62 l",
    "image": "https://www.jumbo.com/dam-images/fit-in/360x360/Products/12122024_1734014442458_1734014450959_8718452349029_1.png",
    "available": true,
    "promoUntil": null
  },
  {
    "id": "467725DS",
    "title": "Lipton Green Citrus 20 Stuks",
    "category": "Koffie en thee",
    "price": 2.99,
    "promoPrice": null,
    "pricePerUnit": "0.15 pieces",
    "image": "https://www.jumbo.com/dam-images/fit-in/360x360/Products/11072025_1752198464296_1752198476896_467725_DS_05063270101391_C1N1.png",
    "available": true,
    "promoUntil": null
  },
  {
    "id": "648629DS",
    "title": "Leev Free from Gluten Oat Cracker Rosemary 7 Stuks 100 g",
    "category": "Ontbijt, broodbeleg en bakproducten",
    "price": 2.96,
    "promoPrice": null,
    "pricePerUnit": "29.6 kg",
    "image": "https://www.jumbo.com/dam-images/fit-in/360x360/Products/29042025_1745944387653_1745944398773_8718215837824_1.png",
    "available": true,
    "promoUntil": null
  },
  {
    "id": "706748FLS",
    "title": "Upfront Eiwit Milkshake 330ML",
    "category": "Zuivel, eieren, boter",
    "price": 2.29,
    "promoPrice": null,
    "pricePerUnit": "6.94 l",
    "image": "https://www.jumbo.com/dam-images/fit-in/360x360/Products/26062025_1750927094790_1750927096300_706748_FLS_08720986892391_A1N1.png",
    "available": true,
    "promoUntil": null
  },
  {
    "id": "145988FLS",
    "title": "Reddy Premium Zonnebloem Olie 500 ml",
    "category": "Conserven, soepen, sauzen, oliën",
    "price": 3.85,
    "promoPrice": null,
    "pricePerUnit": "7.7 l",
    "image": "https://www.jumbo.com/dam-images/fit-in/360x360/Products/07092025_1757206909570_1757206916340_145988_FLS_.png",
    "available": true,
    "promoUntil": null
  },
  {
    "id": "703461POT",
    "title": "Santa Maria Chipotle Paste 750g",
    "category": "Conserven, soepen, sauzen, oliën",
    "price": 2.96,
    "promoPrice": null,
    "pricePerUnit": "29.6 kg",
    "image": "https://www.jumbo.com/dam-images/fit-in/360x360/Products/13092025_1757731791500_1757731803988_703461_POT_07311312007384_C1N1.png",
    "available": true,
    "promoUntil": null
  },
  {
    "id": "427306POT",
    "title": "Santa Maria Dipsaus Tex Mex Style 250 g",
    "category": "Conserven, soepen, sauzen, oliën",
    "price": 3.36,
    "promoPrice": null,
    "pricePerUnit": "13.44 kg",
    "image": "https://www.jumbo.com/dam-images/fit-in/360x360/Products/21042024_1713662224993_1713662247661_427306_POT_.png",
    "available": true,
    "promoUntil": null
  },
  {
    "id": "625108DS",
    "title": "Turtle Cocoa Smiles Wholegrain 300 g",
    "category": "Ontbijt, broodbeleg en bakproducten",
    "price": 3.55,
    "promoPrice": null,
    "pricePerUnit": "11.83 kg",
    "image": "https://www.jumbo.com/dam-images/fit-in/360x360/Products/17062024_1718613194818_1718613201603_5425038430462_1.png",
    "available": true,
    "promoUntil": null
  },
  {
    "id": "422544DSL",
    "title": "Starbucks® Pike Place Medium Roast koffiebonen 4 x 450 gram",
    "category": "Koffie en thee",
    "price": 50.76,
    "promoPrice": null,
    "pricePerUnit": "28.2 kg",
    "image": "https://www.jumbo.com/dam-images/fit-in/360x360/Products/761328700860241f4555f-d75f-4d53-8101-7c6a3e260d32-1751543767729.png",
    "available": true,
    "promoUntil": null
  },
  {
    "id": "648676FLS",
    "title": "Ponti Aceto Balsamico di Modena High Density 100ml",
    "category": "Conserven, soepen, sauzen, oliën",
    "price": 3.99,
    "promoPrice": null,
    "pricePerUnit": "39.9 l",
    "image": "https://www.jumbo.com/dam-images/fit-in/360x360/Products/02092024_1725284714964_1725284717266_648676_FLS_00000080938385_C1N1.png",
    "available": true,
    "promoUntil": null
  },
  {
    "id": "705763DS",
    "title": "Lavazza Qualita Rossa Filter 500g",
    "category": "Koffie en thee",
    "price": 11.99,
    "promoPrice": null,
    "pricePerUnit": "23.98 kg",
    "image": "https://www.jumbo.com/dam-images/fit-in/360x360/Products/24072025_1753325564612_1753325568616_705763_DS_08000070036598_C1N1.png",
    "available": true,
    "promoUntil": null
  },
  {
    "id": "711466STK",
    "title": "Lay's Dipsaus Cocktail Zoete Tomaat-en Paprikasmaak 6 gr",
    "category": "Conserven, soepen, sauzen, oliën",
    "price": 2.6,
    "promoPrice": null,
    "pricePerUnit": "None None",
    "image": "https://www.jumbo.com/dam-images/fit-in/360x360/Products/2025862711fa3a97-9b78-4f77-ba13-689ce532cd23-1753712080294.png",
    "available": true,
    "promoUntil": null
  },
  {
    "id": "679302FLS",
    "title": "Mengazolli Aceto Balsamico High Density 100ml",
    "category": "Conserven, soepen, sauzen, oliën",
    "price": 4.49,
    "promoPrice": null,
    "pricePerUnit": "44.9 l",
    "image": "https://www.jumbo.com/dam-images/fit-in/360x360/Products/8005140010072abm100sensoverdeolivaspirit300dpikopief3e0055c-b78e-47a4-b5dc-009fbe3789e2-1752670072825.png",
    "available": true,
    "promoUntil": null
  },
  {
    "id": "521923PAK",
    "title": "Samyang Buldak Hot Chicken Flavor Ramen Stew Type 5 x 145 g",
    "category": "Conserven, soepen, sauzen, oliën",
    "price": 8.95,
    "promoPrice": null,
    "pricePerUnit": "12.34 kg",
    "image": "https://www.jumbo.com/dam-images/fit-in/360x360/Products/09082023_1691592985095_1691592992282_8801073141858_1.png",
    "available": true,
    "promoUntil": null
  },
  {
    "id": "481766FLS",
    "title": "Remia Fritessaus Classic 300 ml",
    "category": "Conserven, soepen, sauzen, oliën",
    "price": 1.79,
    "promoPrice": null,
    "pricePerUnit": "5.97 l",
    "image": "https://www.jumbo.com/dam-images/fit-in/360x360/Products/08042024_1712561647996_1712561652366_8710448637929_1.png",
    "available": true,
    "promoUntil": null
  },
  {
    "id": "214565ZK",
    "title": "Knorr Peperroom Saus Mix 30 g",
    "category": "Conserven, soepen, sauzen, oliën",
    "price": 1.0,
    "promoPrice": null,
    "pricePerUnit": "33.33 kg",
    "image": "https://www.jumbo.com/dam-images/fit-in/360x360/Products/29082025_1756433137171_1756433187328_214565_ZK_08711200384617_C1N1.png",
    "available": true,
    "promoUntil": null
  },
  {
    "id": "415373ZK",
    "title": "Schär  Crisp Bar Glutenvrij  3 x 35 g",
    "category": "Koek, snoep, chocolade en chips",
    "price": 2.96,
    "promoPrice": null,
    "pricePerUnit": "28.19 kg",
    "image": "https://www.jumbo.com/dam-images/fit-in/360x360/Products/31032025_1743413561263_1743413571571_8008698013069_1.png",
    "available": true,
    "promoUntil": null
  },
  {
    "id": "687302DS",
    "title": "Twinings Groene Thee Jasmijn 25 Stuks",
    "category": "Koffie en thee",
    "price": 4.29,
    "promoPrice": null,
    "pricePerUnit": "0.17 pieces",
    "image": "https://www.jumbo.com/dam-images/fit-in/360x360/Products/05055953900124C1N1s2068a6ad48-c669-4bcc-9964-8ce648f03b25-1739542959636.png",
    "available": true,
    "promoUntil": null
  },
  {
    "id": "587695STK",
    "title": "Unox knakworst knaks 6 x 400g",
    "category": "Conserven, soepen, sauzen, oliën",
    "price": 14.0,
    "promoPrice": null,
    "pricePerUnit": "None None",
    "image": "https://www.jumbo.com/dam-images/fit-in/360x360/Products/587695STKba86c83d-f649-468b-9a95-1fdfb1733561-1745827985838.png",
    "available": true,
    "promoUntil": null
  },
  {
    "id": "648957STK",
    "title": "Verse Bakkersgist 42 g",
    "category": "Ontbijt, broodbeleg en bakproducten",
    "price": 0.29,
    "promoPrice": null,
    "pricePerUnit": "6.9 kg",
    "image": "https://www.jumbo.com/dam-images/fit-in/360x360/Products/23122024_1734960857743_1734960862603_41017715_1.png",
    "available": true,
    "promoUntil": null
  },
  {
    "id": "611355ZK",
    "title": "Zonnatura Biologische Krokante Muesli Naturel 375 g",
    "category": "Ontbijt, broodbeleg en bakproducten",
    "price": 3.99,
    "promoPrice": null,
    "pricePerUnit": "10.64 kg",
    "image": "https://www.jumbo.com/dam-images/fit-in/360x360/Products/16052025_1747384368745_1747384376568_8711812410032_1.png",
    "available": true,
    "promoUntil": null
  },
  {
    "id": "678565FLS",
    "title": "Zonnatura Biologische Tomatensap 750 ml",
    "category": "Ontbijt, broodbeleg en bakproducten",
    "price": 3.26,
    "promoPrice": null,
    "pricePerUnit": "4.35 l",
    "image": "https://www.jumbo.com/dam-images/fit-in/360x360/Products/19092025_1758285196735_1758285204993_8711812411053_596.png",
    "available": true,
    "promoUntil": null
  },
  {
    "id": "382448DS",
    "title": "Zonnatura Biologische Notenrepen Cashew Cranberry",
    "category": "Koek, snoep, chocolade en chips",
    "price": 1.97,
    "promoPrice": null,
    "pricePerUnit": "26.27 kg",
    "image": "https://www.jumbo.com/dam-images/fit-in/360x360/Products/28072025_1753713236491_1753713254997_8711812425913_596.png",
    "available": true,
    "promoUntil": null
  },
  {
    "id": "387545POT",
    "title": "Van Ton Caesar Dressing 150 g",
    "category": "Conserven, soepen, sauzen, oliën",
    "price": 1.99,
    "promoPrice": null,
    "pricePerUnit": "13.27 kg",
    "image": "https://www.jumbo.com/dam-images/fit-in/360x360/Products/15082023_1692067150363_1692067151710_387545_POT_08712144003725_C1N1.png",
    "available": true,
    "promoUntil": null
  },
  {
    "id": "692219DS",
    "title": "Leentjes Strooi Pret Zeediertjes Mix 50 g",
    "category": "Ontbijt, broodbeleg en bakproducten",
    "price": 1.99,
    "promoPrice": null,
    "pricePerUnit": "39.8 kg",
    "image": "https://www.jumbo.com/dam-images/fit-in/360x360/Products/09042025_1744187414341_1744187415234_692219_DS_08721082491075_A1N1.png",
    "available": true,
    "promoUntil": null
  },
  {
    "id": "691891PAK",
    "title": "Peijnenburg Rozijnen 348 g",
    "category": "Ontbijt, broodbeleg en bakproducten",
    "price": 2.27,
    "promoPrice": null,
    "pricePerUnit": "6.52 kg",
    "image": "https://www.jumbo.com/dam-images/fit-in/360x360/Products/28052025_1748424768626_1748424772830_8710397061974_1.png",
    "available": true,
    "promoUntil": null
  },
  {
    "id": "706823DS",
    "title": "Smit & Dorlas Classic Roast Cups 20 stuks",
    "category": "Koffie en thee",
    "price": 6.99,
    "promoPrice": null,
    "pricePerUnit": "0.35 pieces",
    "image": "https://www.jumbo.com/dam-images/fit-in/360x360/Products/05082025_1754356192278_1754356197335_706823_DS_08710435138804_C1N1.png",
    "available": true,
    "promoUntil": null
  },
  {
    "id": "680583FLS",
    "title": "Starbucks Caffè Latte Protein Drink with Coffee 330 ml",
    "category": "Zuivel, eieren, boter",
    "price": 2.69,
    "promoPrice": null,
    "pricePerUnit": "8.15 l",
    "image": "https://www.jumbo.com/dam-images/fit-in/360x360/Products/06032025_1741267947548_1741267951780_5711953194054_1.png",
    "available": true,
    "promoUntil": null
  },
  {
    "id": "685839ZK",
    "title": "Zuivelhoeve XXL High protein Kwark Perzik - Passievrucht 205g",
    "category": "Ontbijt, broodbeleg en bakproducten",
    "price": 1.99,
    "promoPrice": null,
    "pricePerUnit": "9.71 kg",
    "image": "https://www.jumbo.com/dam-images/fit-in/360x360/Products/20092025_1758333183391_1758333186307_685839_ZK_08711399024813_C1N1.png",
    "available": true,
    "promoUntil": null
  },
  {
    "id": "675866FLS",
    "title": "Jumbo's Sla Twist Balsamico Dressing 265ML",
    "category": "Conserven, soepen, sauzen, oliën",
    "price": 2.19,
    "promoPrice": null,
    "pricePerUnit": "8.26 l",
    "image": "https://www.jumbo.com/dam-images/fit-in/360x360/Products/02042025_1743586390493_1743586394783_8718452889686_1.png",
    "available": true,
    "promoUntil": null
  },
  {
    "id": "699953DS",
    "title": "Kellogg's Oaties Cocoa Crunch 360 g",
    "category": "Ontbijt, broodbeleg en bakproducten",
    "price": 3.65,
    "promoPrice": null,
    "pricePerUnit": "10.14 kg",
    "image": "https://www.jumbo.com/dam-images/fit-in/360x360/Products/11082025_1754912036001_1754912040123_5059319035772_1.png",
    "available": true,
    "promoUntil": null
  },
  {
    "id": "703842ZK",
    "title": "Maggi Jus Stamppot Minder Zout 24 g ",
    "category": "Conserven, soepen, sauzen, oliën",
    "price": 0.89,
    "promoPrice": null,
    "pricePerUnit": "37.08 kg",
    "image": "https://www.jumbo.com/dam-images/fit-in/360x360/Products/01082025_1754040792268_1754040799473_8445291736146_1.png",
    "available": true,
    "promoUntil": null
  },
  {
    "id": "629653ZK",
    "title": "Nongshim Instant Noedelsoep Chapagetti 140g",
    "category": "Conserven, soepen, sauzen, oliën",
    "price": 1.69,
    "promoPrice": null,
    "pricePerUnit": "12.07 kg",
    "image": "https://www.jumbo.com/dam-images/fit-in/360x360/Products/15052024_1715766975431_1715766980362_629653_ZK_08801043157728_C1N1.png",
    "available": true,
    "promoUntil": null
  },
  {
    "id": "554054FLS",
    "title": "Remia Salata Fijne Kruiden Dressing 450 ml",
    "category": "Conserven, soepen, sauzen, oliën",
    "price": 1.97,
    "promoPrice": null,
    "pricePerUnit": "4.38 l",
    "image": "https://www.jumbo.com/dam-images/fit-in/360x360/Products/13062024_1718242657090_1718242661328_554054_FLS_08710448639183_C1N1.png",
    "available": true,
    "promoUntil": null
  },
  {
    "id": "648336POT",
    "title": "Servero Royal Gala Appelmoes 350g",
    "category": "Conserven, soepen, sauzen, oliën",
    "price": 1.89,
    "promoPrice": null,
    "pricePerUnit": "5.4 kg",
    "image": "https://www.jumbo.com/dam-images/fit-in/360x360/Products/13112024_1731490415574_1731490421191_4008596503925_1.png",
    "available": true,
    "promoUntil": null
  },
  {
    "id": "699923ZK",
    "title": "XXL Nutrition Instant Protein Oats Vanille 1KG",
    "category": "Ontbijt, broodbeleg en bakproducten",
    "price": 18.99,
    "promoPrice": null,
    "pricePerUnit": "18.99 kg",
    "image": "https://www.jumbo.com/dam-images/fit-in/360x360/Products/25062025_1750816652801_1750816654321_699923_ZK_08719881998734_A1L1.png",
    "available": true,
    "promoUntil": null
  },
  {
    "id": "508957DS",
    "title": "Tea of Life Goodnight Kamille, Lavendel & Valeriaan 20 Stuks 20 g",
    "category": "Koffie en thee",
    "price": 3.29,
    "promoPrice": null,
    "pricePerUnit": "0.16 pieces",
    "image": "https://www.jumbo.com/dam-images/fit-in/360x360/Products/10082023_1691677524758_1691677532612_8719375009083_1.png",
    "available": true,
    "promoUntil": null
  },
  {
    "id": "529096DS",
    "title": "Zonnatura Bio Immuun Groene Thee Matcha & Zwarte Bessmaak 20 Stuks 36 g",
    "category": "Koffie en thee",
    "price": 2.69,
    "promoPrice": null,
    "pricePerUnit": "0.13 pieces",
    "image": "https://www.jumbo.com/dam-images/fit-in/360x360/Products/09082023_1691594835111_1691594843142_8711812479244_1.png",
    "available": true,
    "promoUntil": null
  },
  {
    "id": "625097DS",
    "title": "Turtle Cocoa Crispies 300 g",
    "category": "Ontbijt, broodbeleg en bakproducten",
    "price": 3.85,
    "promoPrice": null,
    "pricePerUnit": "12.83 kg",
    "image": "https://www.jumbo.com/dam-images/fit-in/360x360/Products/542503843042435e6cb6e-f216-4111-b80e-dcdf5caa9f5d-1718089619935.png",
    "available": true,
    "promoUntil": null
  },
  {
    "id": "215797STK",
    "title": "MAGGI Smaakmaker Kippensoep 2 x 26 g",
    "category": "Conserven, soepen, sauzen, oliën",
    "price": 1.75,
    "promoPrice": null,
    "pricePerUnit": "33.65 kg",
    "image": "https://www.jumbo.com/dam-images/fit-in/360x360/Products/10032025_1741573818118_1741573834575_215797_STK_07613036665537_C1N1_s01.png",
    "available": true,
    "promoUntil": null
  },
  {
    "id": "645661CUP",
    "title": "Unox Good Potatoes Ui en Croutons 48 g",
    "category": "Conserven, soepen, sauzen, oliën",
    "price": 2.29,
    "promoPrice": null,
    "pricePerUnit": "47.71 kg",
    "image": "https://www.jumbo.com/dam-images/fit-in/360x360/Products/30032025_1743301620393_1743301659132_645661_CUP_08720182902535_H1N1.png",
    "available": true,
    "promoUntil": null
  },
  {
    "id": "683485POT",
    "title": "Ouwehand Sea You Fish Bites Mosselen in Natuurazijn 355 g",
    "category": "Conserven, soepen, sauzen, oliën",
    "price": 2.79,
    "promoPrice": null,
    "pricePerUnit": "13.95 kg",
    "image": "https://www.jumbo.com/dam-images/fit-in/360x360/Products/28032025_1743157977194_1743157985320_8710407071375_1.png",
    "available": true,
    "promoUntil": null
  },
  {
    "id": "694756ZK",
    "title": "Quaker Zero Sugar Added Granola Aardbei & Blauwe Bes 400 gr",
    "category": "Ontbijt, broodbeleg en bakproducten",
    "price": 4.15,
    "promoPrice": null,
    "pricePerUnit": "10.38 kg",
    "image": "https://www.jumbo.com/dam-images/fit-in/360x360/Products/18082025_1755516778240_1755516784838_8710398533029_1.png",
    "available": true,
    "promoUntil": null
  },
  {
    "id": "616275PAK",
    "title": "Theunisse Kokosbrood Karamel Zeezout 275 g",
    "category": "Ontbijt, broodbeleg en bakproducten",
    "price": 2.49,
    "promoPrice": null,
    "pricePerUnit": "9.05 kg",
    "image": "https://www.jumbo.com/dam-images/fit-in/360x360/Products/28032025_1743150805259_1743150813301_8710754202637_1.png",
    "available": true,
    "promoUntil": null
  },
  {
    "id": "597047STK",
    "title": "Valle Del Sole Maïsmeel voor Polenta 1 kg",
    "category": "Ontbijt, broodbeleg en bakproducten",
    "price": 2.1,
    "promoPrice": null,
    "pricePerUnit": "2.1 kg",
    "image": "https://www.jumbo.com/dam-images/fit-in/360x360/Products/8715017060023107c73182-e21e-446a-86e6-f0eeca698f3c-1700056692772.png",
    "available": true,
    "promoUntil": null
  },
  {
    "id": "388028PAK",
    "title": "Koopmans Fijne Cake Bakmix 400 g",
    "category": "Ontbijt, broodbeleg en bakproducten",
    "price": 1.87,
    "promoPrice": null,
    "pricePerUnit": "4.68 kg",
    "image": "https://www.jumbo.com/dam-images/fit-in/360x360/Products/17042025_1744855953295_1744855962656_388028_PAK_08710466299628_C1N1_s04.png",
    "available": true,
    "promoUntil": null
  },
  {
    "id": "569735DS",
    "title": "Mars Cacaopoeder 8 x 15 g",
    "category": "Koffie en thee",
    "price": 3.99,
    "promoPrice": null,
    "pricePerUnit": "0.5 pieces",
    "image": "https://www.jumbo.com/dam-images/fit-in/360x360/Products/15082025_1755223484671_1755223498108_569735_DS_05056357909591_C1N1.png",
    "available": true,
    "promoUntil": null
  },
  {
    "id": "624001POT",
    "title": "Smaakt Biologisch Wijnsteenbakpoeder 150 g",
    "category": "Ontbijt, broodbeleg en bakproducten",
    "price": 3.95,
    "promoPrice": null,
    "pricePerUnit": "26.33 kg",
    "image": "https://www.jumbo.com/dam-images/fit-in/360x360/Products/12122024_1734017663944_1734017669672_8719153003050_1.png",
    "available": true,
    "promoUntil": null
  },
  {
    "id": "616277POT",
    "title": "Veggie Spread & Dip Original Hummus 270 g",
    "category": "Ontbijt, broodbeleg en bakproducten",
    "price": 2.99,
    "promoPrice": null,
    "pricePerUnit": "11.07 kg",
    "image": "https://www.jumbo.com/dam-images/fit-in/360x360/Products/05062024_1717587251228_1717587258841_8720604473599_1.png",
    "available": true,
    "promoUntil": null
  },
  {
    "id": "643790BUS",
    "title": "TooTea Perzik & Abrikoos Bio Vanaf 6 Maanden 100 g",
    "category": "Koffie en thee",
    "price": 9.95,
    "promoPrice": null,
    "pricePerUnit": "99.5 kg",
    "image": "https://www.jumbo.com/dam-images/fit-in/360x360/Products/31102024_1730388786253_1730388795025_8721225490040_1.png",
    "available": true,
    "promoUntil": null
  },
  {
    "id": "160098ZK",
    "title": "Zonnatura Bio Boekweitwafels met Quinoa & Lijnzaad 100 g",
    "category": "Ontbijt, broodbeleg en bakproducten",
    "price": 1.97,
    "promoPrice": null,
    "pricePerUnit": "19.7 kg",
    "image": "https://www.jumbo.com/dam-images/fit-in/360x360/Products/15092025_1757943177471_1757943182139_8711812417901_1.png",
    "available": true,
    "promoUntil": null
  },
  {
    "id": "124775POT",
    "title": "Kühne Piccalilly Zoetzuur 690 g",
    "category": "Conserven, soepen, sauzen, oliën",
    "price": 1.87,
    "promoPrice": null,
    "pricePerUnit": "2.71 kg",
    "image": "https://www.jumbo.com/dam-images/fit-in/360x360/Products/08082025_1754615310416_1754615321659_124775_POT_00000040198484_C1N1.png",
    "available": true,
    "promoUntil": null
  },
  {
    "id": "621143DSL",
    "title": "Quaker Cruesli Cookies & Cream Voordeelverpakking 4 x 850 gr",
    "category": "Ontbijt, broodbeleg en bakproducten",
    "price": 23.72,
    "promoPrice": null,
    "pricePerUnit": "6.98 kg",
    "image": "https://www.jumbo.com/dam-images/fit-in/360x360/Products/621143DSL1cb286bae-45ad-426b-af84-006733a93336-1717402804186.png",
    "available": true,
    "promoUntil": null
  },
  {
    "id": "582438PAK",
    "title": "Peijnenburg ontbijtkoek naturel zonder toegevoegde suikers gesneden 9 plakjes",
    "category": "Ontbijt, broodbeleg en bakproducten",
    "price": 2.17,
    "promoPrice": null,
    "pricePerUnit": "8.19 kg",
    "image": "https://www.jumbo.com/dam-images/fit-in/360x360/Products/07012025_1736216613638_1736216615881_582438_PAK_08710397191534_C1N1.png",
    "available": true,
    "promoUntil": null
  },
  {
    "id": "682114FLS",
    "title": "Remia Salata Botanicals Citrus 300 ML",
    "category": "Conserven, soepen, sauzen, oliën",
    "price": 2.29,
    "promoPrice": null,
    "pricePerUnit": "7.63 l",
    "image": "https://www.jumbo.com/dam-images/fit-in/360x360/Products/25022025_1740476532064_1740476546063_682114_FLS_08710448641902_C1N1.png",
    "available": true,
    "promoUntil": null
  },
  {
    "id": "163394PAK",
    "title": "Saimin Japanse Bamie met Krabsmaak 85 g",
    "category": "Conserven, soepen, sauzen, oliën",
    "price": 1.19,
    "promoPrice": null,
    "pricePerUnit": "14.0 kg",
    "image": "https://www.jumbo.com/dam-images/fit-in/360x360/Products/12122024_1734014400675_1734014408569_71093110310_1.png",
    "available": true,
    "promoUntil": null
  },
  {
    "id": "576727DS",
    "title": "Kellogg's Honey Pops ontbijtgranen 330 g",
    "category": "Ontbijt, broodbeleg en bakproducten",
    "price": 3.55,
    "promoPrice": null,
    "pricePerUnit": "10.76 kg",
    "image": "https://www.jumbo.com/dam-images/fit-in/360x360/Products/23092025_1758600410413_1758600415275_576727_DS_05059319023731_A1N1.png",
    "available": true,
    "promoUntil": null
  },
  {
    "id": "563263FLS",
    "title": "Kikkoman Kimchi Spicy Chili Sauce 300 g",
    "category": "Conserven, soepen, sauzen, oliën",
    "price": 5.59,
    "promoPrice": null,
    "pricePerUnit": "18.63 kg",
    "image": "https://www.jumbo.com/dam-images/fit-in/360x360/Products/24102024_1729738680119_1729738690008_563263_FLS_08715035570306_C1N1.png",
    "available": true,
    "promoUntil": null
  },
  {
    "id": "511839POT",
    "title": "Maille Grove Mosterd met Witte Wijn 210 g",
    "category": "Conserven, soepen, sauzen, oliën",
    "price": 2.99,
    "promoPrice": null,
    "pricePerUnit": "14.24 kg",
    "image": "https://www.jumbo.com/dam-images/fit-in/360x360/Products/08122023_1702015476108_1702015486112_511839_POT_03036810207589_C1N1.png",
    "available": true,
    "promoUntil": null
  },
  {
    "id": "706892STK",
    "title": "Rio Mare Tonijnmoot in Olijfolie MSC 120 g",
    "category": "Conserven, soepen, sauzen, oliën",
    "price": 4.74,
    "promoPrice": null,
    "pricePerUnit": "39.5 kg",
    "image": "https://www.jumbo.com/dam-images/fit-in/360x360/Products/16082025_1755306371757_1755306380897_706892_STK_08004030271777_A1N1.png",
    "available": true,
    "promoUntil": null
  },
  {
    "id": "472615FLS",
    "title": "NXT Level Strawberry Flavor Protein Shake 330 ml",
    "category": "Ontbijt, broodbeleg en bakproducten",
    "price": 2.25,
    "promoPrice": null,
    "pricePerUnit": "6.82 l",
    "image": "https://www.jumbo.com/dam-images/fit-in/360x360/Products/25012025_1737776154808_1737776160615_472615_FLS_08720589887794_C1N1.png",
    "available": true,
    "promoUntil": null
  },
  {
    "id": "674155ZK",
    "title": "Jumbo Zaden en Pitten Mix 250 g",
    "category": "Ontbijt, broodbeleg en bakproducten",
    "price": 3.0,
    "promoPrice": null,
    "pricePerUnit": "12.0 kg",
    "image": "https://www.jumbo.com/dam-images/fit-in/360x360/Products/14042025_1744644770065_1744644776245_8718452870752_1.png",
    "available": true,
    "promoUntil": null
  },
  {
    "id": "623972POT",
    "title": "Smaakt Bio Zwarte Bonen 350 g",
    "category": "Conserven, soepen, sauzen, oliën",
    "price": 2.19,
    "promoPrice": null,
    "pricePerUnit": "6.26 kg",
    "image": "https://www.jumbo.com/dam-images/fit-in/360x360/Products/12082025_1755001992933_1755002000139_8718469776955_1.png",
    "available": true,
    "promoUntil": null
  },
  {
    "id": "447916PAK",
    "title": "Koopmans Tarwegriesmeel Naturel 500 g",
    "category": "Ontbijt, broodbeleg en bakproducten",
    "price": 1.45,
    "promoPrice": null,
    "pricePerUnit": "2.9 kg",
    "image": "https://www.jumbo.com/dam-images/fit-in/360x360/Products/17042025_1744854686337_1744854692091_447916_PAK_08710466314321_C1N1_s02.png",
    "available": true,
    "promoUntil": null
  },
  {
    "id": "421055DS",
    "title": "L'OR Espresso Pumpkin Spice Smaak Koffiecups 10 Stuks",
    "category": "Koffie en thee",
    "price": 4.19,
    "promoPrice": null,
    "pricePerUnit": "0.42 pieces",
    "image": "https://www.jumbo.com/dam-images/fit-in/360x360/Products/15092025_1757932448653_1757932453735_8711000581049_1.png",
    "available": false,
    "promoUntil": null
  },
  {
    "id": "583144ZK",
    "title": "Specialty Brasil Yellow Bourbon Filter Coffee Dark 250 g",
    "category": "Koffie en thee",
    "price": 5.55,
    "promoPrice": null,
    "pricePerUnit": "22.2 kg",
    "image": "https://www.jumbo.com/dam-images/fit-in/360x360/Products/19122023_1703000123371_1703000128330_8721008207117_1.png",
    "available": true,
    "promoUntil": null
  },
  {
    "id": "356962DS",
    "title": "Quaker Cruesli Multifruit Ontbijtgranen 450 gr",
    "category": "Ontbijt, broodbeleg en bakproducten",
    "price": 3.5,
    "promoPrice": null,
    "pricePerUnit": "7.78 kg",
    "image": "https://www.jumbo.com/dam-images/fit-in/360x360/Products/05062025_1749137566782_1749137574890_8710398517029_1.png",
    "available": true,
    "promoUntil": null
  },
  {
    "id": "547047TUB",
    "title": "Zaanse Veganaise tube 170 ml",
    "category": "Conserven, soepen, sauzen, oliën",
    "price": 1.59,
    "promoPrice": null,
    "pricePerUnit": "9.35 l",
    "image": "https://www.jumbo.com/dam-images/fit-in/360x360/Products/17012024_1705472140254_1705472143345_547047_TUB_08710716083441_C1N1.png",
    "available": true,
    "promoUntil": null
  },
  {
    "id": "158101STK",
    "title": "Zonnatura Bio Theïnevrij Zwarte Thee 20 Stuks",
    "category": "Koffie en thee",
    "price": 2.59,
    "promoPrice": null,
    "pricePerUnit": "0.13 pieces",
    "image": "https://www.jumbo.com/dam-images/fit-in/360x360/Products/08122023_1702001561629_1702001565971_158101_STK_08711812407995_C1N1.png",
    "available": true,
    "promoUntil": null
  },
  {
    "id": "428487FLS",
    "title": "Remia Salata Truffel Dressing 250 ml",
    "category": "Conserven, soepen, sauzen, oliën",
    "price": 1.5,
    "promoPrice": null,
    "pricePerUnit": "6.0 l",
    "image": "https://www.jumbo.com/dam-images/fit-in/360x360/Products/14022024_1707873434582_1707873440471_8710448637059_1.png",
    "available": true,
    "promoUntil": null
  },
  {
    "id": "646526ZK",
    "title": "Jumbo's Dark Roast Brasil Zoetig & Rijk 500 g",
    "category": "Koffie en thee",
    "price": 11.79,
    "promoPrice": null,
    "pricePerUnit": "23.58 kg",
    "image": "https://www.jumbo.com/dam-images/fit-in/360x360/Products/12122024_1734003202462_1734003208819_8718452850181_1.png",
    "available": true,
    "promoUntil": null
  },
  {
    "id": "629655ZK",
    "title": "Nongshim Shin Ramyun Black 130 g",
    "category": "Conserven, soepen, sauzen, oliën",
    "price": 2.09,
    "promoPrice": null,
    "pricePerUnit": "16.08 kg",
    "image": "https://www.jumbo.com/dam-images/fit-in/360x360/Products/28032025_1743157993331_1743158002681_8801043060226_1.png",
    "available": true,
    "promoUntil": null
  },
  {
    "id": "161038FLS",
    "title": "Pietro Coricelli Olio di Oliva 500 ml",
    "category": "Conserven, soepen, sauzen, oliën",
    "price": 7.59,
    "promoPrice": null,
    "pricePerUnit": "15.18 l",
    "image": "https://www.jumbo.com/dam-images/fit-in/360x360/Products/15072025_1752568384243_1752568388215_8004275084651_1.png",
    "available": true,
    "promoUntil": null
  },
  {
    "id": "695887FLS",
    "title": "Melitta Anti Calc Bio Liquid Descaler Multi Usage ECOCERT 250 ml",
    "category": "Koffie en thee",
    "price": 5.95,
    "promoPrice": null,
    "pricePerUnit": "23.8 l",
    "image": "https://www.jumbo.com/dam-images/fit-in/360x360/Products/19092025_1758281652087_1758281655279_4006508217700_1.png",
    "available": true,
    "promoUntil": null
  },
  {
    "id": "549591DS",
    "title": "PICKWICK HERBAL Day to Night Variatiebox",
    "category": "Koffie en thee",
    "price": 2.39,
    "promoPrice": null,
    "pricePerUnit": "0.12 pieces",
    "image": "https://www.jumbo.com/dam-images/fit-in/360x360/Products/25032024_1711381525548_1711381530245_8711000704608_1.png",
    "available": true,
    "promoUntil": null
  },
  {
    "id": "611047BLK",
    "title": "Ribeira Makreelfilets in Zonnebloemolie 125 g",
    "category": "Conserven, soepen, sauzen, oliën",
    "price": 1.55,
    "promoPrice": null,
    "pricePerUnit": "17.22 kg",
    "image": "https://www.jumbo.com/dam-images/fit-in/360x360/Products/09102024_1728470047333_1728470054268_8429583020199_1.png",
    "available": true,
    "promoUntil": null
  },
  {
    "id": "388608DS",
    "title": "Rocky Rice Gluten Free Raspberry Rice Bar 5 x 18 g",
    "category": "Koek, snoep, chocolade en chips",
    "price": 1.99,
    "promoPrice": null,
    "pricePerUnit": "22.11 kg",
    "image": "https://www.jumbo.com/dam-images/fit-in/360x360/Products/25052024_1716604270827_1716604283022_388608_DS_08606012186040_C1N1.png",
    "available": true,
    "promoUntil": null
  },
  {
    "id": "683941DS",
    "title": "Starbucks® White Mocha Oploskoffie Sticks 5 Stuks",
    "category": "Koffie en thee",
    "price": 3.49,
    "promoPrice": null,
    "pricePerUnit": "0.7 pieces",
    "image": "https://www.jumbo.com/dam-images/fit-in/360x360/Products/06052025_1746559968463_1746559972840_8445290224637_1.png",
    "available": true,
    "promoUntil": null
  },
  {
    "id": "594359DS",
    "title": "twinings kamille 20st",
    "category": "Koffie en thee",
    "price": 4.29,
    "promoPrice": null,
    "pricePerUnit": "0.21 pieces",
    "image": "https://www.jumbo.com/dam-images/fit-in/360x360/Products/04092025_1756950736465_1756950740407_594359_DS_.png",
    "available": true,
    "promoUntil": null
  },
  {
    "id": "270251STK",
    "title": "Koopmans Kwarkcake 400 g",
    "category": "Ontbijt, broodbeleg en bakproducten",
    "price": 1.95,
    "promoPrice": null,
    "pricePerUnit": "4.88 kg",
    "image": "https://www.jumbo.com/dam-images/fit-in/360x360/Products/24092025_1758679167642_1758679176801_270251_STK_08710466292926_C1N1_s03.png",
    "available": true,
    "promoUntil": null
  },
  {
    "id": "701322ZK",
    "title": "PerfectTed Vanilla Matcha Pods 10 Stuks",
    "category": "Koffie en thee",
    "price": 6.49,
    "promoPrice": null,
    "pricePerUnit": "129.8 kg",
    "image": "https://www.jumbo.com/dam-images/fit-in/360x360/Products/27052025_1748341366824_1748341367344_701322_ZK_05060941970492_A1N1.png",
    "available": true,
    "promoUntil": null
  },
  {
    "id": "648670FLS",
    "title": "Ponti Aceto Balsamico di Modena Spray 250ml",
    "category": "Conserven, soepen, sauzen, oliën",
    "price": 5.49,
    "promoPrice": null,
    "pricePerUnit": "21.96 l",
    "image": "https://www.jumbo.com/dam-images/fit-in/360x360/Products/02092024_1725284390924_1725284393021_648670_FLS_08001010050582_C1N1.png",
    "available": true,
    "promoUntil": null
  },
  {
    "id": "577348CUP",
    "title": "Starbucks Chilled Coffee Caramel Macchiato ijskoffie 330ml",
    "category": "Zuivel, eieren, boter",
    "price": 2.99,
    "promoPrice": null,
    "pricePerUnit": "9.06 l",
    "image": "https://www.jumbo.com/dam-images/fit-in/360x360/Products/13082025_1755050523825_1755050525867_577348_CUP_05711953117879_C1N1.png",
    "available": true,
    "promoUntil": null
  },
  {
    "id": "687313ZK",
    "title": "Wester Ruwe Rietsuiker 750 g",
    "category": "Koffie en thee",
    "price": 2.17,
    "promoPrice": null,
    "pricePerUnit": "2.89 kg",
    "image": "https://www.jumbo.com/dam-images/fit-in/360x360/Products/19032025_1742412766387_1742412771950_8710437009621_1.png",
    "available": true,
    "promoUntil": null
  },
  {
    "id": "687663DS",
    "title": "Leentjes Bakmix Regenboog Taart Pret 300 g",
    "category": "Ontbijt, broodbeleg en bakproducten",
    "price": 5.77,
    "promoPrice": null,
    "pricePerUnit": "19.23 kg",
    "image": "https://www.jumbo.com/dam-images/fit-in/360x360/Products/13052025_1747100565985_1747100567526_687663_DS_08721082491730_A1N1.png",
    "available": true,
    "promoUntil": null
  },
  {
    "id": "489090DS",
    "title": "Koopmans Speculaas koekjespakket bakmix voor Sinterklaas 200 g",
    "category": "Ontbijt, broodbeleg en bakproducten",
    "price": 2.59,
    "promoPrice": null,
    "pricePerUnit": "12.95 kg",
    "image": "https://www.jumbo.com/dam-images/fit-in/360x360/Products/17042025_1744861134203_1744861140349_489090_DS_08710466316325_C1N1_s02.png",
    "available": true,
    "promoUntil": null
  },
  {
    "id": "632000FLS",
    "title": "NXT Level Lemon Lime Flavour Pre-Workout Shot 60 ml ",
    "category": "Ontbijt, broodbeleg en bakproducten",
    "price": 2.25,
    "promoPrice": null,
    "pricePerUnit": "37.5 l",
    "image": "https://www.jumbo.com/dam-images/fit-in/360x360/Products/16042025_1744774210380_1744774215133_632000_FLS_08720828215203_C1N1.png",
    "available": true,
    "promoUntil": null
  },
  {
    "id": "215745FLS",
    "title": "Pietro Coricelli Olio Extra Vergine di Oliva 750 ml",
    "category": "Conserven, soepen, sauzen, oliën",
    "price": 11.49,
    "promoPrice": null,
    "pricePerUnit": "15.32 l",
    "image": "https://www.jumbo.com/dam-images/fit-in/360x360/Products/09082023_1691585026680_1691585040879_8004275001092_1.png",
    "available": true,
    "promoUntil": null
  },
  {
    "id": "568651BLK",
    "title": "Unox Knakworst Magere Party Knaks 400 g",
    "category": "Conserven, soepen, sauzen, oliën",
    "price": 4.94,
    "promoPrice": null,
    "pricePerUnit": "12.35 kg",
    "image": "https://www.jumbo.com/dam-images/fit-in/360x360/Products/30102024_1730257515401_1730257529538_568651_BLK_08720182687777_C1N1.png",
    "available": true,
    "promoUntil": null
  },
  {
    "id": "517872PAK",
    "title": "Theunisse Kokoshagel Speculoos Limited Edition 275 g",
    "category": "Ontbijt, broodbeleg en bakproducten",
    "price": 2.49,
    "promoPrice": null,
    "pricePerUnit": "9.05 kg",
    "image": "https://www.jumbo.com/dam-images/fit-in/360x360/Products/04102023_1696391328210_1696391329622_517872_PAK_08710754202293_C1N1_0222_s01.png",
    "available": true,
    "promoUntil": null
  },
  {
    "id": "717422FLS",
    "title": "Upfront Eiwit Limonade Granaatappel 500ML",
    "category": "Zuivel, eieren, boter",
    "price": 2.49,
    "promoPrice": null,
    "pricePerUnit": "4.98 l",
    "image": "https://www.jumbo.com/dam-images/fit-in/360x360/Products/26062025_1750927163085_1750927164938_706760_FLS_08720986892698_A1N1.png",
    "available": true,
    "promoUntil": null
  },
  {
    "id": "94980FLS",
    "title": "Zeisner Curry Ketchup 800 ml",
    "category": "Conserven, soepen, sauzen, oliën",
    "price": 4.49,
    "promoPrice": null,
    "pricePerUnit": "5.61 l",
    "image": "https://www.jumbo.com/dam-images/fit-in/360x360/Products/10082023_1691678380858_1691678382092_4003879110029_1.png",
    "available": true,
    "promoUntil": null
  },
  {
    "id": "685869PAK",
    "title": "Ísey Skyr Drink Framboos-Granaatappel 1 L",
    "category": "Zuivel, eieren, boter",
    "price": 2.99,
    "promoPrice": null,
    "pricePerUnit": "2.99 l",
    "image": "https://www.jumbo.com/dam-images/fit-in/360x360/Products/14082025_1755160394092_1755160397752_5690845003455_1.png",
    "available": true,
    "promoUntil": null
  },
  {
    "id": "679775ZK",
    "title": "Jumbo's Spaanse Stijl Chorizo Soep 570ML",
    "category": "Conserven, soepen, sauzen, oliën",
    "price": 2.89,
    "promoPrice": null,
    "pricePerUnit": "5.07 l",
    "image": "https://www.jumbo.com/dam-images/fit-in/360x360/Products/08052025_1746714771179_1746714790190_8718452873401_596.png",
    "available": true,
    "promoUntil": null
  },
  {
    "id": "472614FLS",
    "title": "NXT Level Banana Flavor Protein Shake 330 ml",
    "category": "Ontbijt, broodbeleg en bakproducten",
    "price": 2.33,
    "promoPrice": null,
    "pricePerUnit": "7.06 l",
    "image": "https://www.jumbo.com/dam-images/fit-in/360x360/Products/01022025_1738385120464_1738385125509_472614_FLS_08720589887817_C1N1.png",
    "available": true,
    "promoUntil": null
  },
  {
    "id": "603785FLS",
    "title": "Rimboesauzen Katjangsaus 500ml",
    "category": "Conserven, soepen, sauzen, oliën",
    "price": 2.99,
    "promoPrice": null,
    "pricePerUnit": "5.98 l",
    "image": "https://www.jumbo.com/dam-images/fit-in/360x360/Products/8716769000114125f065f1bbcf408c45d5c6b3-d89d-4142-b783-2996b150cc39-1705063666266.png",
    "available": true,
    "promoUntil": null
  },
  {
    "id": "184290STK",
    "title": "Oatly The Original Haver Cuisine Bio 250 ml",
    "category": "Zuivel, eieren, boter",
    "price": 1.59,
    "promoPrice": null,
    "pricePerUnit": "6.36 l",
    "image": "https://www.jumbo.com/dam-images/fit-in/360x360/Products/14062025_1749868020724_1749868028545_184290_STK_07394376615931_C1N1.png",
    "available": true,
    "promoUntil": null
  },
  {
    "id": "672879FLS",
    "title": "Jumbo's Sla Twist Pesto Smaak Dressing 265ML",
    "category": "Conserven, soepen, sauzen, oliën",
    "price": 2.19,
    "promoPrice": null,
    "pricePerUnit": "8.26 l",
    "image": "https://www.jumbo.com/dam-images/fit-in/360x360/Products/02042025_1743582812812_1743582817699_8718452889709_1.png",
    "available": true,
    "promoUntil": null
  },
  {
    "id": "705768DS",
    "title": "Lavazza Qualità Rossa Maxi Pack 30 stuks",
    "category": "Koffie en thee",
    "price": 12.79,
    "promoPrice": null,
    "pricePerUnit": "0.43 pieces",
    "image": "https://www.jumbo.com/dam-images/fit-in/360x360/Products/19062025_1750325156719_1750325164459_705768_DS_08000070053847_C1N1.png",
    "available": true,
    "promoUntil": null
  },
  {
    "id": "678509POT",
    "title": "Roots Thee Gember Puur 220g",
    "category": "Koffie en thee",
    "price": 5.49,
    "promoPrice": null,
    "pricePerUnit": "23.36 l",
    "image": "https://www.jumbo.com/dam-images/fit-in/360x360/Products/20022025_1740021826150_1740021830282_678509_POT_08711271118142_C1N1.png",
    "available": true,
    "promoUntil": null
  },
  {
    "id": "625106DS",
    "title": "Turtle Color Loops 300 g",
    "category": "Ontbijt, broodbeleg en bakproducten",
    "price": 4.99,
    "promoPrice": null,
    "pricePerUnit": "16.63 kg",
    "image": "https://www.jumbo.com/dam-images/fit-in/360x360/Products/17062024_1718613194687_1718613204739_5425038430387_1.png",
    "available": true,
    "promoUntil": null
  },
  {
    "id": "685857PAK",
    "title": "Ísey Skyr Drink Perzik 1 L",
    "category": "Zuivel, eieren, boter",
    "price": 2.99,
    "promoPrice": null,
    "pricePerUnit": "2.99 l",
    "image": "https://www.jumbo.com/dam-images/fit-in/360x360/Products/14082025_1755160393937_1755160399235_5690845003127_596.png",
    "available": true,
    "promoUntil": null
  },
  {
    "id": "708603PAK",
    "title": "Upfront Eiwitreep Cripsy Witte Choco Framboos 50g",
    "category": "Ontbijt, broodbeleg en bakproducten",
    "price": 2.49,
    "promoPrice": 1.86,
    "pricePerUnit": "37.2 kg",
    "image": "https://www.jumbo.com/dam-images/fit-in/360x360/Products/07072025_1751894851281_1751894854299_708603_PAK_08720986894500_A1N1.png",
    "available": true,
    "promoUntil": "di 7 okt"
  },
  {
    "id": "628618STK",
    "title": "Jumbo runder bouillonblokjes 3 x 12 stuks",
    "category": "Conserven, soepen, sauzen, oliën",
    "price": 1.68,
    "promoPrice": null,
    "pricePerUnit": "None None",
    "image": "https://www.jumbo.com/dam-images/fit-in/360x360/Products/628618STK765c919c-5387-4e83-962f-341445548166-1745827546187.png",
    "available": true,
    "promoUntil": null
  },
  {
    "id": "464832STK",
    "title": "Raw Organic Food Raw Cracker Zaden Pitten 125 g",
    "category": "Ontbijt, broodbeleg en bakproducten",
    "price": 5.39,
    "promoPrice": null,
    "pricePerUnit": "43.12 kg",
    "image": "https://www.jumbo.com/dam-images/fit-in/360x360/Products/20082025_1755689634398_1755689641982_8718924016930_1.png",
    "available": true,
    "promoUntil": null
  },
  {
    "id": "638127ZK",
    "title": "Smaakt Bio Speltmuesli Extra 475 g",
    "category": "Ontbijt, broodbeleg en bakproducten",
    "price": 4.45,
    "promoPrice": null,
    "pricePerUnit": "9.37 kg",
    "image": "https://www.jumbo.com/dam-images/fit-in/360x360/Products/04042025_1743773585754_1743773590546_8719153022624_1.png",
    "available": true,
    "promoUntil": null
  },
  {
    "id": "699362ZK",
    "title": "Upfront Creatine Tabletten Citroen 63g",
    "category": "Ontbijt, broodbeleg en bakproducten",
    "price": 3.95,
    "promoPrice": null,
    "pricePerUnit": "62.7 kg",
    "image": "https://www.jumbo.com/dam-images/fit-in/360x360/Products/16052025_1747380483097_1747380485906_699362_ZK_08720986890373_C1N1.png",
    "available": true,
    "promoUntil": null
  },
  {
    "id": "446540DS",
    "title": "Oreo O's Cereal 350 g",
    "category": "Ontbijt, broodbeleg en bakproducten",
    "price": 4.84,
    "promoPrice": null,
    "pricePerUnit": "13.83 kg",
    "image": "https://www.jumbo.com/dam-images/fit-in/360x360/Products/21092024_1726881214885_1726881242931_446540_DS_05010029227062_C1N1.png",
    "available": true,
    "promoUntil": null
  },
  {
    "id": "79860ZK",
    "title": "Wijko Satésaus Kruidig Kant en Klaar 250 g",
    "category": "Conserven, soepen, sauzen, oliën",
    "price": 2.49,
    "promoPrice": null,
    "pricePerUnit": "9.96 kg",
    "image": "https://www.jumbo.com/dam-images/fit-in/360x360/Products/17042025_1744858362066_1744858369836_79860_ZK_08718053070322_H1N1.png",
    "available": true,
    "promoUntil": null
  },
  {
    "id": "565890STK",
    "title": "Yum Yum Instant Noedels Eendsmaak 4 x 60 g",
    "category": "Conserven, soepen, sauzen, oliën",
    "price": 2.6,
    "promoPrice": null,
    "pricePerUnit": "None None",
    "image": "https://www.jumbo.com/dam-images/fit-in/360x360/Products/565890_20221973_1_T1_565890STK1691078346475.png",
    "available": true,
    "promoUntil": null
  },
  {
    "id": "443517POT",
    "title": "Kesbeke Amsterdamse Piccalilly 495 g",
    "category": "Conserven, soepen, sauzen, oliën",
    "price": 2.75,
    "promoPrice": null,
    "pricePerUnit": "5.56 kg",
    "image": "https://www.jumbo.com/dam-images/fit-in/360x360/Products/14022024_1707872754094_1707872767971_8711271115998_1.png",
    "available": true,
    "promoUntil": null
  },
  {
    "id": "646919STK",
    "title": "Melkunie griesmeel pap 4 x 1l",
    "category": "Zuivel, eieren, boter",
    "price": 9.16,
    "promoPrice": null,
    "pricePerUnit": "None None",
    "image": "https://www.jumbo.com/dam-images/fit-in/360x360/Products/646919STK15dc983be-3467-4e9e-853b-583f3ec21a9e-1745827985571.png",
    "available": true,
    "promoUntil": null
  },
  {
    "id": "448046ZK",
    "title": "Unox Smaakfavoriet Soep in Zak Vegetarische Kippen 570 ml",
    "category": "Conserven, soepen, sauzen, oliën",
    "price": 4.99,
    "promoPrice": null,
    "pricePerUnit": "8.75 l",
    "image": "https://www.jumbo.com/dam-images/fit-in/360x360/Products/17052025_1747449456546_1747449498518_448046_ZK_08720182108142_H1N1.png",
    "available": true,
    "promoUntil": null
  },
  {
    "id": "575258POT",
    "title": "MAGGI Slow Cooked Bouillon Rund 133 ml",
    "category": "Conserven, soepen, sauzen, oliën",
    "price": 1.95,
    "promoPrice": null,
    "pricePerUnit": "12.19 kg",
    "image": "https://www.jumbo.com/dam-images/fit-in/360x360/Products/14092024_1726279979288_1726280013068_575258_POT_08445290715074_H1N1_s01.png",
    "available": true,
    "promoUntil": null
  },
  {
    "id": "458496ZK",
    "title": "SweetLife Xylitol Suikervervanger 500 g",
    "category": "Koffie en thee",
    "price": 4.99,
    "promoPrice": null,
    "pricePerUnit": "9.98 kg",
    "image": "https://www.jumbo.com/dam-images/fit-in/360x360/Products/30092023_1696043883651_1696043886939_458496_ZK_07640122995629_C1N1.png",
    "available": true,
    "promoUntil": null
  },
  {
    "id": "455897DS",
    "title": "Leentjes Anijs Pret 200 g",
    "category": "Ontbijt, broodbeleg en bakproducten",
    "price": 2.39,
    "promoPrice": null,
    "pricePerUnit": "11.95 kg",
    "image": "https://www.jumbo.com/dam-images/fit-in/360x360/Products/30102024_1730255193832_1730255198339_455897_DS_08720165942442_C1N1.png",
    "available": true,
    "promoUntil": null
  },
  {
    "id": "672881FLS",
    "title": "Limmi Lemon 125 ml",
    "category": "Conserven, soepen, sauzen, oliën",
    "price": 1.15,
    "promoPrice": null,
    "pricePerUnit": "9.2 l",
    "image": "https://www.jumbo.com/dam-images/fit-in/360x360/Products/13012025_1736757726761_1736757731907_672881_FLS_08020542110113_C1N1.png",
    "available": true,
    "promoUntil": null
  },
  {
    "id": "661084BLK",
    "title": "Volendam Exclusief Vissoep 480ml",
    "category": "Conserven, soepen, sauzen, oliën",
    "price": 4.99,
    "promoPrice": null,
    "pricePerUnit": "10.4 l",
    "image": "https://www.jumbo.com/dam-images/fit-in/360x360/Products/05112024_1730807851721_1730807857416_661084_BLK_08710879002587_C1N1.png",
    "available": true,
    "promoUntil": null
  },
  {
    "id": "703385RP",
    "title": "XXL Crunchy Protein Bar Coconut 60g",
    "category": "Ontbijt, broodbeleg en bakproducten",
    "price": 2.49,
    "promoPrice": 1.86,
    "pricePerUnit": "31.0 kg",
    "image": "https://www.jumbo.com/dam-images/fit-in/360x360/Products/08719881033701C3N120aab9e8-3762-4e84-95b7-2baa0ca2abe5-1750409930713.png",
    "available": true,
    "promoUntil": "di 7 okt"
  },
  {
    "id": "699952DS",
    "title": "Kellogg's Oaties Original Crunch 360 g",
    "category": "Ontbijt, broodbeleg en bakproducten",
    "price": 3.65,
    "promoPrice": null,
    "pricePerUnit": "10.14 kg",
    "image": "https://www.jumbo.com/dam-images/fit-in/360x360/Products/11082025_1754912034926_1754912038549_5059319035680_1.png",
    "available": true,
    "promoUntil": null
  },
  {
    "id": "446564POT",
    "title": "Marne Pittige Mosterd Grove 250 g",
    "category": "Conserven, soepen, sauzen, oliën",
    "price": 1.99,
    "promoPrice": null,
    "pricePerUnit": "7.96 kg",
    "image": "https://www.jumbo.com/dam-images/fit-in/360x360/Products/17042024_1713360847299_1713360853869_8710638003268_1.png",
    "available": true,
    "promoUntil": null
  },
  {
    "id": "703585FLS",
    "title": "Mayoneur Sweet Chili Sesame Mayo 250ml",
    "category": "Conserven, soepen, sauzen, oliën",
    "price": 2.49,
    "promoPrice": null,
    "pricePerUnit": "9.96 l",
    "image": "https://www.jumbo.com/dam-images/fit-in/360x360/Products/23092025_1758599937821_1758599941107_703585_FLS_08720589845862_C1N1.png",
    "available": true,
    "promoUntil": null
  },
  {
    "id": "356342CUP",
    "title": "Nissin Cup Noodles Asian Style Soup Tasty Chicken 63 g",
    "category": "Conserven, soepen, sauzen, oliën",
    "price": 1.95,
    "promoPrice": null,
    "pricePerUnit": "30.95 kg",
    "image": "https://www.jumbo.com/dam-images/fit-in/360x360/Products/29052025_1748482811106_1748482816396_356342_CUP_05997523313005_C1N1.png",
    "available": true,
    "promoUntil": null
  },
  {
    "id": "676551DS",
    "title": "Original Wholegrain Crackers 160 g",
    "category": "Ontbijt, broodbeleg en bakproducten",
    "price": 3.16,
    "promoPrice": null,
    "pricePerUnit": "19.75 kg",
    "image": "https://www.jumbo.com/dam-images/fit-in/360x360/Products/31012025_1738351986874_1738351993396_612322001926_1.png",
    "available": true,
    "promoUntil": null
  },
  {
    "id": "590897CUP",
    "title": "Unox Good Pasta Kaas Jalapeño 62 g",
    "category": "Conserven, soepen, sauzen, oliën",
    "price": 2.29,
    "promoPrice": null,
    "pricePerUnit": "36.94 kg",
    "image": "https://www.jumbo.com/dam-images/fit-in/360x360/Products/14082025_1755138473657_1755138529944_590897_CUP_08720182706225_C1N1.png",
    "available": true,
    "promoUntil": null
  },
  {
    "id": "648337POT",
    "title": "Servero Zoetzuur Jonagold Appelmoes 350 g",
    "category": "Conserven, soepen, sauzen, oliën",
    "price": 1.79,
    "promoPrice": null,
    "pricePerUnit": "5.11 kg",
    "image": "https://www.jumbo.com/dam-images/fit-in/360x360/Products/14102024_1728864014448_1728864023240_4008596503932_1.png",
    "available": true,
    "promoUntil": null
  },
  {
    "id": "214568ZK",
    "title": "Knorr Jacht Saus Mix 27 g",
    "category": "Conserven, soepen, sauzen, oliën",
    "price": 1.0,
    "promoPrice": null,
    "pricePerUnit": "37.04 kg",
    "image": "https://www.jumbo.com/dam-images/fit-in/360x360/Products/14042025_1744598500785_1744598549290_214568_ZK_08711200399147_H1N1.png",
    "available": true,
    "promoUntil": null
  },
  {
    "id": "509357BUS",
    "title": "Twinings Cold Infuse Watermeloen, Aardbei, Munt 10 Stuks",
    "category": "Koffie en thee",
    "price": 5.29,
    "promoPrice": null,
    "pricePerUnit": "0.53 pieces",
    "image": "https://www.jumbo.com/dam-images/fit-in/360x360/Products/Watermeloenbe587268-3461-4540-8870-736b2273b17f-1751029594307.png",
    "available": true,
    "promoUntil": null
  },
  {
    "id": "550757FLS",
    "title": "Remia Kruidige Pindasaus 250 ml",
    "category": "Conserven, soepen, sauzen, oliën",
    "price": 1.89,
    "promoPrice": null,
    "pricePerUnit": "7.56 l",
    "image": "https://www.jumbo.com/dam-images/fit-in/360x360/Products/20012025_1737339555953_1737339561850_550757_FLS_08710448639282_C1N1.png",
    "available": true,
    "promoUntil": null
  },
  {
    "id": "269996STK",
    "title": "Quaker Oats Express Havermout Proteine Naturel 302 gr",
    "category": "Ontbijt, broodbeleg en bakproducten",
    "price": 3.46,
    "promoPrice": null,
    "pricePerUnit": "11.38 kg",
    "image": "https://www.jumbo.com/dam-images/fit-in/360x360/Products/30052025_1748611966628_1748611972677_8710398512680_1.png",
    "available": true,
    "promoUntil": null
  },
  {
    "id": "464842ZK",
    "title": "Raw Organic Food Muesli Goji 500 g",
    "category": "Ontbijt, broodbeleg en bakproducten",
    "price": 4.49,
    "promoPrice": null,
    "pricePerUnit": "8.98 kg",
    "image": "https://www.jumbo.com/dam-images/fit-in/360x360/Products/09092025_1757406805154_1757406810928_8719153030490_1.png",
    "available": true,
    "promoUntil": null
  },
  {
    "id": "454586DS",
    "title": "Kellogg's Froot Loops 375 g",
    "category": "Ontbijt, broodbeleg en bakproducten",
    "price": 3.85,
    "promoPrice": null,
    "pricePerUnit": "10.27 kg",
    "image": "https://www.jumbo.com/dam-images/fit-in/360x360/Products/13082025_1755049570628_1755049586429_454586_DS_05053827110679_A1N1.png",
    "available": true,
    "promoUntil": null
  },
  {
    "id": "705759ZK",
    "title": "Lavazza Tales of Roma Bonen 250g",
    "category": "Koffie en thee",
    "price": 8.19,
    "promoPrice": null,
    "pricePerUnit": "32.76 kg",
    "image": "https://www.jumbo.com/dam-images/fit-in/360x360/Products/19062025_1750325063634_1750325072994_705759_ZK_08000070072558_C1N1.png",
    "available": true,
    "promoUntil": null
  },
  {
    "id": "611451DS",
    "title": "Leentjes Strooi Pret Confetti & Balletjes 120 g",
    "category": "Ontbijt, broodbeleg en bakproducten",
    "price": 3.95,
    "promoPrice": null,
    "pricePerUnit": "32.92 kg",
    "image": "https://www.jumbo.com/dam-images/fit-in/360x360/Products/25032024_1711381878681_1711381910709_8721082491105_1.png",
    "available": true,
    "promoUntil": null
  },
  {
    "id": "214719PAK",
    "title": "MinusL Kookroom 200 g",
    "category": "Zuivel, eieren, boter",
    "price": 1.99,
    "promoPrice": null,
    "pricePerUnit": "9.95 kg",
    "image": "https://www.jumbo.com/dam-images/fit-in/360x360/Products/15042025_1744684112243_1744684123525_214719_PAK_04062800014911_C1N1.png",
    "available": true,
    "promoUntil": null
  },
  {
    "id": "707502CUP",
    "title": "Oatly! The Original Barista Iced Macchiato Caramel Flavour 235 ml",
    "category": "Zuivel, eieren, boter",
    "price": 2.19,
    "promoPrice": null,
    "pricePerUnit": "9.32 l",
    "image": "https://www.jumbo.com/dam-images/fit-in/360x360/Products/01072025_1751394790270_1751394795585_7394376622656_1.png",
    "available": true,
    "promoUntil": null
  },
  {
    "id": "623688POT",
    "title": "Smaakt Bio Mayonaise zonder Ei 235 g",
    "category": "Conserven, soepen, sauzen, oliën",
    "price": 2.99,
    "promoPrice": null,
    "pricePerUnit": "12.72 kg",
    "image": "https://www.jumbo.com/dam-images/fit-in/360x360/Products/12122024_1734017663451_1734017668863_8718546994036_1.png",
    "available": true,
    "promoUntil": null
  },
  {
    "id": "168792DS",
    "title": "Quaker Cruesli Cookies & Cream Ontbijtgranen 450 gr",
    "category": "Ontbijt, broodbeleg en bakproducten",
    "price": 3.5,
    "promoPrice": null,
    "pricePerUnit": "7.78 kg",
    "image": "https://www.jumbo.com/dam-images/fit-in/360x360/Products/30052025_1748611966589_1748611973369_8710398505088_1.png",
    "available": true,
    "promoUntil": null
  },
  {
    "id": "623487POT",
    "title": "WeCare Flavour French Vanilla Meal Replacement Shake 436 g",
    "category": "Zuivel, eieren, boter",
    "price": 16.39,
    "promoPrice": null,
    "pricePerUnit": "37.59 kg",
    "image": "https://www.jumbo.com/dam-images/fit-in/360x360/Products/28052025_1748398467237_1748398471881_623487_POT_05410063042117_C1N1.png",
    "available": true,
    "promoUntil": null
  },
  {
    "id": "643550DS",
    "title": "Leentjes Kraak Hagel met Appel 185g",
    "category": "Ontbijt, broodbeleg en bakproducten",
    "price": 2.14,
    "promoPrice": null,
    "pricePerUnit": "11.57 kg",
    "image": "https://www.jumbo.com/dam-images/fit-in/360x360/Products/18112024_1731925976125_1731925985019_8721082491204_1.png",
    "available": true,
    "promoUntil": null
  },
  {
    "id": "648677FLS",
    "title": "Ponti Aceto Balsamico di Modena I.G.P. Invecchiato 100ml",
    "category": "Conserven, soepen, sauzen, oliën",
    "price": 3.99,
    "promoPrice": null,
    "pricePerUnit": "39.9 l",
    "image": "https://www.jumbo.com/dam-images/fit-in/360x360/Products/02092024_1725284722783_1725284724966_648677_FLS_00000080830962_C1N1.png",
    "available": true,
    "promoUntil": null
  },
  {
    "id": "498321KP",
    "title": "Royal Steensma Bigarreaux 100 g",
    "category": "Ontbijt, broodbeleg en bakproducten",
    "price": 0.98,
    "promoPrice": null,
    "pricePerUnit": "9.8 kg",
    "image": "https://www.jumbo.com/dam-images/fit-in/360x360/Products/498321_8710706608562_1_T1_498321KP1691392552949.png",
    "available": true,
    "promoUntil": null
  },
  {
    "id": "689521DS",
    "title": "Twinings Four Red Fruits Thee 50g",
    "category": "Koffie en thee",
    "price": 4.29,
    "promoPrice": null,
    "pricePerUnit": "0.17 pieces",
    "image": "https://www.jumbo.com/dam-images/fit-in/360x360/Products/f7998fb150bf46e4a5cfb6999deaddb10f26ca0d248e4135a248b8f744cfa2290401de3d-5ab0-4334-9684-9db3639f4690-1747040761444.png",
    "available": true,
    "promoUntil": null
  },
  {
    "id": "703470PAK",
    "title": "Unox Teriyaki Noodles Wrap",
    "category": "Conserven, soepen, sauzen, oliën",
    "price": 1.25,
    "promoPrice": null,
    "pricePerUnit": "16.67 kg",
    "image": "https://www.jumbo.com/dam-images/fit-in/360x360/Products/24092025_1758679701357_1758679734170_703470_PAK_08721201926105_C1N1.png",
    "available": true,
    "promoUntil": null
  },
  {
    "id": "707619EM",
    "title": "Zuivelhoeve Boer'n Yoghurt Mango Passievrucht 750 g",
    "category": "Zuivel, eieren, boter",
    "price": 3.29,
    "promoPrice": null,
    "pricePerUnit": "4.39 kg",
    "image": "https://www.jumbo.com/dam-images/fit-in/360x360/Products/02072025_1751481187625_1751481193847_8711399025278_1.png",
    "available": true,
    "promoUntil": null
  },
  {
    "id": "686423DS",
    "title": "Liga Mueslirepen Chocolade 140g",
    "category": "Ontbijt, broodbeleg en bakproducten",
    "price": 2.09,
    "promoPrice": null,
    "pricePerUnit": "14.93 kg",
    "image": "https://www.jumbo.com/dam-images/fit-in/360x360/Products/05072025_1751677520240_1751677526646_686423_DS_07622202225307_C1N1_s03.png",
    "available": true,
    "promoUntil": null
  },
  {
    "id": "633657ZK",
    "title": "Molensteen Mix voor Meergranen brood 500g",
    "category": "Ontbijt, broodbeleg en bakproducten",
    "price": 1.95,
    "promoPrice": null,
    "pricePerUnit": "3.9 kg",
    "image": "https://www.jumbo.com/dam-images/fit-in/360x360/Products/04062024_1717515805960_1717515810713_633657_ZK_08717931904889_C1N1.png",
    "available": true,
    "promoUntil": null
  },
  {
    "id": "151890DS",
    "title": "Van Gilse Bruine Kandij Fijn 500 g",
    "category": "Ontbijt, broodbeleg en bakproducten",
    "price": 2.6,
    "promoPrice": null,
    "pricePerUnit": "5.2 kg",
    "image": "https://www.jumbo.com/dam-images/fit-in/360x360/Products/09082023_1691585786472_1691585799646_8710437007245_1.png",
    "available": true,
    "promoUntil": null
  },
  {
    "id": "593109DS",
    "title": "Knorr Bouillon Kip 8 Stuks",
    "category": "Conserven, soepen, sauzen, oliën",
    "price": 1.15,
    "promoPrice": null,
    "pricePerUnit": "14.38 kg",
    "image": "https://www.jumbo.com/dam-images/fit-in/360x360/Products/153454DS13d33e1da-418a-4f4d-8682-03435e9dcb30-1707469835523.png",
    "available": true,
    "promoUntil": null
  },
  {
    "id": "517680POT",
    "title": "Kühne Zilveruien Zoetzuur 330 g",
    "category": "Conserven, soepen, sauzen, oliën",
    "price": 1.59,
    "promoPrice": null,
    "pricePerUnit": "8.37 kg",
    "image": "https://www.jumbo.com/dam-images/fit-in/360x360/Products/18092025_1758213235677_1758213242171_40737324_1.png",
    "available": true,
    "promoUntil": null
  },
  {
    "id": "669268POT",
    "title": "Jumbo's Pindakaas Karamel Zeezout 350 g",
    "category": "Ontbijt, broodbeleg en bakproducten",
    "price": 2.99,
    "promoPrice": null,
    "pricePerUnit": "8.54 kg",
    "image": "https://www.jumbo.com/dam-images/fit-in/360x360/Products/31122024_1735648371870_1735648376673_8718452861262_1.png",
    "available": true,
    "promoUntil": null
  },
  {
    "id": "18981POT",
    "title": "Kesbeke Augurken AB Natriumarm Zoetzuur 180 g",
    "category": "Conserven, soepen, sauzen, oliën",
    "price": 1.99,
    "promoPrice": null,
    "pricePerUnit": "11.06 kg",
    "image": "https://www.jumbo.com/dam-images/fit-in/360x360/Products/30082023_1693362230965_1693362233953_18981_POT_08711271101274_C1N1.png",
    "available": true,
    "promoUntil": null
  },
  {
    "id": "481237ZK",
    "title": "Senseo Extra Strong Coffee Pads 36 Stuks 250 g",
    "category": "Koffie en thee",
    "price": 6.29,
    "promoPrice": null,
    "pricePerUnit": "0.17 pieces",
    "image": "https://www.jumbo.com/dam-images/fit-in/360x360/Products/02042025_1743554013391_1743554021766_8711000341247_1.png",
    "available": true,
    "promoUntil": null
  },
  {
    "id": "633862DS",
    "title": "Starbucks Pumpkin Spice Latte Limited Edition 129g",
    "category": "Koffie en thee",
    "price": 5.49,
    "promoPrice": null,
    "pricePerUnit": "0.46 pieces",
    "image": "https://www.jumbo.com/dam-images/fit-in/360x360/Products/18062025_1750212928283_1750212951997_633862_DS_08445291097414_C1N1_s01.png",
    "available": true,
    "promoUntil": null
  },
  {
    "id": "597952CUP",
    "title": "Nongshim Shin Red Super Spicy Cup 68 g",
    "category": "Conserven, soepen, sauzen, oliën",
    "price": 1.69,
    "promoPrice": null,
    "pricePerUnit": "24.85 kg",
    "image": "https://www.jumbo.com/dam-images/fit-in/360x360/Products/01032025_1740794658469_1740794665752_597952_CUP_08801043049566_C1N1.png",
    "available": true,
    "promoUntil": null
  },
  {
    "id": "447915PAK",
    "title": "Koopmans Griesmeel Pudding Vruchten 85 g",
    "category": "Ontbijt, broodbeleg en bakproducten",
    "price": 1.45,
    "promoPrice": null,
    "pricePerUnit": "17.06 kg",
    "image": "https://www.jumbo.com/dam-images/fit-in/360x360/Products/18042025_1744940019168_1744940025690_447915_PAK_08710466312525_C1N1_s02.png",
    "available": true,
    "promoUntil": null
  },
  {
    "id": "317451DS",
    "title": "Zonnatura Biologische Thee - 100% Rooibos",
    "category": "Koffie en thee",
    "price": 2.59,
    "promoPrice": null,
    "pricePerUnit": "0.13 pieces",
    "image": "https://www.jumbo.com/dam-images/fit-in/360x360/Products/19092025_1758288802719_1758288810744_8711812423308_596.png",
    "available": true,
    "promoUntil": null
  },
  {
    "id": "710990ZK",
    "title": "Smaakt Bio Eivervanger 21 g ",
    "category": "Ontbijt, broodbeleg en bakproducten",
    "price": 1.19,
    "promoPrice": null,
    "pricePerUnit": "56.67 kg",
    "image": "https://www.jumbo.com/dam-images/fit-in/360x360/Products/24072025_1753374759331_1753374765158_8719153058029_1.png",
    "available": true,
    "promoUntil": null
  },
  {
    "id": "509122DS",
    "title": "La Place Earl Grey 15 Stuks",
    "category": "Koffie en thee",
    "price": 2.19,
    "promoPrice": null,
    "pricePerUnit": "0.15 pieces",
    "image": "https://www.jumbo.com/dam-images/fit-in/360x360/Products/09082023_1691592274871_1691592290312_8718452643875_1.png",
    "available": true,
    "promoUntil": null
  },
  {
    "id": "601631ZK",
    "title": "Lay's Dipsaus Carnaval Milde Kerriesmaak 6 gr",
    "category": "Conserven, soepen, sauzen, oliën",
    "price": 0.65,
    "promoPrice": null,
    "pricePerUnit": "108.33 kg",
    "image": "https://www.jumbo.com/dam-images/fit-in/360x360/Products/30092024_1727699587197_1727699593051_8710398529237_1.png",
    "available": true,
    "promoUntil": null
  },
  {
    "id": "269033STK",
    "title": "Maggi Basis voor Soep Kip 485 ml",
    "category": "Conserven, soepen, sauzen, oliën",
    "price": 2.89,
    "promoPrice": null,
    "pricePerUnit": "5.96 l",
    "image": "https://www.jumbo.com/dam-images/fit-in/360x360/Products/14022024_1707872838528_1707872847373_7613036951333_1.png",
    "available": true,
    "promoUntil": null
  },
  {
    "id": "198477STK",
    "title": "Remia Frisse & Romige Knoflook Tafelsaus 250 ml",
    "category": "Conserven, soepen, sauzen, oliën",
    "price": 1.75,
    "promoPrice": null,
    "pricePerUnit": "7.0 l",
    "image": "https://www.jumbo.com/dam-images/fit-in/360x360/Products/24072024_1721835319377_1721835322972_8710448632832_1.png",
    "available": true,
    "promoUntil": null
  },
  {
    "id": "92258DS",
    "title": "Nescafé Dolce Gusto Cortado Espresso Macchiato capsules - 16 koffiecups",
    "category": "Koffie en thee",
    "price": 5.99,
    "promoPrice": null,
    "pricePerUnit": "0.37 pieces",
    "image": "https://www.jumbo.com/dam-images/fit-in/360x360/Products/24052025_1748051230320_1748051235089_92258_DS_07613032827014_C1N1_s01.png",
    "available": true,
    "promoUntil": null
  },
  {
    "id": "472613FLS",
    "title": "NXT Level Protein Shake Chocolate Flavor 330 ml",
    "category": "Ontbijt, broodbeleg en bakproducten",
    "price": 2.33,
    "promoPrice": null,
    "pricePerUnit": "7.06 l",
    "image": "https://www.jumbo.com/dam-images/fit-in/360x360/Products/01022025_1738385136925_1738385142087_472613_FLS_08720589887923_C1N1.png",
    "available": true,
    "promoUntil": null
  },
  {
    "id": "700659DS",
    "title": "Quaker Cruesli Zero Sugar Added Naturel 400 g",
    "category": "Ontbijt, broodbeleg en bakproducten",
    "price": 3.55,
    "promoPrice": null,
    "pricePerUnit": "8.88 kg",
    "image": "https://www.jumbo.com/dam-images/fit-in/360x360/Products/02062025_1748871166570_1748871173196_8710398532459_1.png",
    "available": true,
    "promoUntil": null
  },
  {
    "id": "706676DS",
    "title": "Koopmans Grieks Brood Uit De Pan 400 g",
    "category": "Ontbijt, broodbeleg en bakproducten",
    "price": 2.66,
    "promoPrice": null,
    "pricePerUnit": "6.65 kg",
    "image": "https://www.jumbo.com/dam-images/fit-in/360x360/Products/15072025_1752544350674_1752544358971_706676_DS_08710466329226_C1N1_s01.png",
    "available": true,
    "promoUntil": null
  },
  {
    "id": "540398DS",
    "title": "La Place Koffiecups Espresso Fortissimo 10 Stuks",
    "category": "Koffie en thee",
    "price": 3.29,
    "promoPrice": null,
    "pricePerUnit": "0.33 pieces",
    "image": "https://www.jumbo.com/dam-images/fit-in/360x360/Products/25042024_1714055710258_1714055715833_8718452560608_1.png",
    "available": true,
    "promoUntil": null
  },
  {
    "id": "556093CUP",
    "title": "Mama Cup Chicken Flavour 70 g",
    "category": "Conserven, soepen, sauzen, oliën",
    "price": 1.59,
    "promoPrice": null,
    "pricePerUnit": "22.71 kg",
    "image": "https://www.jumbo.com/dam-images/fit-in/360x360/Products/18062025_1750209127984_1750209137963_556093_CUP_08850987123412_C1N1.png",
    "available": true,
    "promoUntil": null
  },
  {
    "id": "388362PAK",
    "title": "Oatly The Original Haver Cuisine 250 ml",
    "category": "Zuivel, eieren, boter",
    "price": 1.39,
    "promoPrice": null,
    "pricePerUnit": "5.56 l",
    "image": "https://www.jumbo.com/dam-images/fit-in/360x360/Products/14072025_1752485585105_1752485589402_7394376618420_1.png",
    "available": true,
    "promoUntil": null
  },
  {
    "id": "707503BLK",
    "title": "Oatly! The Original Barista Iced Cappuccino Single Shot 235 ml",
    "category": "Zuivel, eieren, boter",
    "price": 2.19,
    "promoPrice": null,
    "pricePerUnit": "9.32 l",
    "image": "https://www.jumbo.com/dam-images/fit-in/360x360/Products/01072025_1751394790253_1751394794860_7394376622649_1.png",
    "available": true,
    "promoUntil": null
  },
  {
    "id": "626468ZK",
    "title": "Smaakt Bio Volkoren Havervlokken 500 g",
    "category": "Ontbijt, broodbeleg en bakproducten",
    "price": 2.96,
    "promoPrice": null,
    "pricePerUnit": "5.92 kg",
    "image": "https://www.jumbo.com/dam-images/fit-in/360x360/Products/08092025_1757334779609_1757334784343_8718215063063_1.png",
    "available": true,
    "promoUntil": null
  },
  {
    "id": "675865FLS",
    "title": "Jumbo's Sla Twist Mosterd Dille Dressing 265ML",
    "category": "Conserven, soepen, sauzen, oliën",
    "price": 2.19,
    "promoPrice": null,
    "pricePerUnit": "8.26 l",
    "image": "https://www.jumbo.com/dam-images/fit-in/360x360/Products/02042025_1743586390382_1743586395245_8718452885732_1.png",
    "available": true,
    "promoUntil": null
  },
  {
    "id": "457928FLS",
    "title": "NXT Level Ice Coffee Flavor Protein Shake 330 ml",
    "category": "Zuivel, eieren, boter",
    "price": 2.27,
    "promoPrice": null,
    "pricePerUnit": "6.88 l",
    "image": "https://www.jumbo.com/dam-images/fit-in/360x360/Products/01022025_1738380141676_1738380147879_457928_FLS_08720589887909_C1N1.png",
    "available": true,
    "promoUntil": null
  },
  {
    "id": "633663ZK",
    "title": "Molensteen Havermeel 500 g",
    "category": "Ontbijt, broodbeleg en bakproducten",
    "price": 2.6,
    "promoPrice": null,
    "pricePerUnit": "5.2 kg",
    "image": "https://www.jumbo.com/dam-images/fit-in/360x360/Products/04062024_1717516305064_1717516311917_633663_ZK_08717931905336_C1N1.png",
    "available": true,
    "promoUntil": null
  },
  {
    "id": "650013POT",
    "title": "Trouble & Spice Crunchy Spice Chinese Crispy Chilli Oil 200 ml",
    "category": "Conserven, soepen, sauzen, oliën",
    "price": 6.99,
    "promoPrice": null,
    "pricePerUnit": "34.95 l",
    "image": "https://www.jumbo.com/dam-images/fit-in/360x360/Products/28112024_1732782797334_1732782804429_8720865697086_1.png",
    "available": true,
    "promoUntil": null
  },
  {
    "id": "690052FLS",
    "title": "Yildriz Yoghurt Munt 265 ml",
    "category": "Conserven, soepen, sauzen, oliën",
    "price": 2.49,
    "promoPrice": null,
    "pricePerUnit": "9.4 l",
    "image": "https://www.jumbo.com/dam-images/fit-in/360x360/Products/31032025_1743418106486_1743418111376_690052_FLS_08710448641865_C1N1.png",
    "available": true,
    "promoUntil": null
  },
  {
    "id": "702526DS",
    "title": "Zonnatura Bio Kamille & Salie Zen Momentje 20 Stuks",
    "category": "Koffie en thee",
    "price": 2.59,
    "promoPrice": null,
    "pricePerUnit": "86.33 kg",
    "image": "https://www.jumbo.com/dam-images/fit-in/360x360/Products/12082025_1754961915404_1754961918030_702526_DS_08711812410292_C1N1.png",
    "available": true,
    "promoUntil": null
  },
  {
    "id": "637920CUP",
    "title": "Zonnatura Zonnestroop Appel & Dadel 300 g",
    "category": "Ontbijt, broodbeleg en bakproducten",
    "price": 4.94,
    "promoPrice": null,
    "pricePerUnit": "16.47 kg",
    "image": "https://www.jumbo.com/dam-images/fit-in/360x360/Products/19092025_1758285196847_1758285216194_8711812410551_596.png",
    "available": true,
    "promoUntil": null
  },
  {
    "id": "185134PAK",
    "title": "Van Gilse Fijne Kaneelsuiker 200 g",
    "category": "Ontbijt, broodbeleg en bakproducten",
    "price": 0.94,
    "promoPrice": null,
    "pricePerUnit": "4.7 kg",
    "image": "https://www.jumbo.com/dam-images/fit-in/360x360/Products/09082023_1691585788564_1691585802232_8710437008419_1.png",
    "available": true,
    "promoUntil": null
  },
  {
    "id": "623687DS",
    "title": "Localtea De Nacht Wacht Kruidenthee met Rooibos, Valeriaan, Kamille & Lavendel 18 x 1,5 g",
    "category": "Koffie en thee",
    "price": 3.69,
    "promoPrice": null,
    "pricePerUnit": "0.21 pieces",
    "image": "https://www.jumbo.com/dam-images/fit-in/360x360/Products/23122024_1734967976330_1734967984105_8721082724067_1.png",
    "available": true,
    "promoUntil": null
  },
  {
    "id": "540462DS",
    "title": "La Place Koffiecups Ristretto 10 Stuks",
    "category": "Koffie en thee",
    "price": 3.29,
    "promoPrice": null,
    "pricePerUnit": "0.33 pieces",
    "image": "https://www.jumbo.com/dam-images/fit-in/360x360/Products/26042024_1714127650756_1714127660246_8718452560530_1.png",
    "available": true,
    "promoUntil": null
  },
  {
    "id": "178455STK",
    "title": "Maggi Room Saus 35 g",
    "category": "Conserven, soepen, sauzen, oliën",
    "price": 1.18,
    "promoPrice": null,
    "pricePerUnit": "33.71 kg",
    "image": "https://www.jumbo.com/dam-images/fit-in/360x360/Products/24072025_1753325207683_1753325253342_178455_STK_07613035752078_C1N1_s01.png",
    "available": true,
    "promoUntil": null
  },
  {
    "id": "652393CUP",
    "title": "Lindahls Protein Smaak Vanille Melkdrank 500 ml",
    "category": "Zuivel, eieren, boter",
    "price": 1.99,
    "promoPrice": null,
    "pricePerUnit": "3.98 l",
    "image": "https://www.jumbo.com/dam-images/fit-in/360x360/Products/03092025_1756902768284_1756902771270_5413209993151_1.png",
    "available": true,
    "promoUntil": null
  },
  {
    "id": "554055FLS",
    "title": "Remia Salata Magere Yoghurt Dressing 450 ml",
    "category": "Conserven, soepen, sauzen, oliën",
    "price": 1.97,
    "promoPrice": null,
    "pricePerUnit": "4.38 l",
    "image": "https://www.jumbo.com/dam-images/fit-in/360x360/Products/02022024_1706841135618_1706841139355_554055_FLS_08710448639176_C1N1.png",
    "available": true,
    "promoUntil": null
  },
  {
    "id": "678530POT",
    "title": "Roots Gember Citroen Thee 220g",
    "category": "Koffie en thee",
    "price": 5.49,
    "promoPrice": null,
    "pricePerUnit": "23.36 l",
    "image": "https://www.jumbo.com/dam-images/fit-in/360x360/Products/19022025_1739935885232_1739935890010_678530_POT_08711271117909_C1N1.png",
    "available": true,
    "promoUntil": null
  },
  {
    "id": "513916DS",
    "title": "Roots Koffiecups Medium Roast 10 Stuks",
    "category": "Koffie en thee",
    "price": 4.29,
    "promoPrice": null,
    "pricePerUnit": "0.43 pieces",
    "image": "https://www.jumbo.com/dam-images/fit-in/360x360/Products/09082023_1691590437370_1691590460835_8711363375859_1.png",
    "available": true,
    "promoUntil": null
  },
  {
    "id": "508948DS",
    "title": "Tea of Life Bio Kamille Calming 20 Theezakjes 20 g",
    "category": "Koffie en thee",
    "price": 3.29,
    "promoPrice": null,
    "pricePerUnit": "0.16 pieces",
    "image": "https://www.jumbo.com/dam-images/fit-in/360x360/Products/19092025_1758292429259_1758292436999_8719375009045_1.png",
    "available": true,
    "promoUntil": null
  },
  {
    "id": "699365CUP",
    "title": "Namdong Snack Chicken Jjigae 84 g",
    "category": "Conserven, soepen, sauzen, oliën",
    "price": 1.99,
    "promoPrice": null,
    "pricePerUnit": "23.69 kg",
    "image": "https://www.jumbo.com/dam-images/fit-in/360x360/Products/30072025_1753889674063_1753889678578_8721201997488_1.png",
    "available": true,
    "promoUntil": null
  },
  {
    "id": "625096DS",
    "title": "Turtle Marshmallow Crunchies 300 g",
    "category": "Ontbijt, broodbeleg en bakproducten",
    "price": 4.99,
    "promoPrice": null,
    "pricePerUnit": "16.63 kg",
    "image": "https://www.jumbo.com/dam-images/fit-in/360x360/Products/17062024_1718613194663_1718613203023_5425038430455_1.png",
    "available": true,
    "promoUntil": null
  },
  {
    "id": "623492FLS",
    "title": "WeCare Flavour Red Fruits Meal Replacement Drink 236 ml",
    "category": "Zuivel, eieren, boter",
    "price": 2.59,
    "promoPrice": null,
    "pricePerUnit": "10.97 l",
    "image": "https://www.jumbo.com/dam-images/fit-in/360x360/Products/03062025_1748936005628_1748936010099_5410063042032_1.png",
    "available": true,
    "promoUntil": null
  },
  {
    "id": "149217POT",
    "title": "Zonnatura Bio Meergranen Koffie 100 g",
    "category": "Koffie en thee",
    "price": 3.59,
    "promoPrice": null,
    "pricePerUnit": "35.9 kg",
    "image": "https://www.jumbo.com/dam-images/fit-in/360x360/Products/23082025_1755912778358_1755912781753_149217_POT_08711812414269_C1N1.png",
    "available": true,
    "promoUntil": null
  },
  {
    "id": "705758ZK",
    "title": "Lavazza Tales of Milano Bonen 250g",
    "category": "Koffie en thee",
    "price": 8.19,
    "promoPrice": null,
    "pricePerUnit": "32.76 kg",
    "image": "https://www.jumbo.com/dam-images/fit-in/360x360/Products/19062025_1750325053828_1750325062909_705758_ZK_08000070072541_C1N1.png",
    "available": true,
    "promoUntil": null
  },
  {
    "id": "675587FLS",
    "title": "Jumbo's Sla Twist Caesar Dressing 265ML",
    "category": "Conserven, soepen, sauzen, oliën",
    "price": 2.19,
    "promoPrice": null,
    "pricePerUnit": "8.26 l",
    "image": "https://www.jumbo.com/dam-images/fit-in/360x360/Products/08042025_1744115586981_1744115591228_8718452885725_1.png",
    "available": true,
    "promoUntil": null
  },
  {
    "id": "683036ZK",
    "title": "Wasa Delicate Crackers Paprika 150g",
    "category": "Ontbijt, broodbeleg en bakproducten",
    "price": 2.81,
    "promoPrice": null,
    "pricePerUnit": "18.73 kg",
    "image": "https://www.jumbo.com/dam-images/fit-in/360x360/Products/27022025_1740654348567_1740654370365_683036_ZK_07300400483049_C1N1.png",
    "available": true,
    "promoUntil": null
  },
  {
    "id": "540432DS",
    "title": "La Place Koffiecups Brazilië 10 Stuks",
    "category": "Koffie en thee",
    "price": 3.29,
    "promoPrice": null,
    "pricePerUnit": "0.33 pieces",
    "image": "https://www.jumbo.com/dam-images/fit-in/360x360/Products/26042024_1714127650465_1714127656548_8718452560585_1.png",
    "available": true,
    "promoUntil": null
  },
  {
    "id": "711457STK",
    "title": "Lay's Dipsaus Aïoli Zachte Knoflooksmaak 4 x 6 gr",
    "category": "Conserven, soepen, sauzen, oliën",
    "price": 2.6,
    "promoPrice": null,
    "pricePerUnit": "None None",
    "image": "https://www.jumbo.com/dam-images/fit-in/360x360/Products/20259228b222d3e6-6844-4583-b418-e351e2394598-1753712008878.png",
    "available": true,
    "promoUntil": null
  },
  {
    "id": "705760ZK",
    "title": "Lavazza Tierra Premium Blend Bio Bonen 500g",
    "category": "Koffie en thee",
    "price": 15.99,
    "promoPrice": null,
    "pricePerUnit": "31.98 kg",
    "image": "https://www.jumbo.com/dam-images/fit-in/360x360/Products/19062025_1750325074090_1750325077692_705760_ZK_08000070021631_C1N1.png",
    "available": true,
    "promoUntil": null
  },
  {
    "id": "646917STK",
    "title": "Melkunie havermoutpap 4 x 479ml",
    "category": "Zuivel, eieren, boter",
    "price": 5.96,
    "promoPrice": null,
    "pricePerUnit": "None None",
    "image": "https://www.jumbo.com/dam-images/fit-in/360x360/Products/646917STKe42cf32b-6395-4c60-b51c-d5f5ce1818f1-1745830037014.png",
    "available": true,
    "promoUntil": null
  },
  {
    "id": "569205ZK",
    "title": "Violife Prosociano Grated 100 g",
    "category": "Zuivel, eieren, boter",
    "price": 2.79,
    "promoPrice": null,
    "pricePerUnit": "27.9 kg",
    "image": "https://www.jumbo.com/dam-images/fit-in/360x360/Products/02042025_1743586390160_1743586393491_5202390027871_1.png",
    "available": true,
    "promoUntil": null
  },
  {
    "id": "24708PAK",
    "title": "Yum Yum Instant Noedels met Kerriesmaak 60 g",
    "category": "Conserven, soepen, sauzen, oliën",
    "price": 0.65,
    "promoPrice": null,
    "pricePerUnit": "10.83 kg",
    "image": "https://www.jumbo.com/dam-images/fit-in/360x360/Products/09082023_1691584435887_1691584448357_8852018101079_1.png",
    "available": true,
    "promoUntil": null
  },
  {
    "id": "646531ZK",
    "title": "Jumbo's Light Roast Colombia Fruitig & Funky 500 g",
    "category": "Koffie en thee",
    "price": 12.79,
    "promoPrice": null,
    "pricePerUnit": "25.58 kg",
    "image": "https://www.jumbo.com/dam-images/fit-in/360x360/Products/12122024_1734003202705_1734003210253_8718452850198_1.png",
    "available": true,
    "promoUntil": null
  },
  {
    "id": "420759DS",
    "title": "Zonnatura Goede Nachtrust Kruideninfusie 20 Zakjes 41 g",
    "category": "Koffie en thee",
    "price": 2.59,
    "promoPrice": null,
    "pricePerUnit": "0.13 pieces",
    "image": "https://www.jumbo.com/dam-images/fit-in/360x360/Products/19092025_1758285196749_1758285213062_8711812480417_596.png",
    "available": true,
    "promoUntil": null
  },
  {
    "id": "692218DS",
    "title": "Leentjes Strooi Pret Regenboog Hagel 50 g",
    "category": "Ontbijt, broodbeleg en bakproducten",
    "price": 1.99,
    "promoPrice": null,
    "pricePerUnit": "39.8 kg",
    "image": "https://www.jumbo.com/dam-images/fit-in/360x360/Products/09042025_1744187399965_1744187400824_692218_DS_08721082491037_A1N1.png",
    "available": true,
    "promoUntil": null
  },
  {
    "id": "247990DSL",
    "title": "Nescafé 3in1 Oploskoffie 8 x 10 Stuks",
    "category": "Koffie en thee",
    "price": 22.32,
    "promoPrice": null,
    "pricePerUnit": "0.28 pieces",
    "image": "https://www.jumbo.com/dam-images/fit-in/360x360/Products/247990DSL-1692282739252.png",
    "available": true,
    "promoUntil": null
  },
  {
    "id": "27165POT",
    "title": "Kühne Dijon Mosterd Extra Pittig 185 g",
    "category": "Conserven, soepen, sauzen, oliën",
    "price": 1.49,
    "promoPrice": null,
    "pricePerUnit": "8.28 l",
    "image": "https://www.jumbo.com/dam-images/fit-in/360x360/Products/08082025_1754616152335_1754616162397_27165_POT_00000040737829_C1N1.png",
    "available": true,
    "promoUntil": null
  },
  {
    "id": "624072ZK",
    "title": "Smaakt Bio Lijnzaad Gebroken XL 1,5 kg",
    "category": "Ontbijt, broodbeleg en bakproducten",
    "price": 8.09,
    "promoPrice": null,
    "pricePerUnit": "5.39 kg",
    "image": "https://www.jumbo.com/dam-images/fit-in/360x360/Products/14022025_1739539195239_1739539202628_8718924016381_1.png",
    "available": true,
    "promoUntil": null
  },
  {
    "id": "607486ZK",
    "title": "L'OR Espresso Estremo Coffee Beans 500 g",
    "category": "Koffie en thee",
    "price": 11.89,
    "promoPrice": null,
    "pricePerUnit": "23.78 kg",
    "image": "https://www.jumbo.com/dam-images/fit-in/360x360/Products/08062024_1717813471999_1717813477422_607486_ZK_08711000568453_C1N1.png",
    "available": false,
    "promoUntil": null
  },
  {
    "id": "649991FLS",
    "title": "Monin Siroop Caramel 250ML",
    "category": "Koffie en thee",
    "price": 5.44,
    "promoPrice": null,
    "pricePerUnit": "21.76 l",
    "image": "https://www.jumbo.com/dam-images/fit-in/360x360/Products/02082025_1754098690420_1754098693298_649991_FLS_03052910013677_C1N1.png",
    "available": true,
    "promoUntil": null
  },
  {
    "id": "649993FLS",
    "title": "Monin Siroop Vanille 250ML",
    "category": "Koffie en thee",
    "price": 5.44,
    "promoPrice": null,
    "pricePerUnit": "21.76 l",
    "image": "https://www.jumbo.com/dam-images/fit-in/360x360/Products/15072025_1752543399150_1752543401614_649993_FLS_03052910013776_C1N1.png",
    "available": true,
    "promoUntil": null
  },
  {
    "id": "164961FLS",
    "title": "Monini Extra vierge olijfolie met Witte Truffelaroma",
    "category": "Conserven, soepen, sauzen, oliën",
    "price": 6.39,
    "promoPrice": null,
    "pricePerUnit": "25.56 l",
    "image": "https://www.jumbo.com/dam-images/fit-in/360x360/Products/12122024_1734014820743_1734014823559_80481508_1.png",
    "available": true,
    "promoUntil": null
  },
  {
    "id": "682112FLS",
    "title": "Remia Salata Botanicals Mango 300 ML",
    "category": "Conserven, soepen, sauzen, oliën",
    "price": 2.29,
    "promoPrice": null,
    "pricePerUnit": "7.63 l",
    "image": "https://www.jumbo.com/dam-images/fit-in/360x360/Products/25022025_1740476479275_1740476491843_682112_FLS_08710448641889_C1N1.png",
    "available": true,
    "promoUntil": null
  },
  {
    "id": "687492POT",
    "title": "Roots Gember Kurkuma 220g",
    "category": "Koffie en thee",
    "price": 5.49,
    "promoPrice": null,
    "pricePerUnit": "24.95 kg",
    "image": "https://www.jumbo.com/dam-images/fit-in/360x360/Products/20032025_1742472492821_1742472497133_687492_POT_08711271119002_C1N1.png",
    "available": true,
    "promoUntil": null
  },
  {
    "id": "624839POT",
    "title": "WeCare Flavour Strawberry Meal Replacement Shake 436 g",
    "category": "Ontbijt, broodbeleg en bakproducten",
    "price": 15.99,
    "promoPrice": null,
    "pricePerUnit": "36.67 kg",
    "image": "https://www.jumbo.com/dam-images/fit-in/360x360/Products/17042024_1713379029011_1713379034683_5410063042056_1.png",
    "available": true,
    "promoUntil": null
  },
  {
    "id": "685838ZK",
    "title": "Zuivelhoeve XXL Nutrition Fit Quark Strawberry Protein Quark 205 g",
    "category": "Ontbijt, broodbeleg en bakproducten",
    "price": 1.99,
    "promoPrice": null,
    "pricePerUnit": "9.71 kg",
    "image": "https://www.jumbo.com/dam-images/fit-in/360x360/Products/20092025_1758333188910_1758333191241_685838_ZK_08711399024837_C1N1.png",
    "available": true,
    "promoUntil": null
  },
  {
    "id": "707504FLS",
    "title": "Zuivelhoeve XXL Nutrition Fit Drink Vanilla Flavor Protein Drink 330 ml",
    "category": "Zuivel, eieren, boter",
    "price": 2.39,
    "promoPrice": null,
    "pricePerUnit": "7.24 l",
    "image": "https://www.jumbo.com/dam-images/fit-in/360x360/Products/01072025_1751394790359_1751394795132_8711399024912_1.png",
    "available": true,
    "promoUntil": null
  },
  {
    "id": "611452DS",
    "title": "Leentjes Strooi Pret Choco & Crunch 120 g",
    "category": "Ontbijt, broodbeleg en bakproducten",
    "price": 3.99,
    "promoPrice": null,
    "pricePerUnit": "33.25 kg",
    "image": "https://www.jumbo.com/dam-images/fit-in/360x360/Products/25032024_1711381878728_1711381890787_8721082491129_1.png",
    "available": true,
    "promoUntil": null
  },
  {
    "id": "623683DS",
    "title": "Localtea Power Flower Groene Thee met Kamille, Vlierbloesem & Lavendel 18 x 1,5 g",
    "category": "Koffie en thee",
    "price": 3.59,
    "promoPrice": null,
    "pricePerUnit": "0.2 pieces",
    "image": "https://www.jumbo.com/dam-images/fit-in/360x360/Products/23122024_1734967975973_1734967984119_8721082724012_1.png",
    "available": true,
    "promoUntil": null
  },
  {
    "id": "636148PAK",
    "title": "Snickers Protein chocolade pinda caramel reep 47g",
    "category": "Ontbijt, broodbeleg en bakproducten",
    "price": 2.79,
    "promoPrice": null,
    "pricePerUnit": "59.36 kg",
    "image": "https://www.jumbo.com/dam-images/fit-in/360x360/Products/15052025_1747330436597_1747330450987_5000159516211_596.png",
    "available": true,
    "promoUntil": null
  },
  {
    "id": "548079PAK",
    "title": "Leev® bio LOVELY LENTIL cakes rosemary 54g (3x2st)",
    "category": "Ontbijt, broodbeleg en bakproducten",
    "price": 2.47,
    "promoPrice": null,
    "pricePerUnit": "45.74 kg",
    "image": "https://www.jumbo.com/dam-images/fit-in/360x360/Products/10042025_1744253521979_1744253535410_548079_PAK_08718215837589_C1N1.png",
    "available": true,
    "promoUntil": null
  },
  {
    "id": "684356ZK",
    "title": "Starbucks® Single-Origin Colombia Medium Roast Koffiebonen 450 g",
    "category": "Koffie en thee",
    "price": 12.69,
    "promoPrice": null,
    "pricePerUnit": "28.2 kg",
    "image": "https://www.jumbo.com/dam-images/fit-in/360x360/Products/05032025_1741203226202_1741203231957_8445290183286_1.png",
    "available": true,
    "promoUntil": null
  },
  {
    "id": "672402DS",
    "title": "Servero Spicy Orange Smoothie Fruit to Go Appel, Sinaasappel, Gember Voordeelpak 4 x 100 g",
    "category": "Conserven, soepen, sauzen, oliën",
    "price": 3.59,
    "promoPrice": null,
    "pricePerUnit": "8.98 kg",
    "image": "https://www.jumbo.com/dam-images/fit-in/360x360/Products/31012025_1738312387861_1738312395252_4008596504281_1.png",
    "available": true,
    "promoUntil": null
  },
  {
    "id": "573908PAK",
    "title": "Wasa Crunchy Twist Sesam 245 g",
    "category": "Ontbijt, broodbeleg en bakproducten",
    "price": 2.34,
    "promoPrice": null,
    "pricePerUnit": "9.55 kg",
    "image": "https://www.jumbo.com/dam-images/fit-in/360x360/Products/18052024_1715996204971_1715996208961_573908_PAK_07300400483018_C1N1.png",
    "available": true,
    "promoUntil": null
  },
  {
    "id": "550754FLS",
    "title": "Yildriz Knoflook Turkse Kebab 265 ml",
    "category": "Conserven, soepen, sauzen, oliën",
    "price": 2.49,
    "promoPrice": null,
    "pricePerUnit": "9.4 l",
    "image": "https://www.jumbo.com/dam-images/fit-in/360x360/Products/14022024_1707872754385_1707872761438_8710448639206_1.png",
    "available": true,
    "promoUntil": null
  },
  {
    "id": "563532BAK",
    "title": "Wijko Satésaus Hot Kant en Klaar 120 g",
    "category": "Conserven, soepen, sauzen, oliën",
    "price": 1.59,
    "promoPrice": null,
    "pricePerUnit": "13.25 kg",
    "image": "https://www.jumbo.com/dam-images/fit-in/360x360/Products/21082024_1724211264521_1724211271913_563532_BAK_08718053070858_H1N1.png",
    "available": true,
    "promoUntil": null
  },
  {
    "id": "508943DS",
    "title": "Tea of Life Rooibos Royal 20 Stuks 30 g",
    "category": "Koffie en thee",
    "price": 3.29,
    "promoPrice": null,
    "pricePerUnit": "0.16 pieces",
    "image": "https://www.jumbo.com/dam-images/fit-in/360x360/Products/09082023_1691591477400_1691591497881_8719375009007_1.png",
    "available": true,
    "promoUntil": null
  },
  {
    "id": "540399DS",
    "title": "La Place Koffiecups Cappuccino 10 Stuks",
    "category": "Koffie en thee",
    "price": 3.29,
    "promoPrice": null,
    "pricePerUnit": "0.33 pieces",
    "image": "https://www.jumbo.com/dam-images/fit-in/360x360/Products/25042024_1714055710411_1714055715664_8718452560592_1.png",
    "available": true,
    "promoUntil": null
  },
  {
    "id": "548071PAK",
    "title": "Leev® bio LOVELY LENTIL cakes paprika 54g (3x2st)",
    "category": "Ontbijt, broodbeleg en bakproducten",
    "price": 2.47,
    "promoPrice": null,
    "pricePerUnit": "45.74 kg",
    "image": "https://www.jumbo.com/dam-images/fit-in/360x360/Products/29042025_1745944387633_1745944392663_8718215837572_1.png",
    "available": true,
    "promoUntil": null
  },
  {
    "id": "623964PAK",
    "title": "Raw Organic Food Rawbar Appel-Kaneel 40 g",
    "category": "Ontbijt, broodbeleg en bakproducten",
    "price": 1.75,
    "promoPrice": null,
    "pricePerUnit": "43.75 kg",
    "image": "https://www.jumbo.com/dam-images/fit-in/360x360/Products/28082025_1756366388946_1756366395383_8719153033439_1.png",
    "available": true,
    "promoUntil": null
  },
  {
    "id": "554053FLS",
    "title": "Remia Naturel Dressing 450 ml",
    "category": "Conserven, soepen, sauzen, oliën",
    "price": 1.97,
    "promoPrice": null,
    "pricePerUnit": "4.38 l",
    "image": "https://www.jumbo.com/dam-images/fit-in/360x360/Products/02022024_1706841225390_1706841229978_554053_FLS_08710448639169_C1N1.png",
    "available": true,
    "promoUntil": null
  },
  {
    "id": "549019ZK",
    "title": "Schär  Lemon Cake Glutenvrij 250 g",
    "category": "Ontbijt, broodbeleg en bakproducten",
    "price": 3.79,
    "promoPrice": null,
    "pricePerUnit": "15.16 kg",
    "image": "https://www.jumbo.com/dam-images/fit-in/360x360/Products/18112024_1731922355294_1731922362397_8008698013663_1.png",
    "available": true,
    "promoUntil": null
  },
  {
    "id": "515346POT",
    "title": "Skippy Super Chunk Pindakaas met Stukjes Noot 340 g",
    "category": "Ontbijt, broodbeleg en bakproducten",
    "price": 4.74,
    "promoPrice": null,
    "pricePerUnit": "13.94 kg",
    "image": "https://www.jumbo.com/dam-images/fit-in/360x360/Products/12122024_1734014621243_1734014630083_37600106412_1.png",
    "available": true,
    "promoUntil": null
  },
  {
    "id": "363980DS",
    "title": "Knorr Bouillonblokje Bouillon Rundvlees 8 stuks",
    "category": "Conserven, soepen, sauzen, oliën",
    "price": 1.15,
    "promoPrice": null,
    "pricePerUnit": "14.38 kg",
    "image": "https://www.jumbo.com/dam-images/fit-in/360x360/Products/29082025_1756431486711_1756431522981_363980_DS_08711200486243_C1N1.png",
    "available": true,
    "promoUntil": null
  },
  {
    "id": "955264PAK",
    "title": "Yum Yum Instant Noedels Rundvleessmaak 60 g",
    "category": "Conserven, soepen, sauzen, oliën",
    "price": 0.65,
    "promoPrice": null,
    "pricePerUnit": "10.83 kg",
    "image": "https://www.jumbo.com/dam-images/fit-in/360x360/Products/09082023_1691584441385_1691584458222_8852018101017_1.png",
    "available": true,
    "promoUntil": null
  },
  {
    "id": "543972FLS",
    "title": "Mayoneur Truffle Mayo 250 ml",
    "category": "Conserven, soepen, sauzen, oliën",
    "price": 2.49,
    "promoPrice": null,
    "pricePerUnit": "9.96 l",
    "image": "https://www.jumbo.com/dam-images/fit-in/360x360/Products/23092025_1758599346935_1758599349636_543972_FLS_08720299140257_C1N1.png",
    "available": true,
    "promoUntil": null
  },
  {
    "id": "175416POT",
    "title": "Kühne Gourmet Selection Augurkjes met Fijne Kruiden Verrijkt 530 g",
    "category": "Conserven, soepen, sauzen, oliën",
    "price": 2.93,
    "promoPrice": null,
    "pricePerUnit": "9.77 kg",
    "image": "https://www.jumbo.com/dam-images/fit-in/360x360/Products/08082025_1754616242756_1754616256724_175416_POT_04012200046654_C1N1.png",
    "available": true,
    "promoUntil": null
  },
  {
    "id": "652149FLS",
    "title": "Jumbo's Chili Knoflook Smaak Olie 250ML",
    "category": "Conserven, soepen, sauzen, oliën",
    "price": 2.19,
    "promoPrice": null,
    "pricePerUnit": "8.76 l",
    "image": "https://www.jumbo.com/dam-images/fit-in/360x360/Products/12122024_1734003204919_1734003208802_8718452856916_1.png",
    "available": true,
    "promoUntil": null
  },
  {
    "id": "474186ZK",
    "title": "Leev Bio Super Zaden 350 g",
    "category": "Ontbijt, broodbeleg en bakproducten",
    "price": 3.29,
    "promoPrice": null,
    "pricePerUnit": "9.4 kg",
    "image": "https://www.jumbo.com/dam-images/fit-in/360x360/Products/474186_8718215837084_1_T1_474186ZK1691161847327.png",
    "available": true,
    "promoUntil": null
  },
  {
    "id": "689623CUP",
    "title": "The Noodle Poodle Rendang Bowl 250g",
    "category": "Conserven, soepen, sauzen, oliën",
    "price": 2.49,
    "promoPrice": null,
    "pricePerUnit": "9.96 kg",
    "image": "https://www.jumbo.com/dam-images/fit-in/360x360/Products/28032025_1743167161603_1743167170043_689623_CUP_08712857982812_C1N1.png",
    "available": true,
    "promoUntil": null
  },
  {
    "id": "623684DS",
    "title": "Localtea Drop Chai Zwarte Thee met Steranijs, Zoethout & Anijs 18 x 1,5 g",
    "category": "Koffie en thee",
    "price": 3.59,
    "promoPrice": null,
    "pricePerUnit": "0.2 pieces",
    "image": "https://www.jumbo.com/dam-images/fit-in/360x360/Products/23122024_1734967976159_1734967984834_8721082724036_1.png",
    "available": true,
    "promoUntil": null
  },
  {
    "id": "589785CUP",
    "title": "Yum Yum Asian Cuisine Vegetable Flavour 70 g",
    "category": "Conserven, soepen, sauzen, oliën",
    "price": 1.45,
    "promoPrice": null,
    "pricePerUnit": "20.71 kg",
    "image": "https://www.jumbo.com/dam-images/fit-in/360x360/Products/12122024_1734014541101_1734014550155_8852018201052_1.png",
    "available": true,
    "promoUntil": null
  },
  {
    "id": "623443ZK",
    "title": "Smaakt Bio Volkoren Rijstmeel 400 g",
    "category": "Ontbijt, broodbeleg en bakproducten",
    "price": 3.65,
    "promoPrice": null,
    "pricePerUnit": "9.13 kg",
    "image": "https://www.jumbo.com/dam-images/fit-in/360x360/Products/14022025_1739539194342_1739539201432_8718546992636_1.png",
    "available": true,
    "promoUntil": null
  },
  {
    "id": "676482FLS",
    "title": "Jumbo's Citroen Smaak Olie 250ML",
    "category": "Conserven, soepen, sauzen, oliën",
    "price": 2.19,
    "promoPrice": null,
    "pricePerUnit": "8.76 l",
    "image": "https://www.jumbo.com/dam-images/fit-in/360x360/Products/02042025_1743604411190_1743604415035_8718452883295_1.png",
    "available": true,
    "promoUntil": null
  },
  {
    "id": "709780FLS",
    "title": "Melkunie Protein Food to Go Chocolate Caramel Flavour 500 ml",
    "category": "Zuivel, eieren, boter",
    "price": 3.49,
    "promoPrice": null,
    "pricePerUnit": "6.98 l",
    "image": "https://www.jumbo.com/dam-images/fit-in/360x360/Products/29072025_1753752180409_1753752189961_709780_FLS_05711953194306_H1N1.png",
    "available": true,
    "promoUntil": null
  },
  {
    "id": "134345FLS",
    "title": "Remia Wild Bill American Garlic Sauce  450ml",
    "category": "Conserven, soepen, sauzen, oliën",
    "price": 3.99,
    "promoPrice": null,
    "pricePerUnit": "8.87 l",
    "image": "https://www.jumbo.com/dam-images/fit-in/360x360/Products/04042024_1712237707125_1712237711951_8710448696780_1.png",
    "available": true,
    "promoUntil": null
  },
  {
    "id": "686987DSL",
    "title": "Nescafé Cappuccino ijskoffie 12 x 250 ml",
    "category": "Zuivel, eieren, boter",
    "price": 22.68,
    "promoPrice": null,
    "pricePerUnit": "7.56 l",
    "image": "https://www.jumbo.com/dam-images/fit-in/360x360/Products/87150000025428f695ef2-eeaf-4aeb-a028-b20752297650-1751543767864.png",
    "available": true,
    "promoUntil": null
  },
  {
    "id": "646903DS",
    "title": "TastyBasics Low Carb - High Protein Granola Choco Noten",
    "category": "Ontbijt, broodbeleg en bakproducten",
    "price": 3.95,
    "promoPrice": null,
    "pricePerUnit": "11.29 kg",
    "image": "https://www.jumbo.com/dam-images/fit-in/360x360/Products/09072025_1752068009250_1752068018031_8718868678409_1.png",
    "available": true,
    "promoUntil": null
  },
  {
    "id": "160005CUP",
    "title": "Yum Yum Instant Noedels Garnalensmaak 70 g",
    "category": "Conserven, soepen, sauzen, oliën",
    "price": 1.45,
    "promoPrice": null,
    "pricePerUnit": "20.71 kg",
    "image": "https://www.jumbo.com/dam-images/fit-in/360x360/Products/09082023_1691584436727_1691584446693_8852018201045_1.png",
    "available": true,
    "promoUntil": null
  },
  {
    "id": "376081DS",
    "title": "Zonnatura Bio Sterren Mix 20 Zakjes 46 g",
    "category": "Koffie en thee",
    "price": 2.59,
    "promoPrice": null,
    "pricePerUnit": "0.13 pieces",
    "image": "https://www.jumbo.com/dam-images/fit-in/360x360/Products/28082025_1756398808103_1756398812312_8711812425975_1.png",
    "available": true,
    "promoUntil": null
  },
  {
    "id": "624075PAK",
    "title": "Smaakt Bio Maïsgriesmeel Polenta 400 g",
    "category": "Ontbijt, broodbeleg en bakproducten",
    "price": 2.66,
    "promoPrice": null,
    "pricePerUnit": "6.65 kg",
    "image": "https://www.jumbo.com/dam-images/fit-in/360x360/Products/04082025_1754296371803_1754296376827_8718546992629_1.png",
    "available": true,
    "promoUntil": null
  },
  {
    "id": "578246FLS",
    "title": "Smoeltjes Speculoos Stroop 300 g",
    "category": "Ontbijt, broodbeleg en bakproducten",
    "price": 2.96,
    "promoPrice": null,
    "pricePerUnit": "9.87 kg",
    "image": "https://www.jumbo.com/dam-images/fit-in/360x360/Products/22122023_1703211584834_1703211589419_578246_FLS_08710508918210_C1N1.png",
    "available": true,
    "promoUntil": null
  },
  {
    "id": "430613PAK",
    "title": "Koopmans Maizena 250 g",
    "category": "Ontbijt, broodbeleg en bakproducten",
    "price": 1.38,
    "promoPrice": null,
    "pricePerUnit": "5.52 kg",
    "image": "https://www.jumbo.com/dam-images/fit-in/360x360/Products/17042025_1744858563707_1744858575167_430613_PAK_08710466304124_C1N1_s02.png",
    "available": true,
    "promoUntil": null
  },
  {
    "id": "676527POT",
    "title": "La Place Cocktailsaus 130ml",
    "category": "Conserven, soepen, sauzen, oliën",
    "price": 2.29,
    "promoPrice": null,
    "pricePerUnit": "17.62 l",
    "image": "https://www.jumbo.com/dam-images/fit-in/360x360/Products/09082023_1691585274485_1691585291735_8718452349012_1.png",
    "available": true,
    "promoUntil": null
  },
  {
    "id": "645806DS",
    "title": "NESCAFÉ Dolce Gusto, Chocolademelk Capsules KitKat, 16 cups, 256 gr",
    "category": "Koffie en thee",
    "price": 5.99,
    "promoPrice": null,
    "pricePerUnit": "0.37 pieces",
    "image": "https://www.jumbo.com/dam-images/fit-in/360x360/Products/04082025_1754321651743_1754321656039_8445291179301_1.png",
    "available": true,
    "promoUntil": null
  },
  {
    "id": "572979FLS",
    "title": "NXT Level Vanilla Flavor Protein Shake 500 ml",
    "category": "Ontbijt, broodbeleg en bakproducten",
    "price": 2.99,
    "promoPrice": null,
    "pricePerUnit": "5.98 l",
    "image": "https://www.jumbo.com/dam-images/fit-in/360x360/Products/01022025_1738377430463_1738377436296_572979_FLS_08720589887961_C1N1.png",
    "available": true,
    "promoUntil": null
  },
  {
    "id": "234665DSL",
    "title": "Starbucks® by Nespresso® Blonde Espresso Roast - 12 x 10 Koffiecups",
    "category": "Koffie en thee",
    "price": 56.28,
    "promoPrice": null,
    "pricePerUnit": "0.47 pieces",
    "image": "https://www.jumbo.com/dam-images/fit-in/360x360/Products/7613037048292bf0d0c64-d369-4fee-b9d3-b86b3c310788-1752833011833.png",
    "available": true,
    "promoUntil": null
  },
  {
    "id": "704665DS",
    "title": "Starbucks® by Nespresso® Creamy Vanilla 10 Koffiecups",
    "category": "Koffie en thee",
    "price": 4.69,
    "promoPrice": null,
    "pricePerUnit": "0.47 pieces",
    "image": "https://www.jumbo.com/dam-images/fit-in/360x360/Products/13062025_1749839587481_1749839590102_8445290156044_1.png",
    "available": true,
    "promoUntil": null
  },
  {
    "id": "594402DS",
    "title": "twinings rosehip and hip 20st",
    "category": "Koffie en thee",
    "price": 4.29,
    "promoPrice": null,
    "pricePerUnit": "0.21 pieces",
    "image": "https://www.jumbo.com/dam-images/fit-in/360x360/Products/11072024_1720664245836_1720664267610_594402_DS_00070177231903_C1N1_s07.png",
    "available": true,
    "promoUntil": null
  },
  {
    "id": "79386PAK",
    "title": "Melkunie Dubbelvla Choco Vanille Smaak 0,5 L",
    "category": "Zuivel, eieren, boter",
    "price": 1.39,
    "promoPrice": null,
    "pricePerUnit": "2.78 l",
    "image": "https://www.jumbo.com/dam-images/fit-in/360x360/Products/17062025_1750145586512_1750145592612_8718166031234_1.png",
    "available": true,
    "promoUntil": null
  },
  {
    "id": "672877FLS",
    "title": "Jumbo's Sla Twist Oosterse Stijl Dressing 265ML",
    "category": "Conserven, soepen, sauzen, oliën",
    "price": 2.19,
    "promoPrice": null,
    "pricePerUnit": "8.26 l",
    "image": "https://www.jumbo.com/dam-images/fit-in/360x360/Products/02042025_1743582812784_1743582817448_8718452889679_1.png",
    "available": true,
    "promoUntil": null
  },
  {
    "id": "673412FLS",
    "title": "Juulz+ Mosterddressing 250 ml",
    "category": "Conserven, soepen, sauzen, oliën",
    "price": 3.99,
    "promoPrice": null,
    "pricePerUnit": "15.96 kg",
    "image": "https://www.jumbo.com/dam-images/fit-in/360x360/Products/27032025_1743068014160_1743068017490_8717953112965_1.png",
    "available": true,
    "promoUntil": null
  },
  {
    "id": "673413FLS",
    "title": "Juulz+ Romige Knoflookdressing 250 ml",
    "category": "Conserven, soepen, sauzen, oliën",
    "price": 3.99,
    "promoPrice": null,
    "pricePerUnit": "15.96 kg",
    "image": "https://www.jumbo.com/dam-images/fit-in/360x360/Products/27032025_1743068014245_1743068016966_8717953112903_1.png",
    "available": true,
    "promoUntil": null
  },
  {
    "id": "648628DS",
    "title": "Leev Oat Free from Gluten Cracker Natural 7 Stuks 100 g",
    "category": "Ontbijt, broodbeleg en bakproducten",
    "price": 2.96,
    "promoPrice": null,
    "pricePerUnit": "29.6 kg",
    "image": "https://www.jumbo.com/dam-images/fit-in/360x360/Products/29042025_1745944387635_1745944398256_8718215837817_1.png",
    "available": true,
    "promoUntil": null
  },
  {
    "id": "709784FLS",
    "title": "Melkunie Protein Food to Go Vanilla Hazelnut Flavour 500 ml",
    "category": "Zuivel, eieren, boter",
    "price": 3.49,
    "promoPrice": null,
    "pricePerUnit": "6.98 l",
    "image": "https://www.jumbo.com/dam-images/fit-in/360x360/Products/21082025_1755739342172_1755739350840_709784_FLS_05711953194276_H1N1.png",
    "available": true,
    "promoUntil": null
  },
  {
    "id": "19199STK",
    "title": "MinusL Koffieroom 10 x 10 g",
    "category": "Zuivel, eieren, boter",
    "price": 1.19,
    "promoPrice": null,
    "pricePerUnit": "0.12 pieces",
    "image": "https://www.jumbo.com/dam-images/fit-in/360x360/Products/18072025_1752804649427_1752804658085_19199_STK_04062800005506_C1N1.png",
    "available": true,
    "promoUntil": null
  },
  {
    "id": "605678POT",
    "title": "Kesbeke Salade Mix 500ml",
    "category": "Conserven, soepen, sauzen, oliën",
    "price": 2.49,
    "promoPrice": null,
    "pricePerUnit": "10.38 kg",
    "image": "https://www.jumbo.com/dam-images/fit-in/360x360/Products/29052024_1716944755534_1716944760928_605678_POT_08711271117756_C1N1.png",
    "available": true,
    "promoUntil": null
  },
  {
    "id": "57243PAK",
    "title": "Pickwick English Leaf Tea Losse Zwarte Thee 100 g",
    "category": "Koffie en thee",
    "price": 1.89,
    "promoPrice": null,
    "pricePerUnit": "18.9 kg",
    "image": "https://www.jumbo.com/dam-images/fit-in/360x360/Products/01082025_1754013259657_1754013270567_57243_PAK_08711000007068_C1N1.png",
    "available": true,
    "promoUntil": null
  },
  {
    "id": "644460POT",
    "title": "Jumbo's Biologische Abrikoos Fruitspread 250 g",
    "category": "Ontbijt, broodbeleg en bakproducten",
    "price": 2.56,
    "promoPrice": null,
    "pricePerUnit": "10.24 kg",
    "image": "https://www.jumbo.com/dam-images/fit-in/360x360/Products/10122024_1733830368029_1733830376663_8718452849987_1.png",
    "available": true,
    "promoUntil": null
  },
  {
    "id": "603787FLS",
    "title": "Rimboesauzen Honing Mosterdsaus 500ml",
    "category": "Conserven, soepen, sauzen, oliën",
    "price": 2.89,
    "promoPrice": null,
    "pricePerUnit": "5.78 l",
    "image": "https://www.jumbo.com/dam-images/fit-in/360x360/Products/603787FLS1kopiea761e8c6-828c-474c-89a7-3f7595577eb6-1710157857742.png",
    "available": true,
    "promoUntil": null
  },
  {
    "id": "601429FLS",
    "title": "Sweet Baby Ray's Honey Chipotle Barbecue Sauce 510 gram",
    "category": "Conserven, soepen, sauzen, oliën",
    "price": 3.99,
    "promoPrice": null,
    "pricePerUnit": "7.82 kg",
    "image": "https://www.jumbo.com/dam-images/fit-in/360x360/Products/11092024_1726025260666_1726025266971_601429_FLS_01220000450158_C1N1.png",
    "available": true,
    "promoUntil": null
  },
  {
    "id": "508958DS",
    "title": "Tea of Life Vlierbloesem, Majoraan & Venkel 20 Stuks 30 g",
    "category": "Koffie en thee",
    "price": 3.29,
    "promoPrice": null,
    "pricePerUnit": "0.16 pieces",
    "image": "https://www.jumbo.com/dam-images/fit-in/360x360/Products/09082023_1691590101288_1691590199656_8719375009090_1.png",
    "available": true,
    "promoUntil": null
  },
  {
    "id": "618595ZK",
    "title": "TastyBasics Low Carb - High Protein Cracker Maanzaad",
    "category": "Ontbijt, broodbeleg en bakproducten",
    "price": 3.26,
    "promoPrice": null,
    "pricePerUnit": "16.3 kg",
    "image": "https://www.jumbo.com/dam-images/fit-in/360x360/Products/10072025_1752112046245_1752112053904_618595_ZK_08718868678492_C1N1.png",
    "available": true,
    "promoUntil": null
  },
  {
    "id": "248746FLS",
    "title": "Yildriz Thaise Sriracha Sauce 265 ml",
    "category": "Conserven, soepen, sauzen, oliën",
    "price": 2.49,
    "promoPrice": null,
    "pricePerUnit": "9.4 l",
    "image": "https://www.jumbo.com/dam-images/fit-in/360x360/Products/10082023_1691676796864_1691676801355_8710448634744_1.png",
    "available": true,
    "promoUntil": null
  },
  {
    "id": "609541DS",
    "title": "Yogi Tea Biologisch Breathe Deep 17 Stuks 30,6 g",
    "category": "Koffie en thee",
    "price": 3.99,
    "promoPrice": null,
    "pricePerUnit": "0.23 pieces",
    "image": "https://www.jumbo.com/dam-images/fit-in/360x360/Products/14022024_1707873374297_1707873382217_4012824401013_1.png",
    "available": true,
    "promoUntil": null
  },
  {
    "id": "382728FLS",
    "title": "Kewpie Deep Roasted Sesame Dressing 241 g",
    "category": "Conserven, soepen, sauzen, oliën",
    "price": 5.93,
    "promoPrice": null,
    "pricePerUnit": "25.13 l",
    "image": "https://www.jumbo.com/dam-images/fit-in/360x360/Products/10012024_1704852973594_1704852976999_382728_FLS_08719189240207_C1N1.png",
    "available": true,
    "promoUntil": null
  },
  {
    "id": "542985PAK",
    "title": "Lurpak Danish Butter Unsalted 200 g",
    "category": "Zuivel, eieren, boter",
    "price": 3.49,
    "promoPrice": null,
    "pricePerUnit": "17.45 kg",
    "image": "https://www.jumbo.com/dam-images/fit-in/360x360/Products/28072025_1753695193176_1753695196584_5740900401778_1.png",
    "available": true,
    "promoUntil": null
  },
  {
    "id": "388045ZK",
    "title": "Koopmans Pannenkoekmeel Kabouter 500 g",
    "category": "Ontbijt, broodbeleg en bakproducten",
    "price": 2.0,
    "promoPrice": null,
    "pricePerUnit": "4.0 kg",
    "image": "https://www.jumbo.com/dam-images/fit-in/360x360/Products/17042025_1744856490675_1744856494924_388045_ZK_08710466302427_C1N1_s02.png",
    "available": true,
    "promoUntil": null
  },
  {
    "id": "540430DS",
    "title": "La Place Koffiecups Espresso 10 Stuks",
    "category": "Koffie en thee",
    "price": 3.29,
    "promoPrice": null,
    "pricePerUnit": "0.33 pieces",
    "image": "https://www.jumbo.com/dam-images/fit-in/360x360/Products/25042024_1714055710401_1714055716501_8718452560615_1.png",
    "available": true,
    "promoUntil": null
  },
  {
    "id": "691884PAK",
    "title": "Leksands Knäckebröd Rogge Extra Krokant 200g",
    "category": "Ontbijt, broodbeleg en bakproducten",
    "price": 2.66,
    "promoPrice": null,
    "pricePerUnit": "13.3 kg",
    "image": "https://www.jumbo.com/dam-images/fit-in/360x360/Products/07042025_1744025255085_1744025265430_691884_PAK_07312080212260_C1N1.png",
    "available": true,
    "promoUntil": null
  },
  {
    "id": "703836ZK",
    "title": "Maggi Jus Naturel Minder Zout 29 g ",
    "category": "Conserven, soepen, sauzen, oliën",
    "price": 0.89,
    "promoPrice": null,
    "pricePerUnit": "30.69 kg",
    "image": "https://www.jumbo.com/dam-images/fit-in/360x360/Products/23092025_1758593550636_1758593564608_703836_ZK_08445291735200_H1N1_s01.png",
    "available": true,
    "promoUntil": null
  },
  {
    "id": "648639FLS",
    "title": "Ponti Aceto Balsamico di Modena 250ml",
    "category": "Conserven, soepen, sauzen, oliën",
    "price": 3.79,
    "promoPrice": null,
    "pricePerUnit": "15.16 l",
    "image": "https://www.jumbo.com/dam-images/fit-in/360x360/Products/02092024_1725284383576_1725284386020_648639_FLS_00000080522621_C1N1.png",
    "available": true,
    "promoUntil": null
  },
  {
    "id": "700658DS",
    "title": "Quaker Cruesli Zero Sugar Added Nuts & Seeds 400 g",
    "category": "Ontbijt, broodbeleg en bakproducten",
    "price": 3.55,
    "promoPrice": null,
    "pricePerUnit": "8.88 kg",
    "image": "https://www.jumbo.com/dam-images/fit-in/360x360/Products/02062025_1748867608018_1748867614713_8710398532473_1.png",
    "available": true,
    "promoUntil": null
  },
  {
    "id": "563568FLS",
    "title": "Starbucks Cookies & Cream Frappuccino ijskoffie 250ml",
    "category": "Zuivel, eieren, boter",
    "price": 2.39,
    "promoPrice": null,
    "pricePerUnit": "9.56 l",
    "image": "https://www.jumbo.com/dam-images/fit-in/360x360/Products/02062025_1748860408037_1748860411785_5711953134562_1.png",
    "available": true,
    "promoUntil": null
  },
  {
    "id": "541944BLK",
    "title": "Starbucks Tripleshot Espresso 300 ml",
    "category": "Zuivel, eieren, boter",
    "price": 2.59,
    "promoPrice": null,
    "pricePerUnit": "8.63 l",
    "image": "https://www.jumbo.com/dam-images/fit-in/360x360/Products/12122024_1733992439541_1733992445261_5711953161902_1.png",
    "available": true,
    "promoUntil": null
  },
  {
    "id": "658968DS",
    "title": "Twinings Kamille-Honinh-Vanille 20 Stuks",
    "category": "Koffie en thee",
    "price": 4.29,
    "promoPrice": null,
    "pricePerUnit": "0.21 pieces",
    "image": "https://www.jumbo.com/dam-images/fit-in/360x360/Products/11022025_1739261822860_1739261844761_658968_DS_00070177231927_C1N1_s18.png",
    "available": true,
    "promoUntil": null
  },
  {
    "id": "652244FLS",
    "title": "Verstegen Guilt Free Chunky Tex-Mex Salsa 285 ml",
    "category": "Conserven, soepen, sauzen, oliën",
    "price": 3.29,
    "promoPrice": null,
    "pricePerUnit": "11.54 l",
    "image": "https://www.jumbo.com/dam-images/fit-in/360x360/Products/26102024_1729906419523_1729906422275_652244_FLS_08712200118110_C1N1.png",
    "available": true,
    "promoUntil": null
  },
  {
    "id": "669269POT",
    "title": "Jumbo's Pindakaas Chilipeper 350 g",
    "category": "Ontbijt, broodbeleg en bakproducten",
    "price": 2.99,
    "promoPrice": null,
    "pricePerUnit": "8.54 kg",
    "image": "https://www.jumbo.com/dam-images/fit-in/360x360/Products/12122024_1734003201987_1734003209004_8718452861279_1.png",
    "available": true,
    "promoUntil": null
  },
  {
    "id": "525212DS",
    "title": "Milky Way Hot Chocolate Pods 8 x 15 g",
    "category": "Koffie en thee",
    "price": 3.99,
    "promoPrice": null,
    "pricePerUnit": "33.25 kg",
    "image": "https://www.jumbo.com/dam-images/fit-in/360x360/Products/09042025_1744163361548_1744163374623_525212_DS_05056357906217_C1N1.png",
    "available": true,
    "promoUntil": null
  },
  {
    "id": "643791BUS",
    "title": "TooTea Peer & Vanille voor Kinderen vanaf 6 Maanden 100 g",
    "category": "Koffie en thee",
    "price": 9.95,
    "promoPrice": null,
    "pricePerUnit": "99.5 kg",
    "image": "https://www.jumbo.com/dam-images/fit-in/360x360/Products/31102024_1730388786281_1730388793439_8721225490026_1.png",
    "available": true,
    "promoUntil": null
  },
  {
    "id": "624094POT",
    "title": "Smaakt Bio Lupinebonen 340 g",
    "category": "Conserven, soepen, sauzen, oliën",
    "price": 2.56,
    "promoPrice": null,
    "pricePerUnit": "7.53 kg",
    "image": "https://www.jumbo.com/dam-images/fit-in/360x360/Products/14022025_1739539195387_1739539206046_8719153015893_1.png",
    "available": true,
    "promoUntil": null
  },
  {
    "id": "158609STK",
    "title": "Verkade Kookchocolade 200 g",
    "category": "Ontbijt, broodbeleg en bakproducten",
    "price": 4.95,
    "promoPrice": null,
    "pricePerUnit": "24.75 kg",
    "image": "https://www.jumbo.com/dam-images/fit-in/360x360/Products/29092023_1695996345387_1695996348447_8710412041424_1.png",
    "available": true,
    "promoUntil": null
  },
  {
    "id": "370888ZK",
    "title": "Zonnatura Bio Muesli Noten en Zaden 375 g",
    "category": "Ontbijt, broodbeleg en bakproducten",
    "price": 2.81,
    "promoPrice": null,
    "pricePerUnit": "7.49 kg",
    "image": "https://www.jumbo.com/dam-images/fit-in/360x360/Products/02072025_1751419880947_1751419885680_370888_ZK_08711812424930_C1N1.png",
    "available": true,
    "promoUntil": null
  },
  {
    "id": "388042PAK",
    "title": "Koopmans Appelkruimeltaart Bakmix 410g",
    "category": "Ontbijt, broodbeleg en bakproducten",
    "price": 1.97,
    "promoPrice": null,
    "pricePerUnit": "4.8 kg",
    "image": "https://www.jumbo.com/dam-images/fit-in/360x360/Products/17042025_1744856666555_1744856675830_388042_PAK_08710466299420_C1N1_s05.png",
    "available": true,
    "promoUntil": null
  },
  {
    "id": "648588FLS",
    "title": "Venturino Olijfolie Extra Vergine Filtrato 500ML",
    "category": "Conserven, soepen, sauzen, oliën",
    "price": 11.87,
    "promoPrice": null,
    "pricePerUnit": "23.74 l",
    "image": "https://www.jumbo.com/dam-images/fit-in/360x360/Products/15112024_1731640713414_1731640718889_648588_FLS_08013862004385_C1N1.png",
    "available": true,
    "promoUntil": null
  },
  {
    "id": "652014FLS",
    "title": "Jumbo's Knoflook Smaak Olie 250ML",
    "category": "Conserven, soepen, sauzen, oliën",
    "price": 2.19,
    "promoPrice": null,
    "pricePerUnit": "8.76 l",
    "image": "https://www.jumbo.com/dam-images/fit-in/360x360/Products/03012025_1735896767370_1735896769831_8718452856909_1.png",
    "available": true,
    "promoUntil": null
  },
  {
    "id": "627802ZK",
    "title": "Yum Yum Thai Coconut Noodle Soup 100 g",
    "category": "Conserven, soepen, sauzen, oliën",
    "price": 1.25,
    "promoPrice": null,
    "pricePerUnit": "12.5 kg",
    "image": "https://www.jumbo.com/dam-images/fit-in/360x360/Products/627802ZKdda6336e-cd5d-4978-9edf-6af37ed7f34c-1749738544125.png",
    "available": true,
    "promoUntil": null
  },
  {
    "id": "364022DSL",
    "title": "Unox Good Noodles Rund 11 x 63 g",
    "category": "Conserven, soepen, sauzen, oliën",
    "price": 12.65,
    "promoPrice": null,
    "pricePerUnit": "16.43 kg",
    "image": "https://www.jumbo.com/dam-images/fit-in/360x360/Products/87106047910452f41973d0-b587-4ecb-b812-25df5b1aea7f-1744015009856.png",
    "available": true,
    "promoUntil": null
  },
  {
    "id": "633658ZK",
    "title": "Molensteen Mix voor Volkoren brood 500g",
    "category": "Ontbijt, broodbeleg en bakproducten",
    "price": 1.95,
    "promoPrice": null,
    "pricePerUnit": "3.9 kg",
    "image": "https://www.jumbo.com/dam-images/fit-in/360x360/Products/04062024_1717515818779_1717515823435_633658_ZK_08717931904841_C1N1.png",
    "available": true,
    "promoUntil": null
  },
  {
    "id": "43711POT",
    "title": "Kühne Augurken Zoetzuur 330 g ",
    "category": "Conserven, soepen, sauzen, oliën",
    "price": 1.67,
    "promoPrice": null,
    "pricePerUnit": "9.03 kg",
    "image": "https://www.jumbo.com/dam-images/fit-in/360x360/Products/19092025_1758240063139_1758240071463_40737478_1.png",
    "available": true,
    "promoUntil": null
  },
  {
    "id": "498326KP",
    "title": "Royal Steensma Sukade 100 g",
    "category": "Ontbijt, broodbeleg en bakproducten",
    "price": 1.28,
    "promoPrice": null,
    "pricePerUnit": "12.8 kg",
    "image": "https://www.jumbo.com/dam-images/fit-in/360x360/Products/10082023_1691675001344_1691675043290_8710706008041_1.png",
    "available": true,
    "promoUntil": null
  },
  {
    "id": "623940STK",
    "title": "Smaakt Bio Pompoenpassata 350 g",
    "category": "Conserven, soepen, sauzen, oliën",
    "price": 2.96,
    "promoPrice": null,
    "pricePerUnit": "8.46 kg",
    "image": "https://www.jumbo.com/dam-images/fit-in/360x360/Products/19072025_1752883253043_1752883259827_8719153016159_1.png",
    "available": true,
    "promoUntil": null
  },
  {
    "id": "650016FLS",
    "title": "Verstegen Guilt Free Smokey BBQ Sauce 285 ml",
    "category": "Conserven, soepen, sauzen, oliën",
    "price": 3.29,
    "promoPrice": null,
    "pricePerUnit": "11.54 l",
    "image": "https://www.jumbo.com/dam-images/fit-in/360x360/Products/16102024_1729074785350_1729074790049_8712200117779_1.png",
    "available": true,
    "promoUntil": null
  },
  {
    "id": "162429POT",
    "title": "Kühne Dill Chips Zoetzuur 330 g",
    "category": "Conserven, soepen, sauzen, oliën",
    "price": 1.49,
    "promoPrice": null,
    "pricePerUnit": "8.05 kg",
    "image": "https://www.jumbo.com/dam-images/fit-in/360x360/Products/08082025_1754617342712_1754617358677_162429_POT_00000040737379_C1N1.png",
    "available": true,
    "promoUntil": null
  },
  {
    "id": "221079POT",
    "title": "Jumbo Zilver Uitjes Zuur 320 g",
    "category": "Conserven, soepen, sauzen, oliën",
    "price": 0.79,
    "promoPrice": null,
    "pricePerUnit": "4.16 kg",
    "image": "https://www.jumbo.com/dam-images/fit-in/360x360/Products/09082023_1691585002809_1691585021681_8718452329359_1.png",
    "available": true,
    "promoUntil": null
  },
  {
    "id": "628616STK",
    "title": "Jumbo groentebouillon blokjes 3 x 8 stuks",
    "category": "Conserven, soepen, sauzen, oliën",
    "price": 1.32,
    "promoPrice": null,
    "pricePerUnit": "None None",
    "image": "https://www.jumbo.com/dam-images/fit-in/360x360/Products/628616STKdc5a82b8-ed04-496d-ba96-768f467d3b96-1745827546101.png",
    "available": true,
    "promoUntil": null
  },
  {
    "id": "214621FLS",
    "title": "Melvita Acacia met Bloemen Honing Licht & Mild 250 g",
    "category": "Koffie en thee",
    "price": 3.61,
    "promoPrice": null,
    "pricePerUnit": "14.44 kg",
    "image": "https://www.jumbo.com/dam-images/fit-in/360x360/Products/08012025_1736364767616_1736364773024_8713406450301_1.png",
    "available": true,
    "promoUntil": null
  },
  {
    "id": "161036FLS",
    "title": "Pietro Coricelli Olio Extra Vergine di Oliva 500 ml",
    "category": "Conserven, soepen, sauzen, oliën",
    "price": 7.99,
    "promoPrice": null,
    "pricePerUnit": "15.98 l",
    "image": "https://www.jumbo.com/dam-images/fit-in/360x360/Products/25072025_1753453971678_1753453975753_8004275001191_1.png",
    "available": true,
    "promoUntil": null
  },
  {
    "id": "629414CUP",
    "title": "Maggi Magic Asia Saucy Noodles Peanut Saté Taste 75 g ",
    "category": "Conserven, soepen, sauzen, oliën",
    "price": 2.09,
    "promoPrice": null,
    "pricePerUnit": "27.87 kg",
    "image": "https://www.jumbo.com/dam-images/fit-in/360x360/Products/23092025_1758590088988_1758590130384_629414_CUP_07613287588814_C1N1_s01.png",
    "available": true,
    "promoUntil": null
  },
  {
    "id": "234489STK",
    "title": "Starbucks Karamelsmaak Macchiato 127,8 g",
    "category": "Koffie en thee",
    "price": 5.49,
    "promoPrice": null,
    "pricePerUnit": "0.46 pieces",
    "image": "https://www.jumbo.com/dam-images/fit-in/360x360/Products/23092025_1758599216658_1758599228779_234489_STK_07613036943765_H1N1_s01.png",
    "available": true,
    "promoUntil": null
  },
  {
    "id": "517839PAK",
    "title": "Theunisse Kokoshagel Chocolade 275 g",
    "category": "Ontbijt, broodbeleg en bakproducten",
    "price": 2.49,
    "promoPrice": null,
    "pricePerUnit": "9.05 kg",
    "image": "https://www.jumbo.com/dam-images/fit-in/360x360/Products/10012024_1704869007149_1704869009568_517839_PAK_08710754202279_C1N1_0222_s01.png",
    "available": true,
    "promoUntil": null
  },
  {
    "id": "688150DS",
    "title": "Twinings Groene Thee Munt 25 Stuks",
    "category": "Koffie en thee",
    "price": 4.29,
    "promoPrice": null,
    "pricePerUnit": "0.17 pieces",
    "image": "https://www.jumbo.com/dam-images/fit-in/360x360/Products/ed4158535a2e409e9b29b4ddc8ab6d8ad21de1bbd0c742739349679f7cb67808885f2070-664e-4182-97af-48162ab90009-1743757715435.png",
    "available": true,
    "promoUntil": null
  },
  {
    "id": "300870DS",
    "title": "MAGGI Groentebouillon Bouillonblokjes x8 81.6g",
    "category": "Conserven, soepen, sauzen, oliën",
    "price": 1.59,
    "promoPrice": null,
    "pricePerUnit": "19.39 kg",
    "image": "https://www.jumbo.com/dam-images/fit-in/360x360/Products/17092025_1758074237929_1758074246427_300870_DS_08585002443519_H1N1_s01.png",
    "available": true,
    "promoUntil": null
  },
  {
    "id": "681496CUP",
    "title": "Zuivelhoeve Stevige Trek Vanille 310g",
    "category": "Zuivel, eieren, boter",
    "price": 2.59,
    "promoPrice": null,
    "pricePerUnit": "8.35 kg",
    "image": "https://www.jumbo.com/dam-images/fit-in/360x360/Products/21022025_1740138711404_1740138714520_681496_CUP_08711399025131_C1N1.png",
    "available": true,
    "promoUntil": null
  },
  {
    "id": "187713BLK",
    "title": "Santa Maria Mexicaanse Chili Bonen Medium 410 g",
    "category": "Wereldkeukens, kruiden, pasta en rijst",
    "price": 2.96,
    "promoPrice": null,
    "pricePerUnit": "7.22 kg",
    "image": "https://www.jumbo.com/dam-images/fit-in/360x360/Products/13092025_1757728458960_1757728481530_187713_BLK_.png",
    "available": true,
    "promoUntil": null
  },
  {
    "id": "616354FLS",
    "title": "Oliehoorn Peper Mayonaise Pittig & Romig 465 ml",
    "category": "Conserven, soepen, sauzen, oliën",
    "price": 2.99,
    "promoPrice": null,
    "pricePerUnit": "6.43 l",
    "image": "https://www.jumbo.com/dam-images/fit-in/360x360/Products/09072024_1720517727172_1720517731038_8713277521810_1.png",
    "available": true,
    "promoUntil": null
  },
  {
    "id": "30555PAK",
    "title": "Segafredo Zanetti Espresso Casa Gusto Cremoso 500 g",
    "category": "Koffie en thee",
    "price": 10.89,
    "promoPrice": null,
    "pricePerUnit": "21.78 kg",
    "image": "https://www.jumbo.com/dam-images/fit-in/360x360/Products/13122023_1702437950860_1702437965785_30555_PAK_08003410311027_C1N1.png",
    "available": true,
    "promoUntil": null
  },
  {
    "id": "712588BLK",
    "title": "XXL Nutrition Protein Lemonade Peach 330ml",
    "category": "Ontbijt, broodbeleg en bakproducten",
    "price": 1.99,
    "promoPrice": null,
    "pricePerUnit": "6.03 l",
    "image": "https://www.jumbo.com/dam-images/fit-in/360x360/Products/08719881999892A1N1238ff61c-d89d-44a9-84ff-d582149c859a-1754567329069.png",
    "available": true,
    "promoUntil": null
  },
  {
    "id": "211755DS",
    "title": "Verstegen Kant & Klare Satésaus Natriumarm 3 x 80 ml",
    "category": "Conserven, soepen, sauzen, oliën",
    "price": 3.59,
    "promoPrice": null,
    "pricePerUnit": "14.96 l",
    "image": "https://www.jumbo.com/dam-images/fit-in/360x360/Products/25022025_1740453538438_1740453546815_211755_DS_08712200974501_C1N1.png",
    "available": true,
    "promoUntil": null
  },
  {
    "id": "650012POT",
    "title": "Trouble & Spice Curry Bomb Indian Crispy Chilli Oil 200 ml",
    "category": "Conserven, soepen, sauzen, oliën",
    "price": 6.99,
    "promoPrice": null,
    "pricePerUnit": "34.95 l",
    "image": "https://www.jumbo.com/dam-images/fit-in/360x360/Products/28112024_1732782797478_1732782803906_8720865697055_1.png",
    "available": true,
    "promoUntil": null
  },
  {
    "id": "632104FLS",
    "title": "NXT Level Pre-Workout Shot Orange Flavor 60 ml",
    "category": "Ontbijt, broodbeleg en bakproducten",
    "price": 1.97,
    "promoPrice": null,
    "pricePerUnit": "32.83 l",
    "image": "https://www.jumbo.com/dam-images/fit-in/360x360/Products/17042025_1744862607331_1744862611892_632104_FLS_08720828215005_C1N1.png",
    "available": true,
    "promoUntil": null
  },
  {
    "id": "620692STK",
    "title": "Jumbo yoghurtje fruit met aardbeien 4 x 200g",
    "category": "Zuivel, eieren, boter",
    "price": 5.56,
    "promoPrice": null,
    "pricePerUnit": "None None",
    "image": "https://www.jumbo.com/dam-images/fit-in/360x360/Products/620692STK5bac0d06-c44d-46d0-837e-91c2b98de0dc-1745827984788.png",
    "available": true,
    "promoUntil": null
  },
  {
    "id": "624137STK",
    "title": "Smaakt Bio Boekweit Crackers 200 g",
    "category": "Ontbijt, broodbeleg en bakproducten",
    "price": 4.49,
    "promoPrice": null,
    "pricePerUnit": "22.45 kg",
    "image": "https://www.jumbo.com/dam-images/fit-in/360x360/Products/08092025_1757334779541_1757334783799_8718924016909_1.png",
    "available": true,
    "promoUntil": null
  },
  {
    "id": "564262POT",
    "title": "Kleinste Soep Fabriek Vloeibaar Bouillonblokje Groente 150 ml",
    "category": "Conserven, soepen, sauzen, oliën",
    "price": 2.65,
    "promoPrice": null,
    "pricePerUnit": "17.67 l",
    "image": "https://www.jumbo.com/dam-images/fit-in/360x360/Products/14022024_1707872591680_1707872604252_8720143628030_1.png",
    "available": true,
    "promoUntil": null
  },
  {
    "id": "235268STK",
    "title": "Koopmans Kruidcake 400 g",
    "category": "Ontbijt, broodbeleg en bakproducten",
    "price": 2.07,
    "promoPrice": null,
    "pricePerUnit": "5.18 kg",
    "image": "https://www.jumbo.com/dam-images/fit-in/360x360/Products/18042025_1744946254696_1744946261045_235268_STK_08710466291820_C1N1_s03.png",
    "available": true,
    "promoUntil": null
  },
  {
    "id": "703837ZK",
    "title": "Maggi Jus Uitjes 22 g",
    "category": "Conserven, soepen, sauzen, oliën",
    "price": 0.79,
    "promoPrice": null,
    "pricePerUnit": "35.91 kg",
    "image": "https://www.jumbo.com/dam-images/fit-in/360x360/Products/23092025_1758593490373_1758593514906_703837_ZK_08445291981270_C1N1_s01.png",
    "available": true,
    "promoUntil": null
  },
  {
    "id": "666184POT",
    "title": "NXT Level Sports Nutrition Clear whey Iced Tea peach 300g",
    "category": "Ontbijt, broodbeleg en bakproducten",
    "price": 22.99,
    "promoPrice": null,
    "pricePerUnit": "76.63 kg",
    "image": "https://www.jumbo.com/dam-images/fit-in/360x360/Products/11022025_1739243402918_1739243406321_666184_POT_08721008440439_C1N1.png",
    "available": true,
    "promoUntil": null
  },
  {
    "id": "707021POT",
    "title": "Nestlé Nesquik Superchoco 4x28g",
    "category": "Zuivel, eieren, boter",
    "price": 2.59,
    "promoPrice": null,
    "pricePerUnit": "23.12 kg",
    "image": "https://www.jumbo.com/dam-images/fit-in/360x360/Products/27062025_1751028657464_1751028659884_707021_POT_.png",
    "available": true,
    "promoUntil": null
  },
  {
    "id": "439392DS",
    "title": "The Noodle Poodle Japanese Teriyaki 250 g",
    "category": "Conserven, soepen, sauzen, oliën",
    "price": 2.59,
    "promoPrice": null,
    "pricePerUnit": "10.36 kg",
    "image": "https://www.jumbo.com/dam-images/fit-in/360x360/Products/12022025_1739327852270_1739327859397_439392_DS_08712857982799_C1N1.png",
    "available": true,
    "promoUntil": null
  },
  {
    "id": "688127DS",
    "title": "Twinings of London Infusion Ayurveda Gember Honing Citroen 20 Stuks",
    "category": "Koffie en thee",
    "price": 3.49,
    "promoPrice": null,
    "pricePerUnit": "0.17 pieces",
    "image": "https://www.jumbo.com/dam-images/fit-in/360x360/Products/24032025_1742824526072_1742824528481_688127_DS_.png",
    "available": true,
    "promoUntil": null
  },
  {
    "id": "708588PAK",
    "title": "Upfront Eiwitreep Cripsy Vanille Kaneel 50g",
    "category": "Ontbijt, broodbeleg en bakproducten",
    "price": 2.49,
    "promoPrice": 1.86,
    "pricePerUnit": "37.2 kg",
    "image": "https://www.jumbo.com/dam-images/fit-in/360x360/Products/07072025_1751893388648_1751893391319_708588_PAK_08720986893558_A1N1.png",
    "available": true,
    "promoUntil": "di 7 okt"
  },
  {
    "id": "699364CUP",
    "title": "Namdong Snack Beef Jjigae 83 g",
    "category": "Conserven, soepen, sauzen, oliën",
    "price": 1.99,
    "promoPrice": null,
    "pricePerUnit": "23.98 kg",
    "image": "https://www.jumbo.com/dam-images/fit-in/360x360/Products/30072025_1753889674009_1753889679094_8721201997440_1.png",
    "available": true,
    "promoUntil": null
  },
  {
    "id": "713514ZK",
    "title": "Namdong Snack Kimchi Jjigae 120 g",
    "category": "Conserven, soepen, sauzen, oliën",
    "price": 1.69,
    "promoPrice": null,
    "pricePerUnit": "14.08 kg",
    "image": "https://www.jumbo.com/dam-images/fit-in/360x360/Products/03092025_1756865032588_1756865086340_713514_ZK_08721317713958_C1N1.png",
    "available": true,
    "promoUntil": null
  },
  {
    "id": "158567DS",
    "title": "Zonnatura Crunch Sesam 3 x 50 g",
    "category": "Koek, snoep, chocolade en chips",
    "price": 1.77,
    "promoPrice": null,
    "pricePerUnit": "11.8 kg",
    "image": "https://www.jumbo.com/dam-images/fit-in/360x360/Products/21112023_1700532025678_1700532033624_158567_DS_08711812407575_C1N1.png",
    "available": true,
    "promoUntil": null
  },
  {
    "id": "628619STK",
    "title": "Jumbo biologische runder bouillonblokjes 3 x 6 stuks",
    "category": "Conserven, soepen, sauzen, oliën",
    "price": 1.77,
    "promoPrice": null,
    "pricePerUnit": "None None",
    "image": "https://www.jumbo.com/dam-images/fit-in/360x360/Products/628619STK1322f901-246d-4e21-ae56-3047baca3fed-1745830037017.png",
    "available": true,
    "promoUntil": null
  },
  {
    "id": "688097DS",
    "title": "Twinings of London Original Earl Grey 25 Stuks",
    "category": "Koffie en thee",
    "price": 4.49,
    "promoPrice": null,
    "pricePerUnit": "0.18 pieces",
    "image": "https://www.jumbo.com/dam-images/fit-in/360x360/Products/09082023_1691586653899_1691586666567_5055953902531_1.png",
    "available": true,
    "promoUntil": null
  },
  {
    "id": "637360CUP",
    "title": "Nongshim Instant Noodles Chicken Spicy Bowl 100g",
    "category": "Conserven, soepen, sauzen, oliën",
    "price": 2.29,
    "promoPrice": null,
    "pricePerUnit": "22.9 kg",
    "image": "https://www.jumbo.com/dam-images/fit-in/360x360/Products/27062024_1719474613111_1719474623407_637360_CUP_08801043055659_C1N1.png",
    "available": true,
    "promoUntil": null
  },
  {
    "id": "699360PAK",
    "title": "Upfront Granola Bar Appel Kaneel 3 Stuks",
    "category": "Ontbijt, broodbeleg en bakproducten",
    "price": 3.26,
    "promoPrice": 2.44,
    "pricePerUnit": "19.37 kg",
    "image": "https://www.jumbo.com/dam-images/fit-in/360x360/Products/22062025_1750558917577_1750558920897_699360_PAK_08720986894371_A1N1.png",
    "available": true,
    "promoUntil": "di 7 okt"
  },
  {
    "id": "707509ZK",
    "title": "Zuivelhoeve XXL Nutrition Fit Drink Chocolate Flavor Protein Drink 330 ml",
    "category": "Zuivel, eieren, boter",
    "price": 2.39,
    "promoPrice": null,
    "pricePerUnit": "7.24 l",
    "image": "https://www.jumbo.com/dam-images/fit-in/360x360/Products/01072025_1751394790422_1751394794703_8711399024875_1.png",
    "available": true,
    "promoUntil": null
  },
  {
    "id": "681362FLS",
    "title": "Mengazolli Crema di Balsamico Classico",
    "category": "Conserven, soepen, sauzen, oliën",
    "price": 3.25,
    "promoPrice": null,
    "pricePerUnit": "13.0 l",
    "image": "https://www.jumbo.com/dam-images/fit-in/360x360/Products/8005140001339crema250classicaariaogiva300dpikopie1f39db2f-ca84-402b-ba97-0d841ef88fec-1752670072883.png",
    "available": true,
    "promoUntil": null
  },
  {
    "id": "222880PAK",
    "title": "MAGGI Saus voor Asperges 250 ml",
    "category": "Conserven, soepen, sauzen, oliën",
    "price": 1.87,
    "promoPrice": null,
    "pricePerUnit": "7.48 l",
    "image": "https://www.jumbo.com/dam-images/fit-in/360x360/Products/23092025_1758594970226_1758594973926_222880_PAK_07613036609081_C1N1_s01.png",
    "available": true,
    "promoUntil": null
  },
  {
    "id": "388647ZK",
    "title": "Niamh Rustic Dark All in Broodmix 1 kg",
    "category": "Ontbijt, broodbeleg en bakproducten",
    "price": 3.49,
    "promoPrice": null,
    "pricePerUnit": "3.49 kg",
    "image": "https://www.jumbo.com/dam-images/fit-in/360x360/Products/09082023_1691587850699_1691587879894_5415196005541_1.png",
    "available": true,
    "promoUntil": null
  },
  {
    "id": "496029POT",
    "title": "St. Dalfour Cranberry en blauwe Bessen vruchtenspread",
    "category": "Ontbijt, broodbeleg en bakproducten",
    "price": 3.66,
    "promoPrice": null,
    "pricePerUnit": "12.89 kg",
    "image": "https://www.jumbo.com/dam-images/fit-in/360x360/Products/08122023_1702014034773_1702014041391_496029_POT_05014271795683_C1N1.png",
    "available": true,
    "promoUntil": null
  },
  {
    "id": "577344CUP",
    "title": "Starbucks Chilled Coffee Hazelnut Macchiato ijskoffie 220ml",
    "category": "Zuivel, eieren, boter",
    "price": 1.99,
    "promoPrice": null,
    "pricePerUnit": "9.05 l",
    "image": "https://www.jumbo.com/dam-images/fit-in/360x360/Products/12122024_1733992440037_1733992445404_5711953051258_1.png",
    "available": true,
    "promoUntil": null
  },
  {
    "id": "713513ZK",
    "title": "Namdong Snack Chicken Jjigae 120 g",
    "category": "Conserven, soepen, sauzen, oliën",
    "price": 1.69,
    "promoPrice": null,
    "pricePerUnit": "14.08 kg",
    "image": "https://www.jumbo.com/dam-images/fit-in/360x360/Products/11082025_1754912143311_1754912180387_713513_ZK_08721317713965_C1N1.png",
    "available": true,
    "promoUntil": null
  },
  {
    "id": "565905STK",
    "title": "Yum Yum Instant Noedels met Kerriesmaak 4 x 60 g",
    "category": "Conserven, soepen, sauzen, oliën",
    "price": 2.6,
    "promoPrice": null,
    "pricePerUnit": "None None",
    "image": "https://www.jumbo.com/dam-images/fit-in/360x360/Products/565905_20222017_1_T1_565905STK1691076698685.png",
    "available": true,
    "promoUntil": null
  },
  {
    "id": "512132DS",
    "title": "Knorr Cremesoep Asperge 2 x 54 g",
    "category": "Conserven, soepen, sauzen, oliën",
    "price": 1.29,
    "promoPrice": null,
    "pricePerUnit": "11.94 kg",
    "image": "https://www.jumbo.com/dam-images/fit-in/360x360/Products/28082025_1756343402493_1756343489326_512132_DS_08721201910746_H1N1.png",
    "available": true,
    "promoUntil": null
  },
  {
    "id": "233302STK",
    "title": "Pickwick Herbal Detox Kruiden Thee 20 Stuks",
    "category": "Koffie en thee",
    "price": 2.39,
    "promoPrice": null,
    "pricePerUnit": "0.12 pieces",
    "image": "https://www.jumbo.com/dam-images/fit-in/360x360/Products/03092023_1693704846644_1693704854711_233302_STK_08711000431689_C1N1.png",
    "available": true,
    "promoUntil": null
  },
  {
    "id": "624110ZK",
    "title": "Smaakt Bio Gepofte Spelt 200 g",
    "category": "Ontbijt, broodbeleg en bakproducten",
    "price": 2.56,
    "promoPrice": null,
    "pricePerUnit": "12.8 kg",
    "image": "https://www.jumbo.com/dam-images/fit-in/360x360/Products/21082025_1755786857018_1755786861928_8719153016050_1.png",
    "available": true,
    "promoUntil": null
  },
  {
    "id": "446568POT",
    "title": "Marne Milde Mosterd Franse 250 g",
    "category": "Conserven, soepen, sauzen, oliën",
    "price": 1.59,
    "promoPrice": null,
    "pricePerUnit": "6.36 kg",
    "image": "https://www.jumbo.com/dam-images/fit-in/360x360/Products/12122024_1734014885128_1734014892789_8710638003251_1.png",
    "available": true,
    "promoUntil": null
  },
  {
    "id": "563569STK",
    "title": "Neuburger Coupe Danube Vanillesmaak 8 x 200 g",
    "category": "Zuivel, eieren, boter",
    "price": 2.72,
    "promoPrice": null,
    "pricePerUnit": "None None",
    "image": "https://www.jumbo.com/dam-images/fit-in/360x360/Products/563569STK1dd6c265c-3f9d-44dc-9ebc-11affdcee5a5-1745830446473.png",
    "available": true,
    "promoUntil": null
  },
  {
    "id": "607568CUP",
    "title": "Oddlygood Dreamy Caramel Dessert 130g",
    "category": "Zuivel, eieren, boter",
    "price": 1.79,
    "promoPrice": null,
    "pricePerUnit": "13.77 kg",
    "image": "https://www.jumbo.com/dam-images/fit-in/360x360/Products/24042024_1713921743908_1713921748152_607568_CUP_06408432000249_C1N1.png",
    "available": true,
    "promoUntil": null
  },
  {
    "id": "201102POT",
    "title": "Nescafé Gold Oploskoffie 50 g",
    "category": "Koffie en thee",
    "price": 3.69,
    "promoPrice": null,
    "pricePerUnit": "73.8 kg",
    "image": "https://www.jumbo.com/dam-images/fit-in/360x360/Products/23092025_1758599047277_1758599068880_201102_POT_07613036299008_H1N1_s01.png",
    "available": true,
    "promoUntil": null
  },
  {
    "id": "587845STK",
    "title": "Starbucks® Caffe Latte No Added Sugar IJskoffie 4 x 220ml",
    "category": "Zuivel, eieren, boter",
    "price": 7.96,
    "promoPrice": null,
    "pricePerUnit": "None None",
    "image": "https://www.jumbo.com/dam-images/fit-in/360x360/Products/587845STK1369ab41c-46f3-41ac-a831-67fe4348d9d8-1694082453076.png",
    "available": true,
    "promoUntil": null
  },
  {
    "id": "672463STK",
    "title": "VegArt Brownie & Cream Dessert 130 g",
    "category": "Zuivel, eieren, boter",
    "price": 2.19,
    "promoPrice": null,
    "pricePerUnit": "18.25 kg",
    "image": "https://www.jumbo.com/dam-images/fit-in/360x360/Products/11032025_1741666629403_1741666650513_672463_STK_05999073304434_C1N1.png",
    "available": true,
    "promoUntil": null
  },
  {
    "id": "627188POT",
    "title": "Smaakt Bio Arrowroot Poeder 200 g",
    "category": "Ontbijt, broodbeleg en bakproducten",
    "price": 4.94,
    "promoPrice": null,
    "pricePerUnit": "24.7 kg",
    "image": "https://www.jumbo.com/dam-images/fit-in/360x360/Products/10062025_1749544406384_1749544411821_8718858931835_1.png",
    "available": true,
    "promoUntil": null
  },
  {
    "id": "192040ZK",
    "title": "Jumbo Zonnebloempitten 125 g",
    "category": "Ontbijt, broodbeleg en bakproducten",
    "price": 2.99,
    "promoPrice": null,
    "pricePerUnit": "23.92 kg",
    "image": "https://www.jumbo.com/dam-images/fit-in/360x360/Products/10122024_1733830365176_1733830373649_8718452236138_1.png",
    "available": true,
    "promoUntil": null
  },
  {
    "id": "689027ZK",
    "title": "Jumbo's Franse Stijl Fruits de Mer Soep 570ML",
    "category": "Conserven, soepen, sauzen, oliën",
    "price": 2.89,
    "promoPrice": null,
    "pricePerUnit": "4.98 l",
    "image": "https://www.jumbo.com/dam-images/fit-in/360x360/Products/08052025_1746714772012_1746714787491_8718452815005_596.png",
    "available": true,
    "promoUntil": null
  },
  {
    "id": "561314POT",
    "title": "Marne Scherpe Mosterd Dijon 235 g",
    "category": "Conserven, soepen, sauzen, oliën",
    "price": 1.79,
    "promoPrice": null,
    "pricePerUnit": "7.62 kg",
    "image": "https://www.jumbo.com/dam-images/fit-in/360x360/Products/26092023_1695690503325_1695690512001_561314_POT_08710638002308_C1N1.png",
    "available": true,
    "promoUntil": null
  },
  {
    "id": "706649DS",
    "title": "Smit & Dorlas Decaffeinato 10 stuks",
    "category": "Koffie en thee",
    "price": 4.39,
    "promoPrice": null,
    "pricePerUnit": "0.44 pieces",
    "image": "https://www.jumbo.com/dam-images/fit-in/360x360/Products/05082025_1754355677144_1754355681974_706649_DS_08710435138798_C1N1.png",
    "available": true,
    "promoUntil": null
  },
  {
    "id": "624764ZK",
    "title": "Wayang Premium Coffee Beans Indonesia 500 g",
    "category": "Koffie en thee",
    "price": 10.99,
    "promoPrice": null,
    "pricePerUnit": "21.98 kg",
    "image": "https://www.jumbo.com/dam-images/fit-in/360x360/Products/14062024_1718350405611_1718350409763_8720938527029_1.png",
    "available": true,
    "promoUntil": null
  },
  {
    "id": "523048POT",
    "title": "Kühne Paprikareepjes Zoetzuur 320 g",
    "category": "Conserven, soepen, sauzen, oliën",
    "price": 1.85,
    "promoPrice": null,
    "pricePerUnit": "5.78 kg",
    "image": "https://www.jumbo.com/dam-images/fit-in/360x360/Products/01082025_1754012547214_1754012559500_523048_POT_00000040804415_C1N1.png",
    "available": true,
    "promoUntil": null
  },
  {
    "id": "703838ZK",
    "title": "Maggi Vleesjus Pakje 18g",
    "category": "Conserven, soepen, sauzen, oliën",
    "price": 0.79,
    "promoPrice": null,
    "pricePerUnit": "43.89 kg",
    "image": "https://www.jumbo.com/dam-images/fit-in/360x360/Products/23092025_1758593536274_1758593549816_703838_ZK_08445290408822_C1N1_s01.png",
    "available": true,
    "promoUntil": null
  },
  {
    "id": "573409FLS",
    "title": "XXL Nutrition n' Joy Drink Iced Coffee Flavor 310 ml",
    "category": "Frisdrank en sappen",
    "price": 2.59,
    "promoPrice": null,
    "pricePerUnit": "8.35 l",
    "image": "https://www.jumbo.com/dam-images/fit-in/360x360/Products/14022024_1707873022022_1707873026240_8719881023665_1.png",
    "available": true,
    "promoUntil": null
  },
  {
    "id": "650000FLS",
    "title": "Van Wijngaarden's Zaanse Tomaten Ketchup 325ml",
    "category": "Conserven, soepen, sauzen, oliën",
    "price": 2.48,
    "promoPrice": null,
    "pricePerUnit": "7.63 l",
    "image": "https://www.jumbo.com/dam-images/fit-in/360x360/Products/12092024_1726125609025_1726125612539_650000_FLS_08710716029432_C1N1.png",
    "available": true,
    "promoUntil": null
  },
  {
    "id": "627801ZK",
    "title": "Yum Yum Japanese Chicken Flavour 60 g",
    "category": "Conserven, soepen, sauzen, oliën",
    "price": 0.69,
    "promoPrice": null,
    "pricePerUnit": "11.5 kg",
    "image": "https://www.jumbo.com/dam-images/fit-in/360x360/Products/12122024_1734014564062_1734014573955_8852018101154_1.png",
    "available": true,
    "promoUntil": null
  },
  {
    "id": "686421DS",
    "title": "Liga Mueslirepen Krenten 140g",
    "category": "Ontbijt, broodbeleg en bakproducten",
    "price": 2.09,
    "promoPrice": null,
    "pricePerUnit": "14.93 kg",
    "image": "https://www.jumbo.com/dam-images/fit-in/360x360/Products/01072025_1751332623662_1751332629655_686421_DS_07622202225321_C1N1_s03.png",
    "available": true,
    "promoUntil": null
  },
  {
    "id": "637244STK",
    "title": "Jumbo's Beste Koffie Snelfiltermaling Mokka 250 g",
    "category": "Koffie en thee",
    "price": 4.99,
    "promoPrice": null,
    "pricePerUnit": "19.96 kg",
    "image": "https://www.jumbo.com/dam-images/fit-in/360x360/Products/26092024_1727343165923_1727343169704_8718452840205_1.png",
    "available": true,
    "promoUntil": null
  },
  {
    "id": "671223ZK",
    "title": "Knorr Mix 4-Kazensaus 38 g",
    "category": "Conserven, soepen, sauzen, oliën",
    "price": 1.0,
    "promoPrice": null,
    "pricePerUnit": "27.03 kg",
    "image": "https://www.jumbo.com/dam-images/fit-in/360x360/Products/16052025_1747360723182_1747360751794_671223_ZK_08720182977953_C1N1.png",
    "available": true,
    "promoUntil": null
  },
  {
    "id": "629654ZK",
    "title": "Nongshim Instant Noedels Shin Roerbak Ramyun 131g",
    "category": "Conserven, soepen, sauzen, oliën",
    "price": 1.59,
    "promoPrice": null,
    "pricePerUnit": "12.14 kg",
    "image": "https://www.jumbo.com/dam-images/fit-in/360x360/Products/15052024_1715767035024_1715767042378_629654_ZK_08801043061674_C1N1.png",
    "available": true,
    "promoUntil": null
  },
  {
    "id": "521954STK",
    "title": "Pistoletjes Unox Gelderse Rookworst",
    "category": "Conserven, soepen, sauzen, oliën",
    "price": 10.17,
    "promoPrice": null,
    "pricePerUnit": "None None",
    "image": "https://www.jumbo.com/dam-images/fit-in/360x360/Products/521954_20073282_1_T1_521954STK1691074673831.png",
    "available": true,
    "promoUntil": null
  },
  {
    "id": "82799FLS",
    "title": "Van Gilse Bungel Stroopstift Pannenkoekenstroop 500 g",
    "category": "Ontbijt, broodbeleg en bakproducten",
    "price": 1.78,
    "promoPrice": null,
    "pricePerUnit": "3.56 kg",
    "image": "https://www.jumbo.com/dam-images/fit-in/360x360/Products/09082023_1691585784760_1691585787840_8710437007269_1.png",
    "available": true,
    "promoUntil": null
  },
  {
    "id": "611354ZK",
    "title": "Zonnatura Biologische Havermout Framboos 375g",
    "category": "Ontbijt, broodbeleg en bakproducten",
    "price": 2.96,
    "promoPrice": null,
    "pricePerUnit": "7.89 kg",
    "image": "https://www.jumbo.com/dam-images/fit-in/360x360/Products/06082024_1722958577333_1722958582245_8711812409890_1.png",
    "available": true,
    "promoUntil": null
  },
  {
    "id": "609972DS",
    "title": "Zonnatura Kamille & Lavendel Droom Zacht 20 Zakjes 30 g",
    "category": "Koffie en thee",
    "price": 2.59,
    "promoPrice": null,
    "pricePerUnit": "0.13 pieces",
    "image": "https://www.jumbo.com/dam-images/fit-in/360x360/Products/23082025_1755912842071_1755912852061_609972_DS_08711812409258_H1N1.png",
    "available": true,
    "promoUntil": null
  },
  {
    "id": "479939DS",
    "title": "Maggi Bouillon Kub Or 32 Stuks 128 g",
    "category": "Conserven, soepen, sauzen, oliën",
    "price": 1.65,
    "promoPrice": null,
    "pricePerUnit": "12.89 kg",
    "image": "https://www.jumbo.com/dam-images/fit-in/360x360/Products/18122024_1734521562555_1734521576170_8585002443571_1.png",
    "available": true,
    "promoUntil": null
  },
  {
    "id": "447592ZK",
    "title": "Nissin Demae Ramen Chicken 100 g",
    "category": "Conserven, soepen, sauzen, oliën",
    "price": 1.29,
    "promoPrice": null,
    "pricePerUnit": "12.9 kg",
    "image": "https://www.jumbo.com/dam-images/fit-in/360x360/Products/02052024_1714635367504_1714635376015_8712429350100_1.png",
    "available": true,
    "promoUntil": null
  },
  {
    "id": "623446ZK",
    "title": "Smaakt Bio Tarwezemelen 200 g",
    "category": "Ontbijt, broodbeleg en bakproducten",
    "price": 1.24,
    "promoPrice": null,
    "pricePerUnit": "6.2 kg",
    "image": "https://www.jumbo.com/dam-images/fit-in/360x360/Products/08092025_1757338395206_1757338400914_8719153022389_1.png",
    "available": true,
    "promoUntil": null
  },
  {
    "id": "509673DS",
    "title": "Smit & Dorlas Classic Roast Koffiecups 10 Stuks",
    "category": "Koffie en thee",
    "price": 4.39,
    "promoPrice": null,
    "pricePerUnit": "0.44 pieces",
    "image": "https://www.jumbo.com/dam-images/fit-in/360x360/Products/10082023_1691677395880_1691677403190_8710435138255_1.png",
    "available": true,
    "promoUntil": null
  },
  {
    "id": "234663DSL",
    "title": "Starbucks® by Nespresso ® Colombia Medium Roast - 12 x 10 Koffiecups",
    "category": "Koffie en thee",
    "price": 56.28,
    "promoPrice": null,
    "pricePerUnit": "0.47 pieces",
    "image": "https://www.jumbo.com/dam-images/fit-in/360x360/Products/761303704814808f9576b-3924-4ea1-b24f-c312e774168d-1752833011554.png",
    "available": true,
    "promoUntil": null
  },
  {
    "id": "589548STK",
    "title": "Starbucks Chilled Coffee Cappuccino ijskoffie 4 x 220ml",
    "category": "Zuivel, eieren, boter",
    "price": 7.96,
    "promoPrice": null,
    "pricePerUnit": "None None",
    "image": "https://www.jumbo.com/dam-images/fit-in/360x360/Products/589548STK16fdcf482-19f0-4283-8ead-21ba6864c058-1694612539392.png",
    "available": true,
    "promoUntil": null
  },
  {
    "id": "690259FLS",
    "title": "Wester Ruwe Rietsuiker Stroop 600 g",
    "category": "Koffie en thee",
    "price": 2.49,
    "promoPrice": null,
    "pricePerUnit": "4.15 kg",
    "image": "https://www.jumbo.com/dam-images/fit-in/360x360/Products/01042025_1743532389811_1743532395988_8710437006026_1.png",
    "available": true,
    "promoUntil": null
  },
  {
    "id": "374474ZK",
    "title": "Zonnatura Biologische Muesli Rood Fruit 375 g",
    "category": "Ontbijt, broodbeleg en bakproducten",
    "price": 2.96,
    "promoPrice": null,
    "pricePerUnit": "7.89 kg",
    "image": "https://www.jumbo.com/dam-images/fit-in/360x360/Products/02072025_1751423431009_1751423438327_374474_ZK_08711812425005_C1N1.png",
    "available": true,
    "promoUntil": null
  },
  {
    "id": "578697DSL",
    "title": "Ísey Skyr Gebakken Appel 6 x 170 g",
    "category": "Zuivel, eieren, boter",
    "price": 11.34,
    "promoPrice": null,
    "pricePerUnit": "11.12 kg",
    "image": "https://www.jumbo.com/dam-images/fit-in/360x360/Products/219567DSL-1692362535732.png",
    "available": true,
    "promoUntil": null
  },
  {
    "id": "703846ZK",
    "title": "Maggi Saus voor Groente 34 g",
    "category": "Conserven, soepen, sauzen, oliën",
    "price": 1.19,
    "promoPrice": null,
    "pricePerUnit": "35.0 kg",
    "image": "https://www.jumbo.com/dam-images/fit-in/360x360/Products/10062025_1749580370165_1749580380848_7613035518926_1.png",
    "available": true,
    "promoUntil": null
  },
  {
    "id": "522965POT",
    "title": "Kühne Wortelsalade Zoetzuur 330 g",
    "category": "Conserven, soepen, sauzen, oliën",
    "price": 1.95,
    "promoPrice": null,
    "pricePerUnit": "10.26 kg",
    "image": "https://www.jumbo.com/dam-images/fit-in/360x360/Products/18092025_1758213235871_1758213243525_40804101_1.png",
    "available": true,
    "promoUntil": null
  },
  {
    "id": "705762ZK",
    "title": "Lavazza Espresso Italiano Classico Ground Coffee 500g",
    "category": "Koffie en thee",
    "price": 12.79,
    "promoPrice": null,
    "pricePerUnit": "25.58 kg",
    "image": "https://www.jumbo.com/dam-images/fit-in/360x360/Products/19062025_1750325088294_1750325091244_705762_ZK_08000070012882_C1N1.png",
    "available": true,
    "promoUntil": null
  },
  {
    "id": "623479STK",
    "title": "Leev® bio LOVELY LENTIL cakes caramel 60g (3x2st)",
    "category": "Ontbijt, broodbeleg en bakproducten",
    "price": 2.29,
    "promoPrice": null,
    "pricePerUnit": "38.17 kg",
    "image": "https://www.jumbo.com/dam-images/fit-in/360x360/Products/16072025_1752633526862_1752633529955_623479_STK_08718215837923_A1N1.png",
    "available": true,
    "promoUntil": null
  },
  {
    "id": "517114ZK",
    "title": "Nissin Demae Ramen Spicy 100 g",
    "category": "Conserven, soepen, sauzen, oliën",
    "price": 1.29,
    "promoPrice": null,
    "pricePerUnit": "12.9 kg",
    "image": "https://www.jumbo.com/dam-images/fit-in/360x360/Products/28022024_1709089922435_1709089945213_517114_ZK_08712429361106_C1N1.png",
    "available": true,
    "promoUntil": null
  },
  {
    "id": "597954CUP",
    "title": "Nongshim Shin Kimchi 75 g",
    "category": "Conserven, soepen, sauzen, oliën",
    "price": 1.69,
    "promoPrice": null,
    "pricePerUnit": "22.53 kg",
    "image": "https://www.jumbo.com/dam-images/fit-in/360x360/Products/12122024_1734014642298_1734014650232_8801043028158_1.png",
    "available": true,
    "promoUntil": null
  },
  {
    "id": "139841DS",
    "title": "Quaker Oats Express Havermout Kaneel 330 gr ",
    "category": "Ontbijt, broodbeleg en bakproducten",
    "price": 3.15,
    "promoPrice": null,
    "pricePerUnit": "9.55 kg",
    "image": "https://www.jumbo.com/dam-images/fit-in/360x360/Products/17062025_1750123508821_1750123519712_139841_DS_08710398170507_C1N1.png",
    "available": true,
    "promoUntil": null
  },
  {
    "id": "624083ZK",
    "title": "Smaakt Bio Stroopwafels met Honing 175 g",
    "category": "Ontbijt, broodbeleg en bakproducten",
    "price": 2.49,
    "promoPrice": null,
    "pricePerUnit": "14.23 kg",
    "image": "https://www.jumbo.com/dam-images/fit-in/360x360/Products/14022025_1739539176365_1739539182655_8719153031459_1.png",
    "available": true,
    "promoUntil": null
  },
  {
    "id": "464814STK",
    "title": "Smaakt Bio Haverzemelen 500 g",
    "category": "Ontbijt, broodbeleg en bakproducten",
    "price": 3.65,
    "promoPrice": null,
    "pricePerUnit": "7.3 kg",
    "image": "https://www.jumbo.com/dam-images/fit-in/360x360/Products/08092025_1757334779623_1757334785940_8718858932603_1.png",
    "available": true,
    "promoUntil": null
  },
  {
    "id": "672176FLS",
    "title": "Starbucks Frappuccino Coffee Drink Toffee Flavour and Honey 250 ml",
    "category": "Zuivel, eieren, boter",
    "price": 2.29,
    "promoPrice": null,
    "pricePerUnit": "9.16 l",
    "image": "https://www.jumbo.com/dam-images/fit-in/360x360/Products/30082025_1756517381581_1756517385911_672176_FLS_05711953192876_H1N1.png",
    "available": true,
    "promoUntil": null
  },
  {
    "id": "628062ZK",
    "title": "Raw Organic Food Zonnebloempitten XL 1800 g",
    "category": "Ontbijt, broodbeleg en bakproducten",
    "price": 9.99,
    "promoPrice": null,
    "pricePerUnit": "5.55 kg",
    "image": "https://www.jumbo.com/dam-images/fit-in/360x360/Products/14022025_1739539196122_1739539203894_8719153046033_1.png",
    "available": true,
    "promoUntil": null
  },
  {
    "id": "637906FLS",
    "title": "Zonnatura Biologische Kombucha Jasmijn 250 ml",
    "category": "Ontbijt, broodbeleg en bakproducten",
    "price": 2.47,
    "promoPrice": null,
    "pricePerUnit": "9.88 l",
    "image": "https://www.jumbo.com/dam-images/fit-in/360x360/Products/23082025_1755913258302_1755913260496_637906_FLS_08711812411251_C1N1.png",
    "available": true,
    "promoUntil": null
  },
  {
    "id": "703290FLS",
    "title": "La Morena Ketchup met Chipotle 250ML",
    "category": "Conserven, soepen, sauzen, oliën",
    "price": 3.85,
    "promoPrice": null,
    "pricePerUnit": "15.4 l",
    "image": "https://www.jumbo.com/dam-images/fit-in/360x360/Products/05062025_1749122148623_1749122158669_703290_FLS_08720604472783_C1N1.png",
    "available": true,
    "promoUntil": null
  },
  {
    "id": "511452PAK",
    "title": "Knäckebröd Zuurdesem",
    "category": "Ontbijt, broodbeleg en bakproducten",
    "price": 2.66,
    "promoPrice": null,
    "pricePerUnit": "13.3 kg",
    "image": "https://www.jumbo.com/dam-images/fit-in/360x360/Products/24092024_1727142907746_1727142930612_511452_PAK_07312080423253_C1N1.png",
    "available": true,
    "promoUntil": null
  },
  {
    "id": "587589DS",
    "title": "Kuchenmeister Taartbodem 200 g",
    "category": "Ontbijt, broodbeleg en bakproducten",
    "price": 1.89,
    "promoPrice": null,
    "pricePerUnit": "9.45 kg",
    "image": "https://www.jumbo.com/dam-images/fit-in/360x360/Products/06122023_1701876843949_1701876858521_4101540739309_1.png",
    "available": true,
    "promoUntil": null
  },
  {
    "id": "681364FLS",
    "title": "Mengazolli Crema di Balsamico Truffel",
    "category": "Conserven, soepen, sauzen, oliën",
    "price": 3.0,
    "promoPrice": null,
    "pricePerUnit": "12.0 l",
    "image": "https://www.jumbo.com/dam-images/fit-in/360x360/Products/8005140010065crema250tartufoariaogiva300dpikopie99e28a52-5cd6-4dee-b27e-c87997edc8fd-1752670072772.png",
    "available": true,
    "promoUntil": null
  },
  {
    "id": "69764PAK",
    "title": "Nissin Cup Noodles 5 Spices Beef Aromatic Spicy Soup 64 g",
    "category": "Conserven, soepen, sauzen, oliën",
    "price": 1.99,
    "promoPrice": null,
    "pricePerUnit": "31.09 kg",
    "image": "https://www.jumbo.com/dam-images/fit-in/360x360/Products/17012025_1737080355455_1737080377836_69764_PAK_08712429130207_C1N1.png",
    "available": true,
    "promoUntil": null
  },
  {
    "id": "517313ZK",
    "title": "Unox Rookworst Extra Mager XXL 375 g",
    "category": "Conserven, soepen, sauzen, oliën",
    "price": 5.44,
    "promoPrice": null,
    "pricePerUnit": "14.51 kg",
    "image": "https://www.jumbo.com/dam-images/fit-in/360x360/Products/16072025_1752634071896_1752634087032_517313_ZK_08720182721198_C1N1.png",
    "available": true,
    "promoUntil": null
  },
  {
    "id": "214564ZK",
    "title": "Knorr Stroganoff Saus Mix 42 g",
    "category": "Conserven, soepen, sauzen, oliën",
    "price": 1.0,
    "promoPrice": null,
    "pricePerUnit": "23.81 kg",
    "image": "https://www.jumbo.com/dam-images/fit-in/360x360/Products/13082025_1755053498381_1755053548344_214564_ZK_08711200384600_H1N1.png",
    "available": true,
    "promoUntil": null
  },
  {
    "id": "627187POT",
    "title": "Smaakt Bio Pastasaus Arrabiata 350 g",
    "category": "Ontbijt, broodbeleg en bakproducten",
    "price": 2.89,
    "promoPrice": null,
    "pricePerUnit": "8.26 kg",
    "image": "https://www.jumbo.com/dam-images/fit-in/360x360/Products/27082025_1756290808911_1756290815225_8719153029159_1.png",
    "available": true,
    "promoUntil": null
  },
  {
    "id": "709904ZK",
    "title": "Nescafé Family Wiener Melange 280 g",
    "category": "Koffie en thee",
    "price": 3.99,
    "promoPrice": null,
    "pricePerUnit": "14.25 kg",
    "image": "https://www.jumbo.com/dam-images/fit-in/360x360/Products/15072025_1752604384633_1752604389418_8445291832909_1.png",
    "available": true,
    "promoUntil": null
  },
  {
    "id": "464889PAK",
    "title": "P.A.N. Voorgekookte Witte Maïs Meel 1kg",
    "category": "Ontbijt, broodbeleg en bakproducten",
    "price": 3.36,
    "promoPrice": null,
    "pricePerUnit": "3.36 kg",
    "image": "https://www.jumbo.com/dam-images/fit-in/360x360/Products/18092023_1695038165691_1695038173395_7591002000547_1.png",
    "available": true,
    "promoUntil": null
  },
  {
    "id": "513917DS",
    "title": "Roots Koffiecups Extra Dark Roast 10 Stuks",
    "category": "Koffie en thee",
    "price": 4.29,
    "promoPrice": null,
    "pricePerUnit": "0.43 pieces",
    "image": "https://www.jumbo.com/dam-images/fit-in/360x360/Products/09082023_1691590437452_1691590461418_8711363376139_1.png",
    "available": true,
    "promoUntil": null
  },
  {
    "id": "645920CUP",
    "title": "The Noodle Poodle Konjac Beef 150g",
    "category": "Conserven, soepen, sauzen, oliën",
    "price": 1.99,
    "promoPrice": null,
    "pricePerUnit": "13.27 kg",
    "image": "https://www.jumbo.com/dam-images/fit-in/360x360/Products/27082024_1724730118383_1724730121568_645920_CUP_08712857982423_C1N1.png",
    "available": true,
    "promoUntil": null
  },
  {
    "id": "464824ZK",
    "title": "Smaakt Bio Volkoren Rijstwafels 100 g",
    "category": "Ontbijt, broodbeleg en bakproducten",
    "price": 1.19,
    "promoPrice": null,
    "pricePerUnit": "11.9 kg",
    "image": "https://www.jumbo.com/dam-images/fit-in/360x360/Products/01082025_1754058871192_1754058876192_8718469777631_1.png",
    "available": true,
    "promoUntil": null
  },
  {
    "id": "624763ZK",
    "title": "Wayang Premium Coffee Beans Indonesia 500 g",
    "category": "Koffie en thee",
    "price": 11.29,
    "promoPrice": null,
    "pricePerUnit": "22.58 kg",
    "image": "https://www.jumbo.com/dam-images/fit-in/360x360/Products/10012025_1736519627494_1736519631100_8720938527043_1.png",
    "available": true,
    "promoUntil": null
  },
  {
    "id": "648587FLS",
    "title": "Venturino Biologische Olijfolie Extra Vergine 500ML",
    "category": "Conserven, soepen, sauzen, oliën",
    "price": 11.95,
    "promoPrice": null,
    "pricePerUnit": "23.9 l",
    "image": "https://www.jumbo.com/dam-images/fit-in/360x360/Products/17092025_1758074023610_1758074025632_648587_FLS_08013862004392_C1N1.png",
    "available": true,
    "promoUntil": null
  },
  {
    "id": "615018DS",
    "title": "Qualità Rossa koffiecups 10st",
    "category": "Koffie en thee",
    "price": 4.89,
    "promoPrice": null,
    "pricePerUnit": "0.49 pieces",
    "image": "https://www.jumbo.com/dam-images/fit-in/360x360/Products/26012025_1737857653880_1737857665424_615018_DS_08000070053526_C1N1.png",
    "available": true,
    "promoUntil": null
  },
  {
    "id": "386985PAK",
    "title": "Koopmans Poffertjes Origineel 400 g",
    "category": "Ontbijt, broodbeleg en bakproducten",
    "price": 1.95,
    "promoPrice": null,
    "pricePerUnit": "4.88 kg",
    "image": "https://www.jumbo.com/dam-images/fit-in/360x360/Products/18042025_1744944809310_1744944819174_386985_PAK_08710466304421_C1N1_s01.png",
    "available": true,
    "promoUntil": null
  },
  {
    "id": "691892PAK",
    "title": "Leksands Origineel Zweeds Rogge Knäckebröd 200g",
    "category": "Ontbijt, broodbeleg en bakproducten",
    "price": 2.66,
    "promoPrice": null,
    "pricePerUnit": "13.3 kg",
    "image": "https://www.jumbo.com/dam-images/fit-in/360x360/Products/07042025_1744029624576_1744029644091_691892_PAK_07312082002104_C1N1.png",
    "available": true,
    "promoUntil": null
  },
  {
    "id": "707020PAK",
    "title": "Nesquik Snack Cacao 4x26g",
    "category": "Zuivel, eieren, boter",
    "price": 1.99,
    "promoPrice": null,
    "pricePerUnit": "19.13 kg",
    "image": "https://www.jumbo.com/dam-images/fit-in/360x360/Products/7edd587ac9754266b3d446130d0d087767a15e600c1e47bda696648b03dcc89e2295b33a-f11b-4f83-a7a2-cc339e7d10a3-1754038842881.png",
    "available": true,
    "promoUntil": null
  },
  {
    "id": "703462ZK",
    "title": "Santa Maria Cheesy Taco Kruidenmix 28 g",
    "category": "Conserven, soepen, sauzen, oliën",
    "price": 1.18,
    "promoPrice": null,
    "pricePerUnit": "42.14 kg",
    "image": "https://www.jumbo.com/dam-images/fit-in/360x360/Products/13092025_1757731637219_1757731642905_703462_ZK_07311311028212_C1N1.png",
    "available": true,
    "promoUntil": null
  },
  {
    "id": "706824DS",
    "title": "Smit & Dorlas Dark Roast Cups 20 stuks",
    "category": "Koffie en thee",
    "price": 6.99,
    "promoPrice": null,
    "pricePerUnit": "0.35 pieces",
    "image": "https://www.jumbo.com/dam-images/fit-in/360x360/Products/05082025_1754356199553_1754356204411_706824_DS_08710435138811_C1N1.png",
    "available": true,
    "promoUntil": null
  },
  {
    "id": "464848ZK",
    "title": "Smaakt Bio Viergranen Notenmuesli 750 g",
    "category": "Ontbijt, broodbeleg en bakproducten",
    "price": 5.19,
    "promoPrice": null,
    "pricePerUnit": "6.92 kg",
    "image": "https://www.jumbo.com/dam-images/fit-in/360x360/Products/18092024_1726651997404_1726652002685_8719153032524_1.png",
    "available": true,
    "promoUntil": null
  },
  {
    "id": "633406POT",
    "title": "Pink Lady Appelmoes 350 g",
    "category": "Conserven, soepen, sauzen, oliën",
    "price": 1.59,
    "promoPrice": null,
    "pricePerUnit": "4.54 kg",
    "image": "https://www.jumbo.com/dam-images/fit-in/360x360/Products/05062024_1717612514186_1717612524634_8720600665851_596.png",
    "available": true,
    "promoUntil": null
  },
  {
    "id": "702527DS",
    "title": "Zonnatura Bio Citroengras & Eucalyptus Zen Momentje met Tulsi 20 Stuks",
    "category": "Koffie en thee",
    "price": 2.59,
    "promoPrice": null,
    "pricePerUnit": "74.0 kg",
    "image": "https://www.jumbo.com/dam-images/fit-in/360x360/Products/12082025_1754961920247_1754961923054_702527_DS_08711812410438_C1N1.png",
    "available": true,
    "promoUntil": null
  },
  {
    "id": "235008POT",
    "title": "Kühne Mierikswortel Fijn Geraspt 140 g",
    "category": "Conserven, soepen, sauzen, oliën",
    "price": 1.69,
    "promoPrice": null,
    "pricePerUnit": "12.07 kg",
    "image": "https://www.jumbo.com/dam-images/fit-in/360x360/Products/20092025_1758337521725_1758337532311_235008_POT_04012200032107_C1N1.png",
    "available": true,
    "promoUntil": null
  },
  {
    "id": "215798STK",
    "title": "MAGGI Smaakmaker Tomatensoep Pakjes 2 x 50 g",
    "category": "Conserven, soepen, sauzen, oliën",
    "price": 1.75,
    "promoPrice": null,
    "pricePerUnit": "17.5 kg",
    "image": "https://www.jumbo.com/dam-images/fit-in/360x360/Products/10032025_1741572247263_1741572264755_215798_STK_07613036665759_C1N1_s01.png",
    "available": true,
    "promoUntil": null
  },
  {
    "id": "198478STK",
    "title": "Remia Pittige & Frisse Shoarma Tafelsaus 250 ml",
    "category": "Conserven, soepen, sauzen, oliën",
    "price": 1.85,
    "promoPrice": null,
    "pricePerUnit": "7.4 l",
    "image": "https://www.jumbo.com/dam-images/fit-in/360x360/Products/28022025_1740717608486_1740717614363_198478_STK_08710448632887_C1N1.png",
    "available": true,
    "promoUntil": null
  },
  {
    "id": "603786FLS",
    "title": "Rimboesauzen Tokkiesaus 500ml",
    "category": "Conserven, soepen, sauzen, oliën",
    "price": 2.98,
    "promoPrice": null,
    "pricePerUnit": "5.96 l",
    "image": "https://www.jumbo.com/dam-images/fit-in/360x360/Products/8716769022314180f164c83e1640d495b9e3be-0d3f-4708-85fe-a6387df9429a-1705064493978.png",
    "available": true,
    "promoUntil": null
  },
  {
    "id": "464853ZK",
    "title": "Smaakt Bio Muesli XL 1500 g",
    "category": "Ontbijt, broodbeleg en bakproducten",
    "price": 6.79,
    "promoPrice": null,
    "pricePerUnit": "4.53 kg",
    "image": "https://www.jumbo.com/dam-images/fit-in/360x360/Products/20082025_1755685976839_1755685982405_8718924016428_1.png",
    "available": true,
    "promoUntil": null
  },
  {
    "id": "689066DS",
    "title": "Twinings Groene Thee Gember 40g",
    "category": "Koffie en thee",
    "price": 3.59,
    "promoPrice": null,
    "pricePerUnit": "0.14 pieces",
    "image": "https://www.jumbo.com/dam-images/fit-in/360x360/Products/682b117acc664ede89db603a90e27d638b7da543f66840648ada59b5b6cbe5f40c2a8247-01ef-45ac-88bc-407405ea2369-1747040762756.png",
    "available": true,
    "promoUntil": null
  },
  {
    "id": "157163FLS",
    "title": "Tromp & Rueb Natuurazijn op Eikenhout Gerijpt 750 ml",
    "category": "Conserven, soepen, sauzen, oliën",
    "price": 1.12,
    "promoPrice": null,
    "pricePerUnit": "1.49 l",
    "image": "https://www.jumbo.com/dam-images/fit-in/360x360/Products/07062025_1749260742735_1749260745518_157163_FLS_08720500106218_C1N1.png",
    "available": true,
    "promoUntil": null
  },
  {
    "id": "559456TUB",
    "title": "Zaanse Truffel Mayonaise tube 170 ml",
    "category": "Conserven, soepen, sauzen, oliën",
    "price": 2.79,
    "promoPrice": null,
    "pricePerUnit": "16.41 l",
    "image": "https://www.jumbo.com/dam-images/fit-in/360x360/Products/15062024_1718419908972_1718419912536_559456_TUB_08710716020309_C1N1.png",
    "available": true,
    "promoUntil": null
  },
  {
    "id": "56826ZK",
    "title": "Zonnatura Biologische Lijnzaad gebroken 400 g",
    "category": "Ontbijt, broodbeleg en bakproducten",
    "price": 2.29,
    "promoPrice": null,
    "pricePerUnit": "5.73 kg",
    "image": "https://www.jumbo.com/dam-images/fit-in/360x360/Products/15092025_1757943177164_1757943181258_8710863801943_1.png",
    "available": true,
    "promoUntil": null
  },
  {
    "id": "569493FLS",
    "title": "Marne Pittige Grove Mosterd Groninger 225 g",
    "category": "Conserven, soepen, sauzen, oliën",
    "price": 2.19,
    "promoPrice": null,
    "pricePerUnit": "9.73 kg",
    "image": "https://www.jumbo.com/dam-images/fit-in/360x360/Products/23122024_1734957176144_1734957181196_8710638002322_1.png",
    "available": true,
    "promoUntil": null
  },
  {
    "id": "658969DS",
    "title": "Twinings Pure Rooibos 20 Stuks",
    "category": "Koffie en thee",
    "price": 4.29,
    "promoPrice": null,
    "pricePerUnit": "0.21 pieces",
    "image": "https://www.jumbo.com/dam-images/fit-in/360x360/Products/11022025_1739261824029_1739261844699_658969_DS_00070177231910_C1N1_s01.png",
    "available": true,
    "promoUntil": null
  },
  {
    "id": "464821ZK",
    "title": "Smaakt Bio Spelt Muesli Koeken 250 g",
    "category": "Koek, snoep, chocolade en chips",
    "price": 3.65,
    "promoPrice": null,
    "pricePerUnit": "14.6 kg",
    "image": "https://www.jumbo.com/dam-images/fit-in/360x360/Products/09092025_1757410418407_1757410424481_8719153021290_1.png",
    "available": true,
    "promoUntil": null
  },
  {
    "id": "657997DS",
    "title": "Yogi Tea Biologisch Finest Selection Degustatiebox 6x3st",
    "category": "Koffie en thee",
    "price": 3.99,
    "promoPrice": null,
    "pricePerUnit": "0.22 pieces",
    "image": "https://www.jumbo.com/dam-images/fit-in/360x360/Products/16102024_1729083278560_1729083283948_657997_DS_04012824404373_C1N1.png",
    "available": true,
    "promoUntil": null
  },
  {
    "id": "94791POT",
    "title": "Kühne Remoulade met Kruiden 250 ml",
    "category": "Conserven, soepen, sauzen, oliën",
    "price": 2.19,
    "promoPrice": null,
    "pricePerUnit": "8.76 l",
    "image": "https://www.jumbo.com/dam-images/fit-in/360x360/Products/08082025_1754618427045_1754618437694_94791_POT_00000040122847_C1N1.png",
    "available": true,
    "promoUntil": null
  },
  {
    "id": "643788DS",
    "title": "TooTea Infuser 2 L",
    "category": "Koffie en thee",
    "price": 24.95,
    "promoPrice": null,
    "pricePerUnit": "24.95 pieces",
    "image": "https://www.jumbo.com/dam-images/fit-in/360x360/Products/10102024_1728570845914_1728570849432_8721225490156_1.png",
    "available": true,
    "promoUntil": null
  },
  {
    "id": "686799POT",
    "title": "Pranutti Hazelnootpasta 600g",
    "category": "Ontbijt, broodbeleg en bakproducten",
    "price": 2.05,
    "promoPrice": null,
    "pricePerUnit": "3.42 kg",
    "image": "https://www.jumbo.com/dam-images/fit-in/360x360/Products/3DPRANUTTIHazelnutSpread2204252a5bb3d5-7725-4040-beab-9e022fe1a325-1754299991175.png",
    "available": true,
    "promoUntil": null
  },
  {
    "id": "213303STK",
    "title": "Koopmans Citroencake 400 g",
    "category": "Ontbijt, broodbeleg en bakproducten",
    "price": 1.97,
    "promoPrice": null,
    "pricePerUnit": "4.93 kg",
    "image": "https://www.jumbo.com/dam-images/fit-in/360x360/Products/17042025_1744861314531_1744861320716_213303_STK_08710466289728_C1N1_s03.png",
    "available": true,
    "promoUntil": null
  },
  {
    "id": "629412CUP",
    "title": "Maggi Magic Asia Saucy Noodles Sweet Chili 75 g ",
    "category": "Conserven, soepen, sauzen, oliën",
    "price": 2.09,
    "promoPrice": null,
    "pricePerUnit": "27.87 kg",
    "image": "https://www.jumbo.com/dam-images/fit-in/360x360/Products/23072025_1753259607356_1753259613707_7613037683608_1.png",
    "available": true,
    "promoUntil": null
  },
  {
    "id": "623938STK",
    "title": "Smaakt Bio Gerstvlokken 500 g",
    "category": "Ontbijt, broodbeleg en bakproducten",
    "price": 1.85,
    "promoPrice": null,
    "pricePerUnit": "3.7 kg",
    "image": "https://www.jumbo.com/dam-images/fit-in/360x360/Products/14022025_1739539194784_1739539200676_8718215063155_1.png",
    "available": true,
    "promoUntil": null
  },
  {
    "id": "382541ZK",
    "title": "Zonnatura Bio Volkoren Havermout 500 g",
    "category": "Ontbijt, broodbeleg en bakproducten",
    "price": 2.07,
    "promoPrice": null,
    "pricePerUnit": "4.14 kg",
    "image": "https://www.jumbo.com/dam-images/fit-in/360x360/Products/08122023_1702014595339_1702014603281_382541_ZK_08711812423964_C1N1.png",
    "available": true,
    "promoUntil": null
  },
  {
    "id": "671843PAK",
    "title": "Kinder Paradiso 4 Stuks 116g",
    "category": "Zuivel, eieren, boter",
    "price": 2.89,
    "promoPrice": null,
    "pricePerUnit": "24.91 kg",
    "image": "https://www.jumbo.com/dam-images/fit-in/360x360/Products/15042025_1744709591497_1744709598247_80051237_1.png",
    "available": true,
    "promoUntil": null
  },
  {
    "id": "480463BLK",
    "title": "Unox Worst Knaks Pittig 400 g",
    "category": "Vleeswaren, kaas en tapas",
    "price": 3.5,
    "promoPrice": null,
    "pricePerUnit": "17.5 kg",
    "image": "https://www.jumbo.com/dam-images/fit-in/360x360/Products/16042025_1744773361217_1744773376318_480463_BLK_08720182231093_C1N1.png",
    "available": true,
    "promoUntil": null
  },
  {
    "id": "617980PAK",
    "title": "Oddlygood Barista Delight Oat Drink 1L",
    "category": "Zuivel, eieren, boter",
    "price": 2.39,
    "promoPrice": null,
    "pricePerUnit": "2.39 l",
    "image": "https://www.jumbo.com/dam-images/fit-in/360x360/Products/06430081490584C1R1c2ec88d3-de0f-45f3-b0ed-66de1f269424-1714382507164.png",
    "available": true,
    "promoUntil": null
  },
  {
    "id": "623467ZK",
    "title": "Smaakt Bio Speltvlokken 500 g",
    "category": "Ontbijt, broodbeleg en bakproducten",
    "price": 2.79,
    "promoPrice": null,
    "pricePerUnit": "5.58 kg",
    "image": "https://www.jumbo.com/dam-images/fit-in/360x360/Products/12082025_1754994819718_1754994825332_8718215063322_1.png",
    "available": true,
    "promoUntil": null
  },
  {
    "id": "481442DS",
    "title": "Kellogg's Trésor Chocolade Hazelnotensmaak 410 g",
    "category": "Ontbijt, broodbeleg en bakproducten",
    "price": 4.54,
    "promoPrice": null,
    "pricePerUnit": "11.07 kg",
    "image": "https://www.jumbo.com/dam-images/fit-in/360x360/Products/11082025_1754912035259_1754912039938_5053827199568_1.png",
    "available": true,
    "promoUntil": null
  },
  {
    "id": "169241EM",
    "title": "Remia Gevulde Paprikasaus op Hongaarse Wijze 500 ml",
    "category": "Conserven, soepen, sauzen, oliën",
    "price": 2.29,
    "promoPrice": null,
    "pricePerUnit": "4.58 l",
    "image": "https://www.jumbo.com/dam-images/fit-in/360x360/Products/13062024_1718240781199_1718240786999_169241_EM_08710448680666_C1N1.png",
    "available": true,
    "promoUntil": null
  },
  {
    "id": "603784FLS",
    "title": "Rimboesauzen Hete Knoflooksaus 500ml",
    "category": "Conserven, soepen, sauzen, oliën",
    "price": 2.89,
    "promoPrice": null,
    "pricePerUnit": "5.78 l",
    "image": "https://www.jumbo.com/dam-images/fit-in/360x360/Products/871676903131657e19181d4e654bb162d4f6f3-40c8-401a-8613-068ddc47c27e-1705063317686.png",
    "available": true,
    "promoUntil": null
  },
  {
    "id": "565465ZK",
    "title": "Snack A Jacks Crispies Kaas Rijstwafels 23 gr",
    "category": "Ontbijt, broodbeleg en bakproducten",
    "price": 0.99,
    "promoPrice": null,
    "pricePerUnit": "43.04 kg",
    "image": "https://www.jumbo.com/dam-images/fit-in/360x360/Products/27032025_1743071588223_1743071592835_8710398521590_1.png",
    "available": true,
    "promoUntil": null
  },
  {
    "id": "676553DS",
    "title": "Nairn's Gluten Free Super Seeded Wholegrain Crackers 24 Stuks 137 g",
    "category": "Ontbijt, broodbeleg en bakproducten",
    "price": 2.96,
    "promoPrice": null,
    "pricePerUnit": "21.61 kg",
    "image": "https://www.jumbo.com/dam-images/fit-in/360x360/Products/14052025_1747185563630_1747185568730_676553_DS_00612322001933_C1N1.png",
    "available": true,
    "promoUntil": null
  },
  {
    "id": "703546CUP",
    "title": "Maggi Magic Asia Saucy Noodles Sesame Chicken Taste 75 g",
    "category": "Conserven, soepen, sauzen, oliën",
    "price": 2.09,
    "promoPrice": null,
    "pricePerUnit": "27.87 kg",
    "image": "https://www.jumbo.com/dam-images/fit-in/360x360/Products/23072025_1753259607574_1753259614031_7613037683417_1.png",
    "available": true,
    "promoUntil": null
  },
  {
    "id": "92676PAK",
    "title": "Melkunie Halfvolle Koffiemelk 465 ml",
    "category": "Zuivel, eieren, boter",
    "price": 1.49,
    "promoPrice": null,
    "pricePerUnit": "3.2 l",
    "image": "https://www.jumbo.com/dam-images/fit-in/360x360/Products/10062025_1749558766302_1749558770725_8718166007321_1.png",
    "available": true,
    "promoUntil": null
  },
  {
    "id": "551501FLS",
    "title": "Sweet Baby Ray's Honey barbecuesaus",
    "category": "Conserven, soepen, sauzen, oliën",
    "price": 3.99,
    "promoPrice": null,
    "pricePerUnit": "7.82 kg",
    "image": "https://www.jumbo.com/dam-images/fit-in/360x360/Products/12122024_1734014682342_1734014685871_13409517321_1.png",
    "available": true,
    "promoUntil": null
  },
  {
    "id": "703469DS",
    "title": "Maggi Vis Bouillon 80 g",
    "category": "Conserven, soepen, sauzen, oliën",
    "price": 1.59,
    "promoPrice": null,
    "pricePerUnit": "19.88 kg",
    "image": "https://www.jumbo.com/dam-images/fit-in/360x360/Products/07082025_1754532440722_1754532460914_703469_DS_08585002442451_H1N1_s01.png",
    "available": true,
    "promoUntil": null
  },
  {
    "id": "587064POT",
    "title": "NXT Level Creatine Monohydrate 300 g",
    "category": "Ontbijt, broodbeleg en bakproducten",
    "price": 17.99,
    "promoPrice": null,
    "pricePerUnit": "59.97 kg",
    "image": "https://www.jumbo.com/dam-images/fit-in/360x360/Products/08720589887305Fb860bda1-9b09-4a80-be49-8f93e5312077-1737628024763.png",
    "available": true,
    "promoUntil": null
  },
  {
    "id": "659058ZK",
    "title": "Senseo Mild Coffee Pads 36 Stuks 250 g",
    "category": "Koffie en thee",
    "price": 6.29,
    "promoPrice": null,
    "pricePerUnit": "0.17 pieces",
    "image": "https://www.jumbo.com/dam-images/fit-in/360x360/Products/02042025_1743554015102_1743554021994_8711000341094_1.png",
    "available": true,
    "promoUntil": null
  },
  {
    "id": "196400DSL",
    "title": "Unox Good Pasta Bolognese 8 x 68 g",
    "category": "Conserven, soepen, sauzen, oliën",
    "price": 17.52,
    "promoPrice": null,
    "pricePerUnit": "32.21 kg",
    "image": "https://www.jumbo.com/dam-images/fit-in/360x360/Products/872018287886154404e0a-8fb2-437b-97a8-88e24df5ff68-1743771605937.png",
    "available": true,
    "promoUntil": null
  },
  {
    "id": "645804ZK",
    "title": "Nestle Nesquik Strawberry Pouch 350g",
    "category": "Koffie en thee",
    "price": 3.79,
    "promoPrice": null,
    "pricePerUnit": "10.83 kg",
    "image": "https://www.jumbo.com/dam-images/fit-in/360x360/Products/05082025_1754357580972_1754357583058_645804_ZK_08445291306288_C1N1_s01.png",
    "available": true,
    "promoUntil": null
  },
  {
    "id": "671221ZK",
    "title": "Knorr Mix Witte Saus 22 g",
    "category": "Conserven, soepen, sauzen, oliën",
    "price": 1.0,
    "promoPrice": null,
    "pricePerUnit": "45.45 kg",
    "image": "https://www.jumbo.com/dam-images/fit-in/360x360/Products/29042025_1745891640513_1745891686468_671221_ZK_08720182978134_H1N1.png",
    "available": true,
    "promoUntil": null
  },
  {
    "id": "443514POT",
    "title": "Kesbeke Amsterdamse Handgeschilde Uien 495 g",
    "category": "Conserven, soepen, sauzen, oliën",
    "price": 3.79,
    "promoPrice": null,
    "pricePerUnit": "16.13 kg",
    "image": "https://www.jumbo.com/dam-images/fit-in/360x360/Products/14022024_1707872753954_1707872763230_8711271115936_1.png",
    "available": true,
    "promoUntil": null
  },
  {
    "id": "688128DS",
    "title": "Twinings Earl Grey 200g",
    "category": "Koffie en thee",
    "price": 10.99,
    "promoPrice": null,
    "pricePerUnit": "54.95 kg",
    "image": "https://www.jumbo.com/dam-images/fit-in/360x360/Products/20afed96ff3c40fcb59152064b457bc91aa40f90779e4872aa839b3e60527b578f1984af-cada-4935-88db-67d074acdf27-1744200629954.png",
    "available": true,
    "promoUntil": null
  },
  {
    "id": "506056BLK",
    "title": "Rio MareTonijn in Water 160g MSC",
    "category": "Conserven, soepen, sauzen, oliën",
    "price": 3.99,
    "promoPrice": null,
    "pricePerUnit": "35.62 kg",
    "image": "https://www.jumbo.com/dam-images/fit-in/360x360/Products/16082025_1755308012336_1755308017033_506056_BLK_08004030125025_C1N1.png",
    "available": true,
    "promoUntil": null
  },
  {
    "id": "586788POT",
    "title": "XXL Nutrition Blast! Fruit Punch Flavor Pre-Workout 300 g",
    "category": "Ontbijt, broodbeleg en bakproducten",
    "price": 29.69,
    "promoPrice": null,
    "pricePerUnit": "98.97 kg",
    "image": "https://www.jumbo.com/dam-images/fit-in/360x360/Products/28092023_1695921226489_1695921275309_8719214561178_1.png",
    "available": true,
    "promoUntil": null
  },
  {
    "id": "492368FLS",
    "title": "Remia Salata Pesto Dressing 250 ml",
    "category": "Conserven, soepen, sauzen, oliën",
    "price": 1.5,
    "promoPrice": null,
    "pricePerUnit": "6.0 l",
    "image": "https://www.jumbo.com/dam-images/fit-in/360x360/Products/14022024_1707873434937_1707873442095_8710448638049_1.png",
    "available": true,
    "promoUntil": null
  },
  {
    "id": "703847ZK",
    "title": "Maggi 4 Kazen Saus 39 g",
    "category": "Conserven, soepen, sauzen, oliën",
    "price": 1.19,
    "promoPrice": null,
    "pricePerUnit": "30.51 kg",
    "image": "https://www.jumbo.com/dam-images/fit-in/360x360/Products/10062025_1749580370072_1749580376817_7613035185500_1.png",
    "available": true,
    "promoUntil": null
  },
  {
    "id": "703835PAK",
    "title": "Maggi Jus Naturel 250 ml ",
    "category": "Conserven, soepen, sauzen, oliën",
    "price": 2.59,
    "promoPrice": null,
    "pricePerUnit": "10.36 l",
    "image": "https://www.jumbo.com/dam-images/fit-in/360x360/Products/02082025_1754099843854_1754099858294_703835_PAK_08445291877443_C1N1_s01.png",
    "available": true,
    "promoUntil": null
  },
  {
    "id": "665791DS",
    "title": "Nestle Kitkat Melkchocolade 330g",
    "category": "Ontbijt, broodbeleg en bakproducten",
    "price": 4.99,
    "promoPrice": null,
    "pricePerUnit": "15.12 kg",
    "image": "https://www.jumbo.com/dam-images/fit-in/360x360/Products/14012025_1736843606655_1736843613201_8445290728791_1.png",
    "available": true,
    "promoUntil": null
  },
  {
    "id": "648675FLS",
    "title": "Ponti DolceAgro Condimento Bianco 100ml",
    "category": "Conserven, soepen, sauzen, oliën",
    "price": 2.79,
    "promoPrice": null,
    "pricePerUnit": "27.9 l",
    "image": "https://www.jumbo.com/dam-images/fit-in/360x360/Products/02092024_1725284706288_1725284708835_648675_FLS_00000080798712_C1N1.png",
    "available": true,
    "promoUntil": null
  },
  {
    "id": "452631CUP",
    "title": "Qualino Ontpitte Dadels 150 g",
    "category": "Ontbijt, broodbeleg en bakproducten",
    "price": 1.13,
    "promoPrice": null,
    "pricePerUnit": "7.53 kg",
    "image": "https://www.jumbo.com/dam-images/fit-in/360x360/Products/31052024_1717151658293_1717151666630_8710195032886_1.png",
    "available": true,
    "promoUntil": null
  },
  {
    "id": "574302POT",
    "title": "Rio Zoetstof Stevia 200g",
    "category": "Koffie en thee",
    "price": 3.46,
    "promoPrice": null,
    "pricePerUnit": "17.3 kg",
    "image": "https://www.jumbo.com/dam-images/fit-in/360x360/Products/574302_7640122995247_1_T1_574302POT1691076922001.png",
    "available": true,
    "promoUntil": null
  },
  {
    "id": "296414STK",
    "title": "Unox Rookworst Kip 275 g",
    "category": "Conserven, soepen, sauzen, oliën",
    "price": 5.34,
    "promoPrice": null,
    "pricePerUnit": "19.42 kg",
    "image": "https://www.jumbo.com/dam-images/fit-in/360x360/Products/03092024_1725326566109_1725326579423_296414_STK_08710604735001_C1N1.png",
    "available": true,
    "promoUntil": null
  },
  {
    "id": "583972DS",
    "title": "Yogi Tea Biologisch Curcuma Chai Thee 17 Stuks 34 g",
    "category": "Koffie en thee",
    "price": 3.99,
    "promoPrice": null,
    "pricePerUnit": "0.23 pieces",
    "image": "https://www.jumbo.com/dam-images/fit-in/360x360/Products/14022024_1707873373870_1707873381368_4012824404137_1.png",
    "available": true,
    "promoUntil": null
  },
  {
    "id": "629766CUP",
    "title": "Yopokki Instant Topokki Jiajiang120g",
    "category": "Conserven, soepen, sauzen, oliën",
    "price": 2.69,
    "promoPrice": null,
    "pricePerUnit": "22.42 kg",
    "image": "https://www.jumbo.com/dam-images/fit-in/360x360/Products/08809054403483A1N193e1f3a8-e0b5-4c4c-8a18-fd46d7ee8edb-1727416048387.png",
    "available": true,
    "promoUntil": null
  },
  {
    "id": "607493DS",
    "title": "L'OR Espresso Hazelnut Smaak 10 Capsules 52 g",
    "category": "Koffie en thee",
    "price": 4.39,
    "promoPrice": null,
    "pricePerUnit": "0.44 pieces",
    "image": "https://www.jumbo.com/dam-images/fit-in/360x360/Products/02042025_1743554014161_1743554026749_8711000712559_1.png",
    "available": false,
    "promoUntil": null
  },
  {
    "id": "643104DS",
    "title": "Leentjes Kraak Hagel met Aardbei 185g",
    "category": "Ontbijt, broodbeleg en bakproducten",
    "price": 2.09,
    "promoPrice": null,
    "pricePerUnit": "11.3 kg",
    "image": "https://www.jumbo.com/dam-images/fit-in/360x360/Products/18112024_1731925975921_1731925984290_8721082491181_1.png",
    "available": true,
    "promoUntil": null
  },
  {
    "id": "637352ZK",
    "title": "Mama  Instant Noedels Garnaal Tom Yum 85g",
    "category": "Conserven, soepen, sauzen, oliën",
    "price": 1.29,
    "promoPrice": null,
    "pricePerUnit": "15.18 kg",
    "image": "https://www.jumbo.com/dam-images/fit-in/360x360/Products/27062024_1719474327347_1719474338957_637352_ZK_08850987148255_C1N1.png",
    "available": true,
    "promoUntil": null
  },
  {
    "id": "637354ZK",
    "title": "Mama  Instant Noedels Gezouten ei 85g",
    "category": "Conserven, soepen, sauzen, oliën",
    "price": 1.29,
    "promoPrice": null,
    "pricePerUnit": "15.18 kg",
    "image": "https://www.jumbo.com/dam-images/fit-in/360x360/Products/24042025_1745461171678_1745461176899_637354_ZK_08850987148651_C1N1.png",
    "available": true,
    "promoUntil": null
  },
  {
    "id": "457926FLS",
    "title": "NXT Level Protein Shake Milky Chocolate Flavor 500 ml",
    "category": "Ontbijt, broodbeleg en bakproducten",
    "price": 3.09,
    "promoPrice": null,
    "pricePerUnit": "6.18 l",
    "image": "https://www.jumbo.com/dam-images/fit-in/360x360/Products/01022025_1738380092779_1738380099342_457926_FLS_08720589887947_C1N1.png",
    "available": true,
    "promoUntil": null
  },
  {
    "id": "625107DS",
    "title": "Turtle Honey Balls 300 g",
    "category": "Ontbijt, broodbeleg en bakproducten",
    "price": 3.55,
    "promoPrice": null,
    "pricePerUnit": "11.83 kg",
    "image": "https://www.jumbo.com/dam-images/fit-in/360x360/Products/17062024_1718613194695_1718613202870_5425038430394_1.png",
    "available": true,
    "promoUntil": null
  },
  {
    "id": "573829FLS",
    "title": "XXL Nutrition n' Joy Drink Chocolate Flavor 310 ml",
    "category": "Frisdrank en sappen",
    "price": 2.39,
    "promoPrice": null,
    "pricePerUnit": "7.71 l",
    "image": "https://www.jumbo.com/dam-images/fit-in/360x360/Products/14022024_1707873028443_1707873034728_8719881003353_1.png",
    "available": true,
    "promoUntil": null
  },
  {
    "id": "499680FLS",
    "title": "Zaanse Kerrie Mayonaise 325 ml",
    "category": "Conserven, soepen, sauzen, oliën",
    "price": 2.99,
    "promoPrice": null,
    "pricePerUnit": "9.2 l",
    "image": "https://www.jumbo.com/dam-images/fit-in/360x360/Products/10082023_1691677307987_1691677318955_8710716030247_1.png",
    "available": true,
    "promoUntil": null
  },
  {
    "id": "690008TUB",
    "title": "Zaanse Tomaten Ketchup Glutenvrij 190ML",
    "category": "Conserven, soepen, sauzen, oliën",
    "price": 1.49,
    "promoPrice": null,
    "pricePerUnit": "7.84 l",
    "image": "https://www.jumbo.com/dam-images/fit-in/360x360/Products/22052025_1747875694257_1747875700541_690008_TUB_08710716019044_C1N1.png",
    "available": true,
    "promoUntil": null
  },
  {
    "id": "164962FLS",
    "title": "Olijfolie Knoflook en Chili",
    "category": "Conserven, soepen, sauzen, oliën",
    "price": 5.99,
    "promoPrice": null,
    "pricePerUnit": "23.96 l",
    "image": "https://www.jumbo.com/dam-images/fit-in/360x360/Products/12122024_1734014640054_1734014642808_80481522_1.png",
    "available": true,
    "promoUntil": null
  },
  {
    "id": "390274PAK",
    "title": "The Flower Farm Koken, Bakken, Braden Zonder Palmolie 200 g",
    "category": "Zuivel, eieren, boter",
    "price": 2.39,
    "promoPrice": null,
    "pricePerUnit": "11.95 kg",
    "image": "https://www.jumbo.com/dam-images/fit-in/360x360/Products/01072025_1751369666836_1751369672805_8710472000577_1.png",
    "available": true,
    "promoUntil": null
  },
  {
    "id": "646487DS",
    "title": "Koopmans Plaatcake Stroopwafel Bakmix 450 g",
    "category": "Ontbijt, broodbeleg en bakproducten",
    "price": 3.26,
    "promoPrice": null,
    "pricePerUnit": "7.24 kg",
    "image": "https://www.jumbo.com/dam-images/fit-in/360x360/Products/17042025_1744860533994_1744860543115_646487_DS_08710466326621_C1N1_s03.png",
    "available": true,
    "promoUntil": null
  },
  {
    "id": "540433DS",
    "title": "La Place Koffiecups Colombia 10 Stuks",
    "category": "Koffie en thee",
    "price": 3.29,
    "promoPrice": null,
    "pricePerUnit": "0.33 pieces",
    "image": "https://www.jumbo.com/dam-images/fit-in/360x360/Products/26042024_1714127650636_1714127660698_8718452560554_1.png",
    "available": true,
    "promoUntil": null
  },
  {
    "id": "710996STK",
    "title": "Lay's Dipsaus Carnaval Milde Kerriesmaak 4 x 6 g",
    "category": "Conserven, soepen, sauzen, oliën",
    "price": 2.6,
    "promoPrice": null,
    "pricePerUnit": "None None",
    "image": "https://www.jumbo.com/dam-images/fit-in/360x360/Products/2025920422c70621-719f-44c9-a2bb-eedd9a92d497-1753711313962.png",
    "available": true,
    "promoUntil": null
  },
  {
    "id": "648630STK",
    "title": "Leev Dutch Oatmeal Wholegrain 450 g",
    "category": "Ontbijt, broodbeleg en bakproducten",
    "price": 2.96,
    "promoPrice": null,
    "pricePerUnit": "6.58 kg",
    "image": "https://www.jumbo.com/dam-images/fit-in/360x360/Products/07032025_1741347164662_1741347170531_8718215838203_1.png",
    "available": true,
    "promoUntil": null
  },
  {
    "id": "248744POT",
    "title": "Remia Plantaardige Mayo 350 ml",
    "category": "Conserven, soepen, sauzen, oliën",
    "price": 2.79,
    "promoPrice": null,
    "pricePerUnit": "7.97 l",
    "image": "https://www.jumbo.com/dam-images/fit-in/360x360/Products/14022024_1707872531547_1707872572347_8710448634331_1.png",
    "available": true,
    "promoUntil": null
  },
  {
    "id": "646529ZK",
    "title": "Jumbo's Dark Roast Brasil & Colombia Notig & Cacao 500 g",
    "category": "Koffie en thee",
    "price": 11.79,
    "promoPrice": null,
    "pricePerUnit": "23.58 kg",
    "image": "https://www.jumbo.com/dam-images/fit-in/360x360/Products/12122024_1734003202823_1734003210595_8718452850167_1.png",
    "available": true,
    "promoUntil": null
  },
  {
    "id": "671220ZK",
    "title": "Knorr Mix Kerriesaus 28 g",
    "category": "Conserven, soepen, sauzen, oliën",
    "price": 1.0,
    "promoPrice": null,
    "pricePerUnit": "41.67 kg",
    "image": "https://www.jumbo.com/dam-images/fit-in/360x360/Products/16052025_1747360755420_1747360795637_671220_ZK_08720182979049_H1N1.png",
    "available": true,
    "promoUntil": null
  },
  {
    "id": "481569DS",
    "title": "L'OR Espresso Forza Aluminium Capsules Maxi Pack 40 Stuks 208 g",
    "category": "Koffie en thee",
    "price": 14.99,
    "promoPrice": null,
    "pricePerUnit": "0.37 pieces",
    "image": "https://www.jumbo.com/dam-images/fit-in/360x360/Products/22082025_1755828119091_1755828125579_481569_DS_08711000390184_C1N1.png",
    "available": true,
    "promoUntil": null
  },
  {
    "id": "492366FLS",
    "title": "Remia Salata Yoghurt Dressing 250 ml",
    "category": "Conserven, soepen, sauzen, oliën",
    "price": 1.5,
    "promoPrice": null,
    "pricePerUnit": "6.0 l",
    "image": "https://www.jumbo.com/dam-images/fit-in/360x360/Products/14022024_1707873434888_1707873439657_8710448634812_1.png",
    "available": true,
    "promoUntil": null
  },
  {
    "id": "627803ZK",
    "title": "YumYum Thai Spicy Soup with Shrimp & Lemongrass (Tom Yum) 100 g",
    "category": "Conserven, soepen, sauzen, oliën",
    "price": 1.25,
    "promoPrice": null,
    "pricePerUnit": "12.5 kg",
    "image": "https://www.jumbo.com/dam-images/fit-in/360x360/Products/ThaiSignature0589f5fa-3025-4c6f-aa47-e094f7900b67-1749738544231.png",
    "available": true,
    "promoUntil": null
  },
  {
    "id": "583096CUP",
    "title": "Yum Yum Instant Noodles Beef Flavour 70 g",
    "category": "Conserven, soepen, sauzen, oliën",
    "price": 1.45,
    "promoPrice": null,
    "pricePerUnit": "20.71 kg",
    "image": "https://www.jumbo.com/dam-images/fit-in/360x360/Products/16102024_1729045375906_1729045387212_583096_CUP_08852018201014_C1N1.png",
    "available": true,
    "promoUntil": null
  },
  {
    "id": "627802DSL",
    "title": "Yum Yum Thai Coconut Noodle Soup - 10 x 100 g",
    "category": "Conserven, soepen, sauzen, oliën",
    "price": 12.5,
    "promoPrice": 10.62,
    "pricePerUnit": "10.62 kg",
    "image": "https://www.jumbo.com/dam-images/fit-in/360x360/Products/8852018800071861fea70-d0fd-41db-bcfd-a1f89996d4f7-1755258099812.png",
    "available": true,
    "promoUntil": "di 7 okt"
  },
  {
    "id": "573888DS",
    "title": "Leentjes Poeder Pret Roze & Blauw 120 g",
    "category": "Ontbijt, broodbeleg en bakproducten",
    "price": 3.16,
    "promoPrice": null,
    "pricePerUnit": "26.33 kg",
    "image": "https://www.jumbo.com/dam-images/fit-in/360x360/Products/14022024_1707873435354_1707873444153_8720165942893_1.png",
    "available": true,
    "promoUntil": null
  },
  {
    "id": "611399DS",
    "title": "Leentjes Strooi Pret Knutsel Gezichtjes 95 g",
    "category": "Ontbijt, broodbeleg en bakproducten",
    "price": 4.05,
    "promoPrice": null,
    "pricePerUnit": "42.63 kg",
    "image": "https://www.jumbo.com/dam-images/fit-in/360x360/Products/25032024_1711381878579_1711381906149_8721082491112_1.png",
    "available": true,
    "promoUntil": null
  },
  {
    "id": "609403FLS",
    "title": "Remia Burgersaus 250ml",
    "category": "Conserven, soepen, sauzen, oliën",
    "price": 1.85,
    "promoPrice": null,
    "pricePerUnit": "7.4 l",
    "image": "https://www.jumbo.com/dam-images/fit-in/360x360/Products/20012025_1737339563139_1737339567285_609403_FLS_08710448620105_C1N1.png",
    "available": true,
    "promoUntil": null
  },
  {
    "id": "27930POT",
    "title": "KleinsteSoepFabriek Pure Tomatensoep Biologisch 400 ml",
    "category": "Conserven, soepen, sauzen, oliën",
    "price": 4.89,
    "promoPrice": null,
    "pricePerUnit": "12.23 l",
    "image": "https://www.jumbo.com/dam-images/fit-in/360x360/Products/09082023_1691588093955_1691588193134_8718226971302_1.png",
    "available": true,
    "promoUntil": null
  },
  {
    "id": "583110DSL",
    "title": "Unox Good Noodles Oosterse Kip 11 x 70 g",
    "category": "Conserven, soepen, sauzen, oliën",
    "price": 12.65,
    "promoPrice": null,
    "pricePerUnit": "16.43 kg",
    "image": "https://www.jumbo.com/dam-images/fit-in/360x360/Products/87106047871091efb6c57-d7a8-4ad5-802d-0b785e3ddce1-1745848053443.png",
    "available": true,
    "promoUntil": null
  },
  {
    "id": "490993ZK",
    "title": "Zonnatura Bio Muesli Bessen en Zaden 375 g",
    "category": "Ontbijt, broodbeleg en bakproducten",
    "price": 2.96,
    "promoPrice": null,
    "pricePerUnit": "7.89 kg",
    "image": "https://www.jumbo.com/dam-images/fit-in/360x360/Products/02072025_1751419741149_1751419747864_490993_ZK_08711812482381_C1N1.png",
    "available": true,
    "promoUntil": null
  },
  {
    "id": "310229FLS",
    "title": "Koopmans Schudfles pannenkoeken proteïne 175 g",
    "category": "Ontbijt, broodbeleg en bakproducten",
    "price": 2.96,
    "promoPrice": null,
    "pricePerUnit": "16.91 kg",
    "image": "https://www.jumbo.com/dam-images/fit-in/360x360/Products/17042025_1744860793881_1744860799669_310229_FLS_08710466296122_C1N1_s02.png",
    "available": true,
    "promoUntil": null
  },
  {
    "id": "623870POT",
    "title": "Raw Organic Food Proteïne Cacao Poeder 125 g",
    "category": "Koffie en thee",
    "price": 4.49,
    "promoPrice": null,
    "pricePerUnit": "35.92 kg",
    "image": "https://www.jumbo.com/dam-images/fit-in/360x360/Products/12122024_1734014844895_1734014860716_8719153050023_1.png",
    "available": true,
    "promoUntil": null
  },
  {
    "id": "705750DS",
    "title": "Lavazza Espresso Maestro Ristretto 30 stuks",
    "category": "Koffie en thee",
    "price": 12.79,
    "promoPrice": null,
    "pricePerUnit": "0.43 pieces",
    "image": "https://www.jumbo.com/dam-images/fit-in/360x360/Products/19062025_1750324851585_1750324855992_705750_DS_08000070063143_C1N1.png",
    "available": true,
    "promoUntil": null
  },
  {
    "id": "543973FLS",
    "title": "Mayoneur Wasabi Mayo 250 ml",
    "category": "Conserven, soepen, sauzen, oliën",
    "price": 2.49,
    "promoPrice": null,
    "pricePerUnit": "9.96 l",
    "image": "https://www.jumbo.com/dam-images/fit-in/360x360/Products/23092025_1758599337810_1758599340894_543973_FLS_08720299140226_C1N1.png",
    "available": true,
    "promoUntil": null
  },
  {
    "id": "178461STK",
    "title": "Maggi Champignon Saus 36 g",
    "category": "Conserven, soepen, sauzen, oliën",
    "price": 1.12,
    "promoPrice": null,
    "pricePerUnit": "31.11 kg",
    "image": "https://www.jumbo.com/dam-images/fit-in/360x360/Products/24072025_1753325090611_1753325123170_178461_STK_07613035751323_C1N1_s01.png",
    "available": true,
    "promoUntil": null
  },
  {
    "id": "565900STK",
    "title": "Yum Yum Instant Noedels Rundvleessmaak 4 x 60 g",
    "category": "Conserven, soepen, sauzen, oliën",
    "price": 2.6,
    "promoPrice": null,
    "pricePerUnit": "None None",
    "image": "https://www.jumbo.com/dam-images/fit-in/360x360/Products/565900_20221997_1_T1_565900STK1691077798394.png",
    "available": true,
    "promoUntil": null
  },
  {
    "id": "420824DS",
    "title": "Zonnatura Biologische Thee - Ontspanning",
    "category": "Koffie en thee",
    "price": 2.59,
    "promoPrice": null,
    "pricePerUnit": "0.13 pieces",
    "image": "https://www.jumbo.com/dam-images/fit-in/360x360/Products/28072025_1753713236654_1753713245496_8711812480622_596.png",
    "available": true,
    "promoUntil": null
  },
  {
    "id": "707836POT",
    "title": "Royal Mediterranean Gemarineerde Artisjokharten in Olie 190 g",
    "category": "Conserven, soepen, sauzen, oliën",
    "price": 3.89,
    "promoPrice": null,
    "pricePerUnit": "20.47 kg",
    "image": "https://www.jumbo.com/dam-images/fit-in/360x360/Products/01082025_1754040792138_1754040802490_5201194506087_1.png",
    "available": true,
    "promoUntil": null
  },
  {
    "id": "441212DS",
    "title": "Lipton Thee infusie Camomile",
    "category": "Koffie en thee",
    "price": 2.99,
    "promoPrice": null,
    "pricePerUnit": "0.15 pieces",
    "image": "https://www.jumbo.com/dam-images/fit-in/360x360/Products/23012024_1706016845054_1706016863462_8711327514928_1.png",
    "available": true,
    "promoUntil": null
  },
  {
    "id": "576888DS",
    "title": "Leentjes Strooi Pret Diertjes & Regenboog 120 g",
    "category": "Ontbijt, broodbeleg en bakproducten",
    "price": 3.62,
    "promoPrice": null,
    "pricePerUnit": "30.17 kg",
    "image": "https://www.jumbo.com/dam-images/fit-in/360x360/Products/14022024_1707873434094_1707873452392_8720165942572_1.png",
    "available": true,
    "promoUntil": null
  },
  {
    "id": "625451PAK",
    "title": "Oddlygood Original Oat Drink 1L",
    "category": "Zuivel, eieren, boter",
    "price": 2.19,
    "promoPrice": null,
    "pricePerUnit": "2.19 l",
    "image": "https://www.jumbo.com/dam-images/fit-in/360x360/Products/18042024_1713441876876_1713441880123_625451_PAK_06430081490577_C1N1.png",
    "available": true,
    "promoUntil": null
  },
  {
    "id": "717477STK",
    "title": "Optimel Drinkyoghurt Framboos 0% Vet 2 x 1L",
    "category": "Zuivel, eieren, boter",
    "price": 4.38,
    "promoPrice": null,
    "pricePerUnit": "4.38 pieces",
    "image": "https://www.jumbo.com/dam-images/fit-in/360x360/Products/717477STKbdf48dfb-09f9-4db5-93c6-0808e25ee324-1756979930017.png",
    "available": true,
    "promoUntil": null
  },
  {
    "id": "573909ZK",
    "title": "Pure Via Alternatief voor Poedersuiker 200 g",
    "category": "Ontbijt, broodbeleg en bakproducten",
    "price": 4.79,
    "promoPrice": null,
    "pricePerUnit": "23.95 kg",
    "image": "https://www.jumbo.com/dam-images/fit-in/360x360/Products/14022024_1707873140883_1707873148735_7630486403052_1.png",
    "available": true,
    "promoUntil": null
  },
  {
    "id": "573906ZK",
    "title": "Pure Via Alternatief voor Bruine Basterdsuiker 300 g",
    "category": "Ontbijt, broodbeleg en bakproducten",
    "price": 6.39,
    "promoPrice": null,
    "pricePerUnit": "21.3 kg",
    "image": "https://www.jumbo.com/dam-images/fit-in/360x360/Products/24082024_1724467732052_1724467735198_573906_ZK_07630486403038_C1N1.png",
    "available": true,
    "promoUntil": null
  },
  {
    "id": "682768FLS",
    "title": "Remia Vloeibaar Bak en Braad 750 ml",
    "category": "Zuivel, eieren, boter",
    "price": 3.99,
    "promoPrice": null,
    "pricePerUnit": "5.32 l",
    "image": "https://www.jumbo.com/dam-images/fit-in/360x360/Products/26022025_1740592441901_1740592448721_682768_FLS_08710448704027_C1N1.png",
    "available": true,
    "promoUntil": null
  },
  {
    "id": "583098ZK",
    "title": "Nissin Demae Ramen Sesame Soep 100 g",
    "category": "Conserven, soepen, sauzen, oliën",
    "price": 1.29,
    "promoPrice": null,
    "pricePerUnit": "12.9 kg",
    "image": "https://www.jumbo.com/dam-images/fit-in/360x360/Products/02052024_1714635367425_1714635374554_8712429350407_1.png",
    "available": true,
    "promoUntil": null
  },
  {
    "id": "703388RP",
    "title": "XXL Nutrition N'Joy Protein bar Cookies & Cream 55g",
    "category": "Ontbijt, broodbeleg en bakproducten",
    "price": 2.49,
    "promoPrice": 1.86,
    "pricePerUnit": "33.82 kg",
    "image": "https://www.jumbo.com/dam-images/fit-in/360x360/Products/10072025_1752138420469_1752138421760_703388_RP_08719881009744_A1N1.png",
    "available": true,
    "promoUntil": "di 7 okt"
  },
  {
    "id": "711671RP",
    "title": "XXL Nutrition Proteine Bar Stracciatella 60g",
    "category": "Ontbijt, broodbeleg en bakproducten",
    "price": 2.49,
    "promoPrice": 1.86,
    "pricePerUnit": "31.0 kg",
    "image": "https://www.jumbo.com/dam-images/fit-in/360x360/Products/08719881031998A3N105f17fcb-2b2a-483b-813b-966a7a236ecc-1750410085584.png",
    "available": true,
    "promoUntil": "di 7 okt"
  },
  {
    "id": "577123PAK",
    "title": "Starbucks Chilled Coffee Caffè Latte ijskoffie 220ml",
    "category": "Zuivel, eieren, boter",
    "price": 2.19,
    "promoPrice": null,
    "pricePerUnit": "9.95 l",
    "image": "https://www.jumbo.com/dam-images/fit-in/360x360/Products/01052025_1746124371720_1746124376164_5760466920537_1.png",
    "available": true,
    "promoUntil": null
  },
  {
    "id": "694349ZK",
    "title": "Quaker Zero Sugar Added Granola Naturel 400 gr",
    "category": "Ontbijt, broodbeleg en bakproducten",
    "price": 3.85,
    "promoPrice": null,
    "pricePerUnit": "9.63 kg",
    "image": "https://www.jumbo.com/dam-images/fit-in/360x360/Products/28072025_1753706037154_1753706041222_8710398533005_1.png",
    "available": true,
    "promoUntil": null
  },
  {
    "id": "676529POT",
    "title": "La Place Mosselsaus 130ml",
    "category": "Conserven, soepen, sauzen, oliën",
    "price": 2.29,
    "promoPrice": null,
    "pricePerUnit": "17.62 l",
    "image": "https://www.jumbo.com/dam-images/fit-in/360x360/Products/09082023_1691585274536_1691585291292_8718452348886_1.png",
    "available": true,
    "promoUntil": null
  },
  {
    "id": "191922DS",
    "title": "L'OR Espresso Aluminium Capsules Lungo Elegante 10 Stuks 52 g",
    "category": "Koffie en thee",
    "price": 4.19,
    "promoPrice": null,
    "pricePerUnit": "0.42 pieces",
    "image": "https://www.jumbo.com/dam-images/fit-in/360x360/Products/22082025_1755825213030_1755825219941_191922_DS_08711000360552_C1N1.png",
    "available": true,
    "promoUntil": null
  },
  {
    "id": "129371DS",
    "title": "Peak's Free From Crispy Pillows met Choco & Vanillevulling 150 g",
    "category": "Ontbijt, broodbeleg en bakproducten",
    "price": 3.55,
    "promoPrice": null,
    "pricePerUnit": "23.67 kg",
    "image": "https://www.jumbo.com/dam-images/fit-in/360x360/Products/13052025_1747102311030_1747102328127_129371_DS_08717371166649_C1N1.png",
    "available": true,
    "promoUntil": null
  },
  {
    "id": "540464DS",
    "title": "La Place Koffiecups Lungo Originale 10 Stuks",
    "category": "Koffie en thee",
    "price": 3.29,
    "promoPrice": null,
    "pricePerUnit": "0.33 pieces",
    "image": "https://www.jumbo.com/dam-images/fit-in/360x360/Products/26042024_1714127650847_1714127659791_8718452560547_1.png",
    "available": true,
    "promoUntil": null
  },
  {
    "id": "711465STK",
    "title": "Lay's Dipsaus Fantasia Groene Kruiden 6 g",
    "category": "Conserven, soepen, sauzen, oliën",
    "price": 2.6,
    "promoPrice": null,
    "pricePerUnit": "None None",
    "image": "https://www.jumbo.com/dam-images/fit-in/360x360/Products/20258610487a6c1b-f77b-4d4d-b453-69b31015cd49-1753712056362.png",
    "available": true,
    "promoUntil": null
  },
  {
    "id": "643519DS",
    "title": "Leentjes Kraak Hagel met Citroen 185g",
    "category": "Ontbijt, broodbeleg en bakproducten",
    "price": 2.09,
    "promoPrice": null,
    "pricePerUnit": "11.3 kg",
    "image": "https://www.jumbo.com/dam-images/fit-in/360x360/Products/18112024_1731925976226_1731925984097_8721082491198_1.png",
    "available": true,
    "promoUntil": null
  },
  {
    "id": "374674STK",
    "title": "Scones met Clotted Cream en Aardbeienspread",
    "category": "Ontbijt, broodbeleg en bakproducten",
    "price": 5.03,
    "promoPrice": null,
    "pricePerUnit": "None None",
    "image": "https://www.jumbo.com/dam-images/fit-in/360x360/Products/2021524803398917-0f32-4452-b9b0-b4212979556c-1731333708496.png",
    "available": true,
    "promoUntil": null
  },
  {
    "id": "504752POT",
    "title": "St. Dalfour Sinaasappel en Gember vruchtenspread",
    "category": "Ontbijt, broodbeleg en bakproducten",
    "price": 3.85,
    "promoPrice": null,
    "pricePerUnit": "13.56 kg",
    "image": "https://www.jumbo.com/dam-images/fit-in/360x360/Products/09082023_1691591688361_1691591692743_5014271560427_1.png",
    "available": true,
    "promoUntil": null
  },
  {
    "id": "481872BAK",
    "title": "Yildriz Spaanse Allioli 150 ml",
    "category": "Vleeswaren, kaas en tapas",
    "price": 1.89,
    "promoPrice": null,
    "pricePerUnit": "12.6 l",
    "image": "https://www.jumbo.com/dam-images/fit-in/360x360/Products/08122023_1702011900662_1702011905899_481872_BAK_08710448464525_C1N1.png",
    "available": true,
    "promoUntil": null
  },
  {
    "id": "576884DS",
    "title": "Koopmans Hartige Taart met Sausmix 260 g",
    "category": "Ontbijt, broodbeleg en bakproducten",
    "price": 2.37,
    "promoPrice": null,
    "pricePerUnit": "9.12 kg",
    "image": "https://www.jumbo.com/dam-images/fit-in/360x360/Products/17042025_1744861627298_1744861639921_576884_DS_08710466320421_C1N1_s01.png",
    "available": true,
    "promoUntil": null
  },
  {
    "id": "190022FLS",
    "title": "Monini Rode Wijn Azijn 250ml",
    "category": "Conserven, soepen, sauzen, oliën",
    "price": 2.79,
    "promoPrice": null,
    "pricePerUnit": "11.16 l",
    "image": "https://www.jumbo.com/dam-images/fit-in/360x360/Products/12122023_1702356339007_1702356343322_190022_FLS_08005510004984_C1N1.png",
    "available": true,
    "promoUntil": null
  },
  {
    "id": "444205POT",
    "title": "Nescafé Original oploskoffie 33 koppen - 50 g",
    "category": "Koffie en thee",
    "price": 2.79,
    "promoPrice": null,
    "pricePerUnit": "55.8 kg",
    "image": "https://www.jumbo.com/dam-images/fit-in/360x360/Products/18092024_1726621742255_1726621750295_444205_POT_08410100077239_C1N1_s01.png",
    "available": true,
    "promoUntil": null
  },
  {
    "id": "305329ZK",
    "title": "Peak's Granola Geroosterde Boekweit 300 g",
    "category": "Ontbijt, broodbeleg en bakproducten",
    "price": 4.49,
    "promoPrice": null,
    "pricePerUnit": "14.97 kg",
    "image": "https://www.jumbo.com/dam-images/fit-in/360x360/Products/26052025_1748262787856_1748262795280_8719874041454_1.png",
    "available": true,
    "promoUntil": null
  },
  {
    "id": "672175CUP",
    "title": "Starbucks Blissful Retreat Chilled Coffee Limited Edition Mocha 220 ml",
    "category": "Zuivel, eieren, boter",
    "price": 1.99,
    "promoPrice": null,
    "pricePerUnit": "9.05 l",
    "image": "https://www.jumbo.com/dam-images/fit-in/360x360/Products/06032025_1741267947240_1741267956102_5711953192920_1.png",
    "available": true,
    "promoUntil": null
  },
  {
    "id": "688154DS",
    "title": "Twinings The Earl Grey Thee Cafeïnevrij 25 Stuks",
    "category": "Koffie en thee",
    "price": 4.49,
    "promoPrice": null,
    "pricePerUnit": "0.18 pieces",
    "image": "https://www.jumbo.com/dam-images/fit-in/360x360/Products/0029d26a35c24998a7f159ad0c1dab0286e5fbe2e0a44f788f9e7d8be2a6dd1a39c94d4e-15ea-4200-91d3-036a8c8990ae-1744200779816.png",
    "available": true,
    "promoUntil": null
  },
  {
    "id": "637909FLS",
    "title": "Zonnatura Biologische Kombucha Citroengras 250 ml",
    "category": "Ontbijt, broodbeleg en bakproducten",
    "price": 2.47,
    "promoPrice": null,
    "pricePerUnit": "9.88 l",
    "image": "https://www.jumbo.com/dam-images/fit-in/360x360/Products/26082025_1756197236169_1756197238780_8711812411466_1.png",
    "available": true,
    "promoUntil": null
  },
  {
    "id": "695886DS",
    "title": "Melitta Original koffiefilters 1x4 Intense 80 stuks",
    "category": "Koffie en thee",
    "price": 2.96,
    "promoPrice": null,
    "pricePerUnit": "0.04 pieces",
    "image": "https://www.jumbo.com/dam-images/fit-in/360x360/Products/29042025_1745951547248_1745951554841_4006508208821_1.png",
    "available": true,
    "promoUntil": null
  },
  {
    "id": "76593PAK",
    "title": "Smelik Tompoezen 6 Stuks 250 g",
    "category": "Ontbijt, broodbeleg en bakproducten",
    "price": 2.49,
    "promoPrice": null,
    "pricePerUnit": "9.96 kg",
    "image": "https://www.jumbo.com/dam-images/fit-in/360x360/Products/17012024_1705468887029_1705468906052_76593_PAK_08710775000014_C1N1_R.png",
    "available": true,
    "promoUntil": null
  },
  {
    "id": "620667STK",
    "title": "Jumbo vlaatje met vanille- & chocoladesmaak 4 x 200g",
    "category": "Zuivel, eieren, boter",
    "price": 5.96,
    "promoPrice": null,
    "pricePerUnit": "None None",
    "image": "https://www.jumbo.com/dam-images/fit-in/360x360/Products/620667STKf798ab7b-7abf-4a46-8a8e-8d4880a8190f-1745827546325.png",
    "available": true,
    "promoUntil": null
  },
  {
    "id": "505300FLS",
    "title": "Melvita Light Mix van Honing Agave- en Cichoreiwortelsiroop 365 g",
    "category": "Koffie en thee",
    "price": 4.94,
    "promoPrice": null,
    "pricePerUnit": "13.53 kg",
    "image": "https://www.jumbo.com/dam-images/fit-in/360x360/Products/09082023_1691590665438_1691590685530_8713406450561_1.png",
    "available": true,
    "promoUntil": null
  },
  {
    "id": "72318BUS",
    "title": "MinusL Spuitslagroom 250 g",
    "category": "Zuivel, eieren, boter",
    "price": 3.39,
    "promoPrice": null,
    "pricePerUnit": "13.56 kg",
    "image": "https://www.jumbo.com/dam-images/fit-in/360x360/Products/02072025_1751423243715_1751423250997_72318_BUS_04062800005827_C1N1.png",
    "available": true,
    "promoUntil": null
  },
  {
    "id": "561313POT",
    "title": "Marne Milde Mosterd Franse 235 g",
    "category": "Conserven, soepen, sauzen, oliën",
    "price": 1.59,
    "promoPrice": null,
    "pricePerUnit": "6.77 kg",
    "image": "https://www.jumbo.com/dam-images/fit-in/360x360/Products/14062024_1718327531412_1718327539602_561313_POT_08710638002285_C1N1.png",
    "available": true,
    "promoUntil": null
  },
  {
    "id": "623978ZK",
    "title": "Raw Organic Food Abrikozen 300 g",
    "category": "Ontbijt, broodbeleg en bakproducten",
    "price": 9.29,
    "promoPrice": null,
    "pricePerUnit": "30.97 kg",
    "image": "https://www.jumbo.com/dam-images/fit-in/360x360/Products/14022025_1739539195014_1739539202288_8718546998706_1.png",
    "available": true,
    "promoUntil": null
  },
  {
    "id": "198472STK",
    "title": "Remia Kruidige & Pikante Barbecue Tafelsaus 250 ml",
    "category": "Conserven, soepen, sauzen, oliën",
    "price": 1.85,
    "promoPrice": null,
    "pricePerUnit": "7.4 l",
    "image": "https://www.jumbo.com/dam-images/fit-in/360x360/Products/28022025_1740714477766_1740714484518_198472_STK_08710448632863_C1N1.png",
    "available": true,
    "promoUntil": null
  },
  {
    "id": "699951DS",
    "title": "Kellogg's Special K High Protein 21% Cocoa Hazelnut Flavour 320 g",
    "category": "Ontbijt, broodbeleg en bakproducten",
    "price": 3.95,
    "promoPrice": null,
    "pricePerUnit": "12.34 kg",
    "image": "https://www.jumbo.com/dam-images/fit-in/360x360/Products/11082025_1754912034963_1754912038327_5059319035987_1.png",
    "available": true,
    "promoUntil": null
  },
  {
    "id": "605673POT",
    "title": "Kesbeke Kimchi 430ml",
    "category": "Conserven, soepen, sauzen, oliën",
    "price": 6.23,
    "promoPrice": null,
    "pricePerUnit": "22.65 kg",
    "image": "https://www.jumbo.com/dam-images/fit-in/360x360/Products/15122023_1702627731692_1702627744647_605673_POT_08711271116124_C1N1.png",
    "available": true,
    "promoUntil": null
  },
  {
    "id": "684241DS",
    "title": "Kosso Nutrition Protein Pops Vanille 250g",
    "category": "Ontbijt, broodbeleg en bakproducten",
    "price": 7.49,
    "promoPrice": null,
    "pricePerUnit": "29.96 kg",
    "image": "https://www.jumbo.com/dam-images/fit-in/360x360/Products/KN1c5fd599-01c0-44d1-9e46-4ee0c60f8c13-1757056413652.png",
    "available": true,
    "promoUntil": null
  },
  {
    "id": "540397DS",
    "title": "La Place Lungo Intenso Koffiecups 10 Stuks",
    "category": "Koffie en thee",
    "price": 3.29,
    "promoPrice": null,
    "pricePerUnit": "0.33 pieces",
    "image": "https://www.jumbo.com/dam-images/fit-in/360x360/Products/25042024_1714055710246_1714055715830_8718452560639_1.png",
    "available": true,
    "promoUntil": null
  },
  {
    "id": "300851DS",
    "title": "Maggi Kippen Bouillon 82 g",
    "category": "Conserven, soepen, sauzen, oliën",
    "price": 1.59,
    "promoPrice": null,
    "pricePerUnit": "19.39 kg",
    "image": "https://www.jumbo.com/dam-images/fit-in/360x360/Products/23092025_1758598708465_1758598720842_300851_DS_08585002443878_H1N1_s01.png",
    "available": true,
    "promoUntil": null
  },
  {
    "id": "214567ZK",
    "title": "Knorr Aspergesaus Mix 40 g",
    "category": "Conserven, soepen, sauzen, oliën",
    "price": 1.0,
    "promoPrice": null,
    "pricePerUnit": "25.0 kg",
    "image": "https://www.jumbo.com/dam-images/fit-in/360x360/Products/06062025_1749175772801_1749175835440_214567_ZK_08711200384624_C1N1.png",
    "available": true,
    "promoUntil": null
  },
  {
    "id": "695658FLS",
    "title": "YFood Drinkmaaltijd Heavenly Hazelnut 500ML",
    "category": "Zuivel, eieren, boter",
    "price": 4.59,
    "promoPrice": null,
    "pricePerUnit": "9.18 l",
    "image": "https://www.jumbo.com/dam-images/fit-in/360x360/Products/23052025_1747966039054_1747966041132_695658_FLS_04260556639512_C1N1.png",
    "available": true,
    "promoUntil": null
  },
  {
    "id": "448025ZK",
    "title": "Unox Biologische Soep Biologische Tomaten 570 ml",
    "category": "Conserven, soepen, sauzen, oliën",
    "price": 5.09,
    "promoPrice": null,
    "pricePerUnit": "8.93 l",
    "image": "https://www.jumbo.com/dam-images/fit-in/360x360/Products/28082025_1756342867023_1756342933767_448025_ZK_08720182100696_H1N1.png",
    "available": true,
    "promoUntil": null
  },
  {
    "id": "317455DS",
    "title": "Zonnatura Bio 100% Venkel Kruideninfusie 20 Zakjes 28 g",
    "category": "Koffie en thee",
    "price": 2.59,
    "promoPrice": null,
    "pricePerUnit": "0.13 pieces",
    "image": "https://www.jumbo.com/dam-images/fit-in/360x360/Products/09082023_1691594834043_1691594836321_8711812423445_1.png",
    "available": true,
    "promoUntil": null
  },
  {
    "id": "634432CUP",
    "title": "Ísey Skyr Lactose Free Vanille 400 g",
    "category": "Zuivel, eieren, boter",
    "price": 2.99,
    "promoPrice": null,
    "pricePerUnit": "7.48 kg",
    "image": "https://www.jumbo.com/dam-images/fit-in/360x360/Products/10072025_1752109391568_1752109392486_634432_CUP_05690845003608_A1N1.png",
    "available": true,
    "promoUntil": null
  },
  {
    "id": "620690STK",
    "title": "Jumbo tiramisu - bevat alcohol 4 x 80 g",
    "category": "Zuivel, eieren, boter",
    "price": 5.56,
    "promoPrice": null,
    "pricePerUnit": "None None",
    "image": "https://www.jumbo.com/dam-images/fit-in/360x360/Products/620690STK1fea9cd8a-1f0b-4a1f-919a-9eb0947a1122-1745830037019.png",
    "available": true,
    "promoUntil": null
  },
  {
    "id": "301050DS",
    "title": "Maggi Kippen Bouillon Minder Zout Meer Kruiden 72 g",
    "category": "Conserven, soepen, sauzen, oliën",
    "price": 1.69,
    "promoPrice": null,
    "pricePerUnit": "23.47 kg",
    "image": "https://www.jumbo.com/dam-images/fit-in/360x360/Products/23092025_1758592485063_1758592493136_301050_DS_.png",
    "available": true,
    "promoUntil": null
  },
  {
    "id": "686989BLK",
    "title": "Nescafé Latte Caramel ijskoffie 250 ml",
    "category": "Zuivel, eieren, boter",
    "price": 1.89,
    "promoPrice": null,
    "pricePerUnit": "7.56 l",
    "image": "https://www.jumbo.com/dam-images/fit-in/360x360/Products/26032025_1743003191742_1743003196800_8715000002559_1.png",
    "available": true,
    "promoUntil": null
  },
  {
    "id": "422543DS",
    "title": "Starbucks® Blonde® Espresso Roast koffiebonen 4 x 450 gram",
    "category": "Koffie en thee",
    "price": 50.76,
    "promoPrice": null,
    "pricePerUnit": "28.2 kg",
    "image": "https://www.jumbo.com/dam-images/fit-in/360x360/Products/7613037204803581fe695-e962-49f5-bb3f-195c4dfe2aeb-1751544733281.png",
    "available": true,
    "promoUntil": null
  },
  {
    "id": "586787BKR",
    "title": "XXL Nutrition Shaker 800ml",
    "category": "Ontbijt, broodbeleg en bakproducten",
    "price": 4.99,
    "promoPrice": null,
    "pricePerUnit": "6.24 l",
    "image": "https://www.jumbo.com/dam-images/fit-in/360x360/Products/04092023_1693825243883_1693825244565_586787_BKR_08719881003285_T.png",
    "available": true,
    "promoUntil": null
  },
  {
    "id": "676483FLS",
    "title": "Jumbo's Aziatische Stijl Olie 250ML",
    "category": "Conserven, soepen, sauzen, oliën",
    "price": 2.19,
    "promoPrice": null,
    "pricePerUnit": "8.76 l",
    "image": "https://www.jumbo.com/dam-images/fit-in/360x360/Products/02042025_1743604411236_1743604417841_8718452883301_1.png",
    "available": true,
    "promoUntil": null
  },
  {
    "id": "707507FLS",
    "title": "Milka Chocolate Milk Caramel Flavour 2,2% Fat 250 ml",
    "category": "Zuivel, eieren, boter",
    "price": 1.59,
    "promoPrice": null,
    "pricePerUnit": "6.36 l",
    "image": "https://www.jumbo.com/dam-images/fit-in/360x360/Products/06082025_1754443962477_1754443972975_707507_FLS_05711953206061_H1N1.png",
    "available": true,
    "promoUntil": null
  },
  {
    "id": "638342PAK",
    "title": "Nxt Level Proteine Caramel Cookie Bar 55g",
    "category": "Ontbijt, broodbeleg en bakproducten",
    "price": 2.47,
    "promoPrice": 1.85,
    "pricePerUnit": "33.64 kg",
    "image": "https://www.jumbo.com/dam-images/fit-in/360x360/Products/29072025_1753754936737_1753754941877_638342_PAK_08718836394041_C1N1.png",
    "available": true,
    "promoUntil": "di 7 okt"
  },
  {
    "id": "652242FLS",
    "title": "Oliehoorn Chipotlesaus Zoet & Pittig 270 ml",
    "category": "Conserven, soepen, sauzen, oliën",
    "price": 2.59,
    "promoPrice": null,
    "pricePerUnit": "9.59 l",
    "image": "https://www.jumbo.com/dam-images/fit-in/360x360/Products/29112024_1732883615463_1732883621019_8713277501294_1.png",
    "available": true,
    "promoUntil": null
  },
  {
    "id": "145383STK",
    "title": "Van Gilse Rietsuiker Ruw 500 g",
    "category": "Ontbijt, broodbeleg en bakproducten",
    "price": 2.39,
    "promoPrice": null,
    "pricePerUnit": "4.78 kg",
    "image": "https://www.jumbo.com/dam-images/fit-in/360x360/Products/09082023_1691587974164_1691588000695_8710437009478_1.png",
    "available": true,
    "promoUntil": null
  },
  {
    "id": "691955PAK",
    "title": "Peijnenburg Honing-Karamel 348 g",
    "category": "Ontbijt, broodbeleg en bakproducten",
    "price": 2.47,
    "promoPrice": null,
    "pricePerUnit": "7.1 kg",
    "image": "https://www.jumbo.com/dam-images/fit-in/360x360/Products/28052025_1748424768756_1748424773796_8710397011986_1.png",
    "available": true,
    "promoUntil": null
  },
  {
    "id": "181122POT",
    "title": "Maille Cornichons Extra Fins 220 g",
    "category": "Conserven, soepen, sauzen, oliën",
    "price": 3.95,
    "promoPrice": null,
    "pricePerUnit": "17.95 kg",
    "image": "https://www.jumbo.com/dam-images/fit-in/360x360/Products/08122023_1702014535299_1702014544266_181122_POT_08712566246496_C1N1.png",
    "available": true,
    "promoUntil": null
  },
  {
    "id": "576886DS",
    "title": "Leentjes Strooi Pret Letters & Disco Dip 120 g",
    "category": "Ontbijt, broodbeleg en bakproducten",
    "price": 3.62,
    "promoPrice": null,
    "pricePerUnit": "30.17 kg",
    "image": "https://www.jumbo.com/dam-images/fit-in/360x360/Products/14022024_1707873435568_1707873452181_8720165942930_1.png",
    "available": true,
    "promoUntil": null
  },
  {
    "id": "364021DSL",
    "title": "Unox Good Noodles Cup Rund 8 x 63 g",
    "category": "Conserven, soepen, sauzen, oliën",
    "price": 16.72,
    "promoPrice": null,
    "pricePerUnit": "33.17 kg",
    "image": "https://www.jumbo.com/dam-images/fit-in/360x360/Products/8710522627464cc8525df-aa85-4c34-8518-05244ebb2972-1743771606069.png",
    "available": true,
    "promoUntil": null
  },
  {
    "id": "680671FLS",
    "title": "Melkunie Breaker Drinkyoghurt Strawberry 0,5% Vet 350 ml",
    "category": "Zuivel, eieren, boter",
    "price": 1.69,
    "promoPrice": null,
    "pricePerUnit": "4.83 l",
    "image": "https://www.jumbo.com/dam-images/fit-in/360x360/Products/21052025_1747820026560_1747820031787_8718166008502_1.png",
    "available": true,
    "promoUntil": null
  },
  {
    "id": "502093FLS",
    "title": "Zaanse Mosterd Mayonaise 325 ml",
    "category": "Conserven, soepen, sauzen, oliën",
    "price": 2.99,
    "promoPrice": null,
    "pricePerUnit": "9.2 l",
    "image": "https://www.jumbo.com/dam-images/fit-in/360x360/Products/17012024_1705464449540_1705464453013_502093_FLS_08710716030667_C1N1.png",
    "available": true,
    "promoUntil": null
  },
  {
    "id": "529398POT",
    "title": "Mexican Mix 340 g",
    "category": "Conserven, soepen, sauzen, oliën",
    "price": 2.49,
    "promoPrice": null,
    "pricePerUnit": "6.73 l",
    "image": "https://www.jumbo.com/dam-images/fit-in/360x360/Products/02052025_1746149447272_1746149449380_529398_POT_08719324820707_A1N1.png",
    "available": true,
    "promoUntil": null
  },
  {
    "id": "482752POT",
    "title": "Kindly's Zoete Herinneringen Suiker 200 g",
    "category": "Ontbijt, broodbeleg en bakproducten",
    "price": 1.97,
    "promoPrice": null,
    "pricePerUnit": "9.85 kg",
    "image": "https://www.jumbo.com/dam-images/fit-in/360x360/Products/27092024_1727407344615_1727407349244_482752_POT_08712514093110_C1N1.png",
    "available": true,
    "promoUntil": null
  },
  {
    "id": "381269FLS",
    "title": "Yildriz Turkse Knoflooksaus Hot 265ml",
    "category": "Conserven, soepen, sauzen, oliën",
    "price": 2.49,
    "promoPrice": null,
    "pricePerUnit": "9.4 l",
    "image": "https://www.jumbo.com/dam-images/fit-in/360x360/Products/09082023_1691588187444_1691588239458_8710448464129_1.png",
    "available": true,
    "promoUntil": null
  },
  {
    "id": "652183FLS",
    "title": "Van Wijngaarden's Zaanse Piccalilly Mayonaise 325ml",
    "category": "Conserven, soepen, sauzen, oliën",
    "price": 2.99,
    "promoPrice": null,
    "pricePerUnit": "9.2 l",
    "image": "https://www.jumbo.com/dam-images/fit-in/360x360/Products/17092024_1726579503409_1726579508461_652183_FLS_08710716029265_C1N1.png",
    "available": true,
    "promoUntil": null
  },
  {
    "id": "716677CUP",
    "title": "Yopokki Instant Topokki Kimchi 115g",
    "category": "Conserven, soepen, sauzen, oliën",
    "price": 2.69,
    "promoPrice": null,
    "pricePerUnit": "23.39 kg",
    "image": "https://www.jumbo.com/dam-images/fit-in/360x360/Products/01092025_1756709549022_1756709551274_716677_CUP_08809054403490_A1N1.png",
    "available": true,
    "promoUntil": null
  },
  {
    "id": "27923POT",
    "title": "KleinsteSoepFabriek Minestronesoep Biologisch 400 ml",
    "category": "Conserven, soepen, sauzen, oliën",
    "price": 4.49,
    "promoPrice": null,
    "pricePerUnit": "11.23 l",
    "image": "https://www.jumbo.com/dam-images/fit-in/360x360/Products/09082023_1691586880550_1691586887382_8718226971203_1.png",
    "available": true,
    "promoUntil": null
  },
  {
    "id": "677822ZK",
    "title": "Zonnatura Granola Classic Crunchy Bio 350 g",
    "category": "Ontbijt, broodbeleg en bakproducten",
    "price": 3.95,
    "promoPrice": null,
    "pricePerUnit": "11.29 kg",
    "image": "https://www.jumbo.com/dam-images/fit-in/360x360/Products/05062025_1749086606099_1749086620682_677822_ZK_08711812413842_H1N1.png",
    "available": true,
    "promoUntil": null
  },
  {
    "id": "623465STK",
    "title": "Smaakt Bio Spliterwten 400 g",
    "category": "Conserven, soepen, sauzen, oliën",
    "price": 2.07,
    "promoPrice": null,
    "pricePerUnit": "5.18 kg",
    "image": "https://www.jumbo.com/dam-images/fit-in/360x360/Products/14022025_1739539215546_1739539221882_8719153022471_1.png",
    "available": true,
    "promoUntil": null
  },
  {
    "id": "700349PAK",
    "title": "Leev®  bio LOVELY LENTIL bar cacao 30g",
    "category": "Ontbijt, broodbeleg en bakproducten",
    "price": 1.79,
    "promoPrice": null,
    "pricePerUnit": "59.67 kg",
    "image": "https://www.jumbo.com/dam-images/fit-in/360x360/Products/18072025_1752802794144_1752802795000_700349_PAK_08718215838012_A1N1.png",
    "available": true,
    "promoUntil": null
  },
  {
    "id": "703468DS",
    "title": "Maggi Champignon Bouillon 80 g",
    "category": "Conserven, soepen, sauzen, oliën",
    "price": 1.59,
    "promoPrice": null,
    "pricePerUnit": "19.88 kg",
    "image": "https://www.jumbo.com/dam-images/fit-in/360x360/Products/06062025_1749234829614_1749234836847_8585002442475_1.png",
    "available": true,
    "promoUntil": null
  },
  {
    "id": "447917PAK",
    "title": "Koopmans Griesmeelpudding Vanillesmaak 500 g",
    "category": "Ontbijt, broodbeleg en bakproducten",
    "price": 1.45,
    "promoPrice": null,
    "pricePerUnit": "2.9 kg",
    "image": "https://www.jumbo.com/dam-images/fit-in/360x360/Products/17042025_1744854796320_1744854802763_447917_PAK_08710466314420_C1N1_s02.png",
    "available": true,
    "promoUntil": null
  },
  {
    "id": "705754DS",
    "title": "Lavazza Nespresso Tales of Roma 57g",
    "category": "Koffie en thee",
    "price": 4.99,
    "promoPrice": null,
    "pricePerUnit": "87.54 kg",
    "image": "https://www.jumbo.com/dam-images/fit-in/360x360/Products/19062025_1750324959914_1750324963775_705754_DS_08000070075290_C1N1.png",
    "available": true,
    "promoUntil": null
  },
  {
    "id": "563534BAK",
    "title": "Wijko Satésaus Hot Kant en Klaar 520 g",
    "category": "Conserven, soepen, sauzen, oliën",
    "price": 3.69,
    "promoPrice": null,
    "pricePerUnit": "7.1 kg",
    "image": "https://www.jumbo.com/dam-images/fit-in/360x360/Products/11092025_1757556302958_1757556307565_563534_BAK_08718053070865_C1N1.png",
    "available": true,
    "promoUntil": null
  },
  {
    "id": "624120ZK",
    "title": "Raw Organic Muesli Hennep 500 g",
    "category": "Ontbijt, broodbeleg en bakproducten",
    "price": 4.59,
    "promoPrice": null,
    "pricePerUnit": "9.18 kg",
    "image": "https://www.jumbo.com/dam-images/fit-in/360x360/Products/14022025_1739539216240_1739539220529_8719153030506_1.png",
    "available": true,
    "promoUntil": null
  },
  {
    "id": "382549ZK",
    "title": "Schär  Melto Pocket Glutenvrij 30 g",
    "category": "Koek, snoep, chocolade en chips",
    "price": 1.18,
    "promoPrice": null,
    "pricePerUnit": "39.33 kg",
    "image": "https://www.jumbo.com/dam-images/fit-in/360x360/Products/29072025_1753799573470_1753799577304_8008698026540_1.png",
    "available": true,
    "promoUntil": null
  },
  {
    "id": "565464ZK",
    "title": "Snack A Jacks Crispies Sour Cream & Chive Rijstwafels 23 gr",
    "category": "Ontbijt, broodbeleg en bakproducten",
    "price": 0.99,
    "promoPrice": null,
    "pricePerUnit": "43.04 kg",
    "image": "https://www.jumbo.com/dam-images/fit-in/360x360/Products/18032025_1742311966481_1742311972522_8710398521637_1.png",
    "available": true,
    "promoUntil": null
  },
  {
    "id": "661010BLK",
    "title": "Volendam Exclusief Kreeftensoep 480ml",
    "category": "Conserven, soepen, sauzen, oliën",
    "price": 4.99,
    "promoPrice": null,
    "pricePerUnit": "10.4 l",
    "image": "https://www.jumbo.com/dam-images/fit-in/360x360/Products/05112024_1730794831470_1730794836358_661010_BLK_08710879001504_C1N1.png",
    "available": true,
    "promoUntil": null
  },
  {
    "id": "132635FLS",
    "title": "Tabasco Chipotle Pepper Sauce BBQ Smaak 60 ml",
    "category": "Conserven, soepen, sauzen, oliën",
    "price": 2.99,
    "promoPrice": null,
    "pricePerUnit": "49.83 l",
    "image": "https://www.jumbo.com/dam-images/fit-in/360x360/Products/12122024_1734014400457_1734014405074_11210607729_1.png",
    "available": true,
    "promoUntil": null
  },
  {
    "id": "688801DS",
    "title": "Twinings Ayurveda Herb Peer Honing Kaneel 36g",
    "category": "Koffie en thee",
    "price": 3.49,
    "promoPrice": null,
    "pricePerUnit": "0.17 pieces",
    "image": "https://www.jumbo.com/dam-images/fit-in/360x360/Products/26032025_1743001029592_1743001032618_688801_DS_.png",
    "available": true,
    "promoUntil": null
  },
  {
    "id": "681279DS",
    "title": "Leentjes Bakmix Koekjes Pret 300 g",
    "category": "Ontbijt, broodbeleg en bakproducten",
    "price": 2.89,
    "promoPrice": null,
    "pricePerUnit": "9.63 kg",
    "image": "https://www.jumbo.com/dam-images/fit-in/360x360/Products/02042025_1743560332253_1743560333672_681279_DS_08721082491501_A1N1.png",
    "available": true,
    "promoUntil": null
  },
  {
    "id": "682113FLS",
    "title": "Remia Salata Botanicals Framboos 300 ML",
    "category": "Conserven, soepen, sauzen, oliën",
    "price": 2.29,
    "promoPrice": null,
    "pricePerUnit": "7.63 l",
    "image": "https://www.jumbo.com/dam-images/fit-in/360x360/Products/25022025_1740476517799_1740476531528_682113_FLS_08710448641896_C1N1.png",
    "available": true,
    "promoUntil": null
  },
  {
    "id": "691102DS",
    "title": "Jumbo's Dolce Gusto Espresso Koffiecups 16 Stuks",
    "category": "Koffie en thee",
    "price": 5.67,
    "promoPrice": null,
    "pricePerUnit": "0.35 pieces",
    "image": "https://www.jumbo.com/dam-images/fit-in/360x360/Products/07072025_1751902636508_1751902643982_8718452905133_1.png",
    "available": true,
    "promoUntil": null
  },
  {
    "id": "513919DS",
    "title": "Roots Koffiecups Dark Roast 10 Stuks",
    "category": "Koffie en thee",
    "price": 4.29,
    "promoPrice": null,
    "pricePerUnit": "0.43 pieces",
    "image": "https://www.jumbo.com/dam-images/fit-in/360x360/Products/09082023_1691590667460_1691590706249_8711363375996_1.png",
    "available": true,
    "promoUntil": null
  },
  {
    "id": "643786DS",
    "title": "TooTea Infuser Filter 1 Stuk",
    "category": "Koffie en thee",
    "price": 3.95,
    "promoPrice": null,
    "pricePerUnit": "3.95 pieces",
    "image": "https://www.jumbo.com/dam-images/fit-in/360x360/Products/10102024_1728570845902_1728570848569_8721225490170_1.png",
    "available": true,
    "promoUntil": null
  },
  {
    "id": "201098POT",
    "title": "Nescafé Gold Crema Oploskoffie 100g",
    "category": "Koffie en thee",
    "price": 4.99,
    "promoPrice": null,
    "pricePerUnit": "49.9 kg",
    "image": "https://www.jumbo.com/dam-images/fit-in/360x360/Products/28032025_1743129416250_1743129463469_201098_POT_07613036352697_H1N1_s01.png",
    "available": true,
    "promoUntil": null
  },
  {
    "id": "707505FLS",
    "title": "Zuivelhoeve XXL Nutrition Fit Drink Strawberry Flavor Protein Drink 330 ml",
    "category": "Zuivel, eieren, boter",
    "price": 2.39,
    "promoPrice": null,
    "pricePerUnit": "7.24 l",
    "image": "https://www.jumbo.com/dam-images/fit-in/360x360/Products/01072025_1751394790292_1751394794916_8711399024899_1.png",
    "available": true,
    "promoUntil": null
  },
  {
    "id": "213300STK",
    "title": "Koopmans Marmercake Vanillesmaak & Chocolade Bakmix 400 g",
    "category": "Ontbijt, broodbeleg en bakproducten",
    "price": 2.07,
    "promoPrice": null,
    "pricePerUnit": "5.18 kg",
    "image": "https://www.jumbo.com/dam-images/fit-in/360x360/Products/17042025_1744860967604_1744860978224_213300_STK_08710466288929_C1N1_s03.png",
    "available": true,
    "promoUntil": null
  },
  {
    "id": "680582FLS",
    "title": "Melkunie Breaker Drinkyoghurt Raspberry Blueberry 0,5% Vet 350 ml",
    "category": "Zuivel, eieren, boter",
    "price": 1.69,
    "promoPrice": null,
    "pricePerUnit": "4.83 l",
    "image": "https://www.jumbo.com/dam-images/fit-in/360x360/Products/04062025_1749044026470_1749044031630_8718166008519_1.png",
    "available": true,
    "promoUntil": null
  },
  {
    "id": "628623STK",
    "title": "Ribeira tonijnstukken in water 3 x 160g",
    "category": "Conserven, soepen, sauzen, oliën",
    "price": 4.05,
    "promoPrice": null,
    "pricePerUnit": "None None",
    "image": "https://www.jumbo.com/dam-images/fit-in/360x360/Products/628623STK8b74841b-6f04-47f1-9a9c-4ddf233e9ee4-1745827986225.png",
    "available": true,
    "promoUntil": null
  },
  {
    "id": "440945DS",
    "title": "Starbucks® by Nescafé® Dolce Gusto® Madagascar Vanilla Macchiato - 12 koffiecups",
    "category": "Koffie en thee",
    "price": 5.49,
    "promoPrice": null,
    "pricePerUnit": "0.46 pieces",
    "image": "https://www.jumbo.com/dam-images/fit-in/360x360/Products/23092025_1758598963792_1758598972676_440945_DS_07613287335524_C1N1_s01.png",
    "available": true,
    "promoUntil": null
  },
  {
    "id": "187773DS",
    "title": "Quaker Havermout 375 gr",
    "category": "Ontbijt, broodbeleg en bakproducten",
    "price": 1.68,
    "promoPrice": null,
    "pricePerUnit": "4.48 kg",
    "image": "https://www.jumbo.com/dam-images/fit-in/360x360/Products/27032025_1743089667145_1743089672437_8710398507617_1.png",
    "available": true,
    "promoUntil": null
  },
  {
    "id": "638126ZK",
    "title": "Raw Organic Food Lijnzaad Blond 300 g",
    "category": "Ontbijt, broodbeleg en bakproducten",
    "price": 2.69,
    "promoPrice": null,
    "pricePerUnit": "8.97 kg",
    "image": "https://www.jumbo.com/dam-images/fit-in/360x360/Products/04092025_1757003587590_1757003592547_8719153053680_1.png",
    "available": true,
    "promoUntil": null
  },
  {
    "id": "464849ZK",
    "title": "Smaakt Bio Speltcrackers 200 g",
    "category": "Ontbijt, broodbeleg en bakproducten",
    "price": 4.29,
    "promoPrice": null,
    "pricePerUnit": "21.45 kg",
    "image": "https://www.jumbo.com/dam-images/fit-in/360x360/Products/15082025_1755243195773_1755243199967_8718546990502_1.png",
    "available": true,
    "promoUntil": null
  },
  {
    "id": "508956DS",
    "title": "Tea of Life Brandnetel, Citroengras & Kaneel Fresh Start 20 Stuks 30 g",
    "category": "Koffie en thee",
    "price": 3.29,
    "promoPrice": null,
    "pricePerUnit": "0.16 pieces",
    "image": "https://www.jumbo.com/dam-images/fit-in/360x360/Products/09082023_1691591291990_1691591302657_8719375009076_1.png",
    "available": true,
    "promoUntil": null
  },
  {
    "id": "623764STK",
    "title": "Jumbo romige chocomousse met melkchoco snippers 2 x 75g",
    "category": "Zuivel, eieren, boter",
    "price": 3.5,
    "promoPrice": null,
    "pricePerUnit": "None None",
    "image": "https://www.jumbo.com/dam-images/fit-in/360x360/Products/623764STK196db011d-50c0-4665-8f2e-09a8fd5e05c5-1745830446486.png",
    "available": true,
    "promoUntil": null
  },
  {
    "id": "517113ZK",
    "title": "Nissin Soba Wok Style Chili 111 g",
    "category": "Conserven, soepen, sauzen, oliën",
    "price": 1.49,
    "promoPrice": null,
    "pricePerUnit": "13.42 kg",
    "image": "https://www.jumbo.com/dam-images/fit-in/360x360/Products/05032024_1709607628407_1709607632264_517113_ZK_05997523324292_C1N1.png",
    "available": true,
    "promoUntil": null
  },
  {
    "id": "492463FLS",
    "title": "Remia Salata Mosterd Honing-Smaak Dressing 250 ml",
    "category": "Conserven, soepen, sauzen, oliën",
    "price": 1.5,
    "promoPrice": null,
    "pricePerUnit": "6.0 l",
    "image": "https://www.jumbo.com/dam-images/fit-in/360x360/Products/14022024_1707873433106_1707873436381_8710448637073_1.png",
    "available": true,
    "promoUntil": null
  },
  {
    "id": "24676ZK",
    "title": "Yum Yum Instant Noedels Eendsmaak 60 g",
    "category": "Conserven, soepen, sauzen, oliën",
    "price": 0.65,
    "promoPrice": null,
    "pricePerUnit": "10.83 kg",
    "image": "https://www.jumbo.com/dam-images/fit-in/360x360/Products/26032024_1711427807546_1711427815632_24676_ZK_08852018101031_C1N1.png",
    "available": true,
    "promoUntil": null
  },
  {
    "id": "575260ZK",
    "title": "Unox Extra Rijkgevuld Soep In Zak Tomaten Kikkererwten 570 ml",
    "category": "Conserven, soepen, sauzen, oliën",
    "price": 5.19,
    "promoPrice": null,
    "pricePerUnit": "9.11 l",
    "image": "https://www.jumbo.com/dam-images/fit-in/360x360/Products/29032025_1743218929073_1743218946501_575260_ZK_08720182658890_C1N1.png",
    "available": true,
    "promoUntil": null
  },
  {
    "id": "584666FLS",
    "title": "Zonnatura Biologische Lijnzaadolie 250 ml",
    "category": "Conserven, soepen, sauzen, oliën",
    "price": 4.49,
    "promoPrice": null,
    "pricePerUnit": "17.96 l",
    "image": "https://www.jumbo.com/dam-images/fit-in/360x360/Products/25072025_1753439591884_1753439595521_8711812409739_1.png",
    "available": true,
    "promoUntil": null
  },
  {
    "id": "628617STK",
    "title": "Jumbo biologisch kippen bouillonblokjes 3 x 6 stuks",
    "category": "Conserven, soepen, sauzen, oliën",
    "price": 1.77,
    "promoPrice": null,
    "pricePerUnit": "None None",
    "image": "https://www.jumbo.com/dam-images/fit-in/360x360/Products/628617STK35fa2ffa-c610-452d-9717-60a89bc35144-1745830037035.png",
    "available": true,
    "promoUntil": null
  },
  {
    "id": "661179RP",
    "title": "Leev®  bio LOVELY LENTIL bar dates 30g",
    "category": "Ontbijt, broodbeleg en bakproducten",
    "price": 1.79,
    "promoPrice": null,
    "pricePerUnit": "59.67 kg",
    "image": "https://www.jumbo.com/dam-images/fit-in/360x360/Products/16072025_1752630407912_1752630409042_661179_RP_08718215837992_A1N1.png",
    "available": true,
    "promoUntil": null
  },
  {
    "id": "485187DS",
    "title": "Leev® bio LOWCARB crackers natural 80g",
    "category": "Ontbijt, broodbeleg en bakproducten",
    "price": 2.96,
    "promoPrice": null,
    "pricePerUnit": "37.0 kg",
    "image": "https://www.jumbo.com/dam-images/fit-in/360x360/Products/16072025_1752630308018_1752630319852_485187_DS_08718215836599_C1N1.png",
    "available": true,
    "promoUntil": null
  },
  {
    "id": "703336FLS",
    "title": "Mayoneur Spicy Truffle Mayo 250 ml",
    "category": "Conserven, soepen, sauzen, oliën",
    "price": 2.49,
    "promoPrice": null,
    "pricePerUnit": "9.96 l",
    "image": "https://www.jumbo.com/dam-images/fit-in/360x360/Products/23092025_1758599462650_1758599465606_703336_FLS_08720589845886_C1N1.png",
    "available": true,
    "promoUntil": null
  },
  {
    "id": "687493POT",
    "title": "Roots Gember Bosvruchten 220g",
    "category": "Koffie en thee",
    "price": 5.49,
    "promoPrice": null,
    "pricePerUnit": "24.95 kg",
    "image": "https://www.jumbo.com/dam-images/fit-in/360x360/Products/20032025_1742472500170_1742472504591_687493_POT_08711271119132_C1N1.png",
    "available": true,
    "promoUntil": null
  },
  {
    "id": "609549DS",
    "title": "Pickwick Green Super Blends Positivity Green Tea, Elderflower, Jasmine 15 x 1,5 g",
    "category": "Koffie en thee",
    "price": 2.39,
    "promoPrice": null,
    "pricePerUnit": "0.16 pieces",
    "image": "https://www.jumbo.com/dam-images/fit-in/360x360/Products/25032024_1711381578175_1711381583007_8711000551745_1.png",
    "available": true,
    "promoUntil": null
  },
  {
    "id": "661067ZK",
    "title": "Raw Organic Food Proteïne Haverpap 350 g",
    "category": "Ontbijt, broodbeleg en bakproducten",
    "price": 2.99,
    "promoPrice": null,
    "pricePerUnit": "8.54 kg",
    "image": "https://www.jumbo.com/dam-images/fit-in/360x360/Products/12122024_1734014863790_1734014867699_8719153050092_1.png",
    "available": true,
    "promoUntil": null
  },
  {
    "id": "573406FLS",
    "title": "XXL Nutrition N'Joy Banana Flavour Drink 310 ml",
    "category": "Frisdrank en sappen",
    "price": 2.39,
    "promoPrice": null,
    "pricePerUnit": "7.71 l",
    "image": "https://www.jumbo.com/dam-images/fit-in/360x360/Products/14022024_1707873021982_1707873025970_8719881003339_1.png",
    "available": true,
    "promoUntil": null
  }
]