[
  {
    "id": "437943POT",
    "title": "Zaanse Mayonaise 650 ml",
    "category": "Conserven, soepen, sauzen, oliën",
    "price": 3.79,
    "promoPrice": null,
    "pricePerUnit": "5.83 l",
    "image": "https://www.jumbo.com/dam-images/fit-in/360x360/Products/17012024_1705457115135_1705457117923_437943_POT_08710716030117_C1N1.png",
    "available": true,
    "promoUntil": null
  },
  {
    "id": "81641POT",
    "title": "Completa Koffiecreamer 200 g",
    "category": "Zuivel, eieren, boter",
    "price": 1.89,
    "promoPrice": null,
    "pricePerUnit": "9.45 kg",
    "image": "https://www.jumbo.com/dam-images/fit-in/360x360/Products/13092024_1726219995252_1726220000058_8713300047300_1.png",
    "available": true,
    "promoUntil": null
  },
  {
    "id": "389433BLK",
    "title": "Unox Soep in Blik Stevige Bruine bonensoep 800 ml",
    "category": "Conserven, soepen, sauzen, oliën",
    "price": 4.19,
    "promoPrice": null,
    "pricePerUnit": "5.24 l",
    "image": "https://www.jumbo.com/dam-images/fit-in/360x360/Products/07052024_1715099655424_1715099663908_8710522674789_1.png",
    "available": true,
    "promoUntil": null
  },
  {
    "id": "271092STK",
    "title": "Snelle Jelle (Te) Krachtige Rozijnenkoek 5 Stuks 325 g",
    "category": "Ontbijt, broodbeleg en bakproducten",
    "price": 2.72,
    "promoPrice": null,
    "pricePerUnit": "8.37 kg",
    "image": "https://www.jumbo.com/dam-images/fit-in/360x360/Products/14022024_1707873497122_1707873504780_8710432071944_1.png",
    "available": true,
    "promoUntil": null
  },
  {
    "id": "430933CUP",
    "title": "Jumbo Yoghurt Griekse Stijl Naturel 10% Vet 500 g",
    "category": "Zuivel, eieren, boter",
    "price": 1.79,
    "promoPrice": null,
    "pricePerUnit": "3.58 kg",
    "image": "https://www.jumbo.com/dam-images/fit-in/360x360/Products/05022024_1707150792008_1707150804558_8718452528608_1.png",
    "available": true,
    "promoUntil": null
  },
  {
    "id": "79502POT",
    "title": "Hak Witte Bonen in Tomatensaus 720 g",
    "category": "Conserven, soepen, sauzen, oliën",
    "price": 3.35,
    "promoPrice": null,
    "pricePerUnit": "4.65 kg",
    "image": "https://www.jumbo.com/dam-images/fit-in/360x360/Products/28052024_1716862074031_1716862084683_79502_POT_08720600610004_H1N1_s01.png",
    "available": true,
    "promoUntil": null
  },
  {
    "id": "603163BAK",
    "title": "Mona Pudding Griesmeel met Saus",
    "category": "Zuivel, eieren, boter",
    "price": 2.49,
    "promoPrice": null,
    "pricePerUnit": "5.53 kg",
    "image": "https://www.jumbo.com/dam-images/fit-in/360x360/Products/12122024_1734014861306_1734014867849_87128246_1.png",
    "available": true,
    "promoUntil": null
  },
  {
    "id": "198290STK",
    "title": "Zuivelhoeve Boer'n Vla® Vanille 450 g",
    "category": "Zuivel, eieren, boter",
    "price": 1.99,
    "promoPrice": null,
    "pricePerUnit": "4.42 kg",
    "image": "https://www.jumbo.com/dam-images/fit-in/360x360/Products/23052024_1716432400647_1716432407174_198290_STK_08711399023113_C1N1.png",
    "available": true,
    "promoUntil": null
  },
  {
    "id": "425243FLS",
    "title": "Remia Knoflooksaus 500 ml",
    "category": "Conserven, soepen, sauzen, oliën",
    "price": 2.19,
    "promoPrice": null,
    "pricePerUnit": "4.38 l",
    "image": "https://www.jumbo.com/dam-images/fit-in/360x360/Products/20012025_1737339391330_1737339394643_425243_FLS_08710448636984_C1N1.png",
    "available": true,
    "promoUntil": null
  },
  {
    "id": "386956PAK",
    "title": "Koopmans Pannenkoekenmix Compleet 400 g",
    "category": "Ontbijt, broodbeleg en bakproducten",
    "price": 1.5,
    "promoPrice": null,
    "pricePerUnit": "3.75 kg",
    "image": "https://www.jumbo.com/dam-images/fit-in/360x360/Products/17042025_1744860115545_1744860123331_386956_PAK_08710466302120_C1N1_s02.png",
    "available": true,
    "promoUntil": null
  },
  {
    "id": "67634ZK",
    "title": "Van Gilse Basterdsuiker Donkere 600 g",
    "category": "Ontbijt, broodbeleg en bakproducten",
    "price": 1.31,
    "promoPrice": null,
    "pricePerUnit": "2.18 kg",
    "image": "https://www.jumbo.com/dam-images/fit-in/360x360/Products/10082023_1691675068229_1691675089649_8710437003223_1.png",
    "available": true,
    "promoUntil": null
  },
  {
    "id": "615974KGR",
    "title": "Jumbo Rund Soepballetjes ca. 250 g",
    "category": "Vlees, vis en vega",
    "price": 3.99,
    "promoPrice": null,
    "pricePerUnit": "15.97 kg",
    "image": "https://www.jumbo.com/dam-images/fit-in/360x360/Products/13112024_1731497559427_1731497566608_2369238000000_1.png",
    "available": true,
    "promoUntil": null
  },
  {
    "id": "496606DS",
    "title": "Pickwick Spices Turkish Apple Zwarte Thee 20 Stuks",
    "category": "Koffie en thee",
    "price": 1.99,
    "promoPrice": null,
    "pricePerUnit": "0.1 pieces",
    "image": "https://www.jumbo.com/dam-images/fit-in/360x360/Products/09082023_1691588127671_1691588137473_8711000237229_1.png",
    "available": true,
    "promoUntil": null
  },
  {
    "id": "389398BLK",
    "title": "Unox Soep In Blik Stevige Chinese Tomatensoep 800 ml",
    "category": "Conserven, soepen, sauzen, oliën",
    "price": 3.75,
    "promoPrice": null,
    "pricePerUnit": "4.69 l",
    "image": "https://www.jumbo.com/dam-images/fit-in/360x360/Products/01112024_1730457187212_1730457194487_8710522674994_1.png",
    "available": true,
    "promoUntil": null
  },
  {
    "id": "195775DS",
    "title": "Jumbo Groene Thee Citroen 20 Stuks",
    "category": "Koffie en thee",
    "price": 1.35,
    "promoPrice": null,
    "pricePerUnit": "0.07 pieces",
    "image": "https://www.jumbo.com/dam-images/fit-in/360x360/Products/09082023_1691584855474_1691584865182_8718452264476_1.png",
    "available": true,
    "promoUntil": null
  },
  {
    "id": "602396BLK",
    "title": "Jumbo Cocktailworst ca. 30 Stuks",
    "category": "Conserven, soepen, sauzen, oliën",
    "price": 2.15,
    "promoPrice": null,
    "pricePerUnit": "10.75 kg",
    "image": "https://www.jumbo.com/dam-images/fit-in/360x360/Products/24022025_1740362756782_1740362772922_602396_BLK_08718452648641_C1N1.png",
    "available": true,
    "promoUntil": null
  },
  {
    "id": "73109PAK",
    "title": "Unox Good Pasta Carbonara 71 g",
    "category": "Conserven, soepen, sauzen, oliën",
    "price": 2.19,
    "promoPrice": null,
    "pricePerUnit": "30.85 kg",
    "image": "https://www.jumbo.com/dam-images/fit-in/360x360/Products/11092025_1757553753612_1757553806962_73109_PAK_08720182847447_H1N1.png",
    "available": true,
    "promoUntil": null
  },
  {
    "id": "462860DS",
    "title": "De Ruijter Gestampte Muisjes 270 g",
    "category": "Ontbijt, broodbeleg en bakproducten",
    "price": 2.43,
    "promoPrice": null,
    "pricePerUnit": "9.0 kg",
    "image": "https://www.jumbo.com/dam-images/fit-in/360x360/Products/05072025_1751684277380_1751684280949_462860_DS_08715700127576_A1N1.png",
    "available": true,
    "promoUntil": null
  },
  {
    "id": "301024POT",
    "title": "MAGGI bouillonpot kip 154 g",
    "category": "Conserven, soepen, sauzen, oliën",
    "price": 2.15,
    "promoPrice": null,
    "pricePerUnit": "13.96 kg",
    "image": "https://www.jumbo.com/dam-images/fit-in/360x360/Products/05062025_1749089840676_1749089847181_301024_POT_.png",
    "available": true,
    "promoUntil": null
  },
  {
    "id": "437946FLS",
    "title": "Zaanse Halfvolle Mayo 750 ml",
    "category": "Conserven, soepen, sauzen, oliën",
    "price": 3.99,
    "promoPrice": null,
    "pricePerUnit": "5.32 l",
    "image": "https://www.jumbo.com/dam-images/fit-in/360x360/Products/17012024_1705457136987_1705457140190_437946_FLS_08710716030391_C1N1.png",
    "available": true,
    "promoUntil": null
  },
  {
    "id": "677425CUP",
    "title": "Jumbo Salted Caramel Stracciatella 70 g - Bevat Alcohol",
    "category": "Zuivel, eieren, boter",
    "price": 1.39,
    "promoPrice": null,
    "pricePerUnit": "19.86 kg",
    "image": "https://www.jumbo.com/dam-images/fit-in/360x360/Products/31032025_1743427966766_1743427975882_87329025_1.png",
    "available": true,
    "promoUntil": null
  },
  {
    "id": "406774FLS",
    "title": "Melkunie Protein Chocolate Flavoured Shake 250 ml",
    "category": "Zuivel, eieren, boter",
    "price": 1.69,
    "promoPrice": null,
    "pricePerUnit": "6.76 l",
    "image": "https://www.jumbo.com/dam-images/fit-in/360x360/Products/17062025_1750149185690_1750149190278_8718166007949_1.png",
    "available": true,
    "promoUntil": null
  },
  {
    "id": "383943PKL",
    "title": "Nescafé Gold Caramel Latte Oploskoffie 6 x 8 Zakjes",
    "category": "Koffie en thee",
    "price": 21.54,
    "promoPrice": null,
    "pricePerUnit": "0.45 pieces",
    "image": "https://www.jumbo.com/dam-images/fit-in/360x360/Products/383943PKL13d1aeb59-c6fc-45f3-8905-60822d2738c8-1724403621690.png",
    "available": true,
    "promoUntil": null
  },
  {
    "id": "262023BAK",
    "title": "Jumbo Varken Shoarma 900 g",
    "category": "Vlees, vis en vega",
    "price": 7.29,
    "promoPrice": null,
    "pricePerUnit": "8.1 kg",
    "image": "https://www.jumbo.com/dam-images/fit-in/360x360/Products/05112024_1730820971830_1730820993357_8718452392797_1.png",
    "available": true,
    "promoUntil": null
  },
  {
    "id": "549590DS",
    "title": "PICKWICK GREEN & White Jasmin Passionfruit 20 Stuks",
    "category": "Koffie en thee",
    "price": 1.99,
    "promoPrice": null,
    "pricePerUnit": "0.1 pieces",
    "image": "https://www.jumbo.com/dam-images/fit-in/360x360/Products/08062024_1717814289142_1717814297739_549590_DS_08711000549650_C1N1.png",
    "available": true,
    "promoUntil": null
  },
  {
    "id": "219421BLK",
    "title": "Jumbo Perzik Half op Lichte Siroop 410 g",
    "category": "Conserven, soepen, sauzen, oliën",
    "price": 1.65,
    "promoPrice": null,
    "pricePerUnit": "6.88 kg",
    "image": "https://www.jumbo.com/dam-images/fit-in/360x360/Products/14022024_1707872835573_1707872841773_8718452650125_1.png",
    "available": true,
    "promoUntil": null
  },
  {
    "id": "208252DS",
    "title": "Pickwick Kamille Honing Kruiden Thee 20 Stuks",
    "category": "Koffie en thee",
    "price": 1.99,
    "promoPrice": null,
    "pricePerUnit": "0.1 pieces",
    "image": "https://www.jumbo.com/dam-images/fit-in/360x360/Products/09082023_1691588095387_1691588157526_8711000008782_1.png",
    "available": true,
    "promoUntil": null
  },
  {
    "id": "623145TRA",
    "title": "Lezziz Kipfilet Halal 2 Stuks",
    "category": "Vlees, vis en vega",
    "price": 6.25,
    "promoPrice": null,
    "pricePerUnit": "15.63 kg",
    "image": "https://www.jumbo.com/dam-images/fit-in/360x360/Products/19062024_1718814836912_1718814844974_8714798300007_1.png",
    "available": true,
    "promoUntil": null
  },
  {
    "id": "462053DS",
    "title": "De Ruijter Muisjes Blauwe & Witte 330 g",
    "category": "Ontbijt, broodbeleg en bakproducten",
    "price": 2.81,
    "promoPrice": null,
    "pricePerUnit": "8.52 kg",
    "image": "https://www.jumbo.com/dam-images/fit-in/360x360/Products/05042025_1743817745428_1743817751176_462053_DS_08710496979101_H1N1.png",
    "available": true,
    "promoUntil": null
  },
  {
    "id": "546343PAK",
    "title": "Oatly The Original Halfvol Haver 1 L",
    "category": "Zuivel, eieren, boter",
    "price": 2.59,
    "promoPrice": null,
    "pricePerUnit": "2.59 l",
    "image": "https://www.jumbo.com/dam-images/fit-in/360x360/Products/14072025_1752485585342_1752485590752_7394376620775_1.png",
    "available": true,
    "promoUntil": null
  },
  {
    "id": "676476TAS",
    "title": "Jumbo Havermout Fijne Vlokken Volkoren 500 g",
    "category": "Ontbijt, broodbeleg en bakproducten",
    "price": 0.75,
    "promoPrice": null,
    "pricePerUnit": "1.5 kg",
    "image": "https://www.jumbo.com/dam-images/fit-in/360x360/Products/26052025_1748217605295_1748217624130_8718452887330_596.png",
    "available": true,
    "promoUntil": null
  },
  {
    "id": "234666DSL",
    "title": "Starbucks® House Blend by Nespresso® Medium Roast Capsules 12 x 10 koffiecups",
    "category": "Koffie en thee",
    "price": 56.28,
    "promoPrice": null,
    "pricePerUnit": "0.47 pieces",
    "image": "https://www.jumbo.com/dam-images/fit-in/360x360/Products/7613037046564ea4b5070-163f-4cd6-9b29-d8399f4c306b-1751543483611.png",
    "available": true,
    "promoUntil": null
  },
  {
    "id": "300830ZK",
    "title": "Unox Soep Tomaat Creme 570ML",
    "category": "Conserven, soepen, sauzen, oliën",
    "price": 3.25,
    "promoPrice": null,
    "pricePerUnit": "5.7 l",
    "image": "https://www.jumbo.com/dam-images/fit-in/360x360/Products/16052025_1747366009493_1747366032759_300830_ZK_08717163821299_C1N1.png",
    "available": true,
    "promoUntil": null
  },
  {
    "id": "608940POT",
    "title": "Jumbo Appelmoes 0% Suiker Toegevoegd 350 g",
    "category": "Conserven, soepen, sauzen, oliën",
    "price": 1.09,
    "promoPrice": null,
    "pricePerUnit": "3.11 kg",
    "image": "https://www.jumbo.com/dam-images/fit-in/360x360/Products/12122024_1734014883461_1734014892077_8718452803347_1.png",
    "available": true,
    "promoUntil": null
  },
  {
    "id": "513022POT",
    "title": "Hero Jam Minder Zoet Abrikozen 325 g",
    "category": "Ontbijt, broodbeleg en bakproducten",
    "price": 2.96,
    "promoPrice": null,
    "pricePerUnit": "9.11 kg",
    "image": "https://www.jumbo.com/dam-images/fit-in/360x360/Products/16102024_1729048351643_1729048358993_513022_POT_08713500012962_C1N1.png",
    "available": true,
    "promoUntil": null
  },
  {
    "id": "671698ZK",
    "title": "Gala Regular Koffiebonen 1000 g",
    "category": "Koffie en thee",
    "price": 9.99,
    "promoPrice": null,
    "pricePerUnit": "9.99 kg",
    "image": "https://www.jumbo.com/dam-images/fit-in/360x360/Products/20022025_1740061966740_1740061971610_8710435138729_1.png",
    "available": true,
    "promoUntil": null
  },
  {
    "id": "405820PAK",
    "title": "Jumbo Framboos Yoghurtdrink 1L",
    "category": "Zuivel, eieren, boter",
    "price": 1.13,
    "promoPrice": null,
    "pricePerUnit": "1.13 l",
    "image": "https://www.jumbo.com/dam-images/fit-in/360x360/Products/10082023_1691676549434_1691676556767_8718452506156_1.png",
    "available": true,
    "promoUntil": null
  },
  {
    "id": "203569STK",
    "title": "Alpro Barista Soja Houdbaar 1L",
    "category": "Koffie en thee",
    "price": 2.69,
    "promoPrice": null,
    "pricePerUnit": "2.69 l",
    "image": "https://www.jumbo.com/dam-images/fit-in/360x360/Products/09102024_1728442345164_1728442351080_203569_STK_05411188127307_H1N1.png",
    "available": true,
    "promoUntil": null
  },
  {
    "id": "575507RP",
    "title": "Jumbo Bladerdeeg 275 g",
    "category": "Ontbijt, broodbeleg en bakproducten",
    "price": 1.36,
    "promoPrice": null,
    "pricePerUnit": "4.95 kg",
    "image": "https://www.jumbo.com/dam-images/fit-in/360x360/Products/14022024_1707873560704_1707873570109_8718452749690_596.png",
    "available": true,
    "promoUntil": null
  },
  {
    "id": "377344ZK",
    "title": "Jumbo Gedroogde Pruimen Zonder Pit 500 g",
    "category": "Ontbijt, broodbeleg en bakproducten",
    "price": 4.93,
    "promoPrice": null,
    "pricePerUnit": "9.86 kg",
    "image": "https://www.jumbo.com/dam-images/fit-in/360x360/Products/09082023_1691587685384_1691587725448_8718452469345_1.png",
    "available": true,
    "promoUntil": null
  },
  {
    "id": "195350POT",
    "title": "Jumbo Bockworst 550 g",
    "category": "Conserven, soepen, sauzen, oliën",
    "price": 2.23,
    "promoPrice": null,
    "pricePerUnit": "8.92 kg",
    "image": "https://www.jumbo.com/dam-images/fit-in/360x360/Products/20052025_1747755168929_1747755173784_8718452709830_1.png",
    "available": true,
    "promoUntil": null
  },
  {
    "id": "521733CUP",
    "title": "HiPRO Proteïne Skyr Stijl Stracciatella 450 g",
    "category": "Zuivel, eieren, boter",
    "price": 2.99,
    "promoPrice": 2.24,
    "pricePerUnit": "4.98 kg",
    "image": "https://www.jumbo.com/dam-images/fit-in/360x360/Products/07022025_1738895008716_1738895013928_521733_CUP_08713788123787_H1N1.png",
    "available": true,
    "promoUntil": "di 7 okt"
  },
  {
    "id": "578051STK",
    "title": "Almhof Choco met slagroom Wit-Vanille 180 g",
    "category": "Zuivel, eieren, boter",
    "price": 1.59,
    "promoPrice": null,
    "pricePerUnit": "8.83 kg",
    "image": "https://www.jumbo.com/dam-images/fit-in/360x360/Products/15042025_1744727549138_1744727554428_8717982005078_1.png",
    "available": true,
    "promoUntil": null
  },
  {
    "id": "303030BLK",
    "title": "Jumbo Kapucijners 800 g",
    "category": "Conserven, soepen, sauzen, oliën",
    "price": 1.99,
    "promoPrice": null,
    "pricePerUnit": "3.75 kg",
    "image": "https://www.jumbo.com/dam-images/fit-in/360x360/Products/01082024_1722504868885_1722504891554_8718452764792_596.png",
    "available": true,
    "promoUntil": null
  },
  {
    "id": "383378CUP",
    "title": "Jumbo Ongebrande Pistachenoten 95 g",
    "category": "Ontbijt, broodbeleg en bakproducten",
    "price": 4.41,
    "promoPrice": null,
    "pricePerUnit": "46.42 kg",
    "image": "https://www.jumbo.com/dam-images/fit-in/360x360/Products/11122024_1733931196287_1733931206048_8718452831654_1.png",
    "available": true,
    "promoUntil": null
  },
  {
    "id": "477021DS",
    "title": "Bolletje Luchtig Knäckebröd Sesam 240 g",
    "category": "Ontbijt, broodbeleg en bakproducten",
    "price": 1.54,
    "promoPrice": null,
    "pricePerUnit": "6.42 kg",
    "image": "https://www.jumbo.com/dam-images/fit-in/360x360/Products/24042025_1745456584612_1745456590625_477021_DS_08710482534178_C1N1.png",
    "available": true,
    "promoUntil": null
  },
  {
    "id": "208417FLS",
    "title": "Vifit Goedemorgen! Zuiveldrink Aardbei/Kiwi/Banaan 400 ml",
    "category": "Zuivel, eieren, boter",
    "price": 1.69,
    "promoPrice": null,
    "pricePerUnit": "4.23 l",
    "image": "https://www.jumbo.com/dam-images/fit-in/360x360/Products/03072025_1751507437583_1751507448110_208417_FLS_08712800148456_H1N1.png",
    "available": true,
    "promoUntil": null
  },
  {
    "id": "84273POT",
    "title": "Hak Rode Bieten Bio 705 g",
    "category": "Conserven, soepen, sauzen, oliën",
    "price": 2.99,
    "promoPrice": null,
    "pricePerUnit": "4.24 kg",
    "image": "https://www.jumbo.com/dam-images/fit-in/360x360/Products/11032025_1741659993606_1741660008166_84273_POT_08720600609893_C1N1.png",
    "available": true,
    "promoUntil": null
  },
  {
    "id": "136881PAK",
    "title": "Alpro Amandeldrink Geroosterd Zonder Suikers Houdbaar 1L",
    "category": "Zuivel, eieren, boter",
    "price": 3.19,
    "promoPrice": null,
    "pricePerUnit": "3.19 l",
    "image": "https://www.jumbo.com/dam-images/fit-in/360x360/Products/18102024_1729216297491_1729216303301_136881_PAK_05411188112709_H1N1.png",
    "available": true,
    "promoUntil": null
  },
  {
    "id": "352849DS",
    "title": "NESCAFÉ Dolce Gusto, Latte Macchiato, 16 capsules, 183,2 gr",
    "category": "Koffie en thee",
    "price": 5.99,
    "promoPrice": null,
    "pricePerUnit": "0.37 pieces",
    "image": "https://www.jumbo.com/dam-images/fit-in/360x360/Products/23092025_1758596891466_1758596904191_352849_DS_07613037491173_C1N1_s01.png",
    "available": true,
    "promoUntil": null
  },
  {
    "id": "23077DS",
    "title": "Blije Kip Eieren Vrije Uitloop 6 Stuks",
    "category": "Zuivel, eieren, boter",
    "price": 2.85,
    "promoPrice": null,
    "pricePerUnit": "0.48 pieces",
    "image": "https://www.jumbo.com/dam-images/fit-in/360x360/Products/08072025_1751942068203_1751942071135_23077_DS_08710946476952_A1N1.png",
    "available": true,
    "promoUntil": null
  },
  {
    "id": "391122CUP",
    "title": "Alpro Plantaardige Variatie Op Kwark Zonder Suikers 400g",
    "category": "Zuivel, eieren, boter",
    "price": 2.49,
    "promoPrice": null,
    "pricePerUnit": "6.23 kg",
    "image": "https://www.jumbo.com/dam-images/fit-in/360x360/Products/22062025_1750557900570_1750557907085_391122_CUP_05411188133377_C1N1.png",
    "available": true,
    "promoUntil": null
  },
  {
    "id": "641354PAK",
    "title": "Jumbo Ontbijtkoek met Rozijnen 6 Stuks",
    "category": "Ontbijt, broodbeleg en bakproducten",
    "price": 1.59,
    "promoPrice": null,
    "pricePerUnit": "4.08 kg",
    "image": "https://www.jumbo.com/dam-images/fit-in/360x360/Products/26082025_1756215315590_1756215319676_8718452843619_1.png",
    "available": true,
    "promoUntil": null
  },
  {
    "id": "488478STK",
    "title": "Grand'Italia Besciamella voor Lasagne 400 g",
    "category": "Conserven, soepen, sauzen, oliën",
    "price": 3.46,
    "promoPrice": null,
    "pricePerUnit": "8.65 kg",
    "image": "https://www.jumbo.com/dam-images/fit-in/360x360/Products/07112024_1730946062984_1730946073754_488478_STK_08000050128909_H1N1.png",
    "available": true,
    "promoUntil": null
  },
  {
    "id": "234667STK",
    "title": "Starbucks® by Nespresso® Pike place Lungo 10 Koffiecups",
    "category": "Koffie en thee",
    "price": 4.69,
    "promoPrice": null,
    "pricePerUnit": "0.47 pieces",
    "image": "https://www.jumbo.com/dam-images/fit-in/360x360/Products/07072025_1751850353266_1751850360027_234667_STK_07613036961769_C1N1_s01.png",
    "available": true,
    "promoUntil": null
  },
  {
    "id": "505439STK",
    "title": "Jumbo Ice Coffee Caramel Macchiato 1 L",
    "category": "Zuivel, eieren, boter",
    "price": 1.99,
    "promoPrice": null,
    "pricePerUnit": "1.99 l",
    "image": "https://www.jumbo.com/dam-images/fit-in/360x360/Products/23012024_1705980598342_1705980605630_505439_STK_08718452638192_C1N1.png",
    "available": true,
    "promoUntil": null
  },
  {
    "id": "112764BLK",
    "title": "Timson Rinse Appelstroop 450 g",
    "category": "Ontbijt, broodbeleg en bakproducten",
    "price": 2.7,
    "promoPrice": null,
    "pricePerUnit": "6.0 kg",
    "image": "https://www.jumbo.com/dam-images/fit-in/360x360/Products/05092025_1757039771007_1757039787720_112764_BLK_08710742020076_C1N1.png",
    "available": true,
    "promoUntil": null
  },
  {
    "id": "515000BAK",
    "title": "Jumbo Scharrelkip Kip Krokant Schnitzel 2 Stuks",
    "category": "Vlees, vis en vega",
    "price": 3.19,
    "promoPrice": null,
    "pricePerUnit": "15.95 kg",
    "image": "https://www.jumbo.com/dam-images/fit-in/360x360/Products/05112024_1730820972428_1730820996347_8718452684168_1.png",
    "available": true,
    "promoUntil": null
  },
  {
    "id": "507010DS",
    "title": "wasa Delicate Crisp Roasted Garlic & Sea Salt 190 g",
    "category": "Ontbijt, broodbeleg en bakproducten",
    "price": 2.56,
    "promoPrice": null,
    "pricePerUnit": "13.47 kg",
    "image": "https://www.jumbo.com/dam-images/fit-in/360x360/Products/18052024_1715995870077_1715995875807_507010_DS_07300400482875_H1N1.png",
    "available": true,
    "promoUntil": null
  },
  {
    "id": "441213DS",
    "title": "Lipton Thee Infusie Morocco Mint & Kruiden",
    "category": "Koffie en thee",
    "price": 2.89,
    "promoPrice": null,
    "pricePerUnit": "0.14 pieces",
    "image": "https://www.jumbo.com/dam-images/fit-in/360x360/Products/11072025_1752198159286_1752198168920_441213_DS_05063270101681_C1N1.png",
    "available": true,
    "promoUntil": null
  },
  {
    "id": "485298CUP",
    "title": "Jumbo Kokosolie Biologisch 500 ML",
    "category": "Conserven, soepen, sauzen, oliën",
    "price": 3.99,
    "promoPrice": null,
    "pricePerUnit": "7.98 l",
    "image": "https://www.jumbo.com/dam-images/fit-in/360x360/Products/09082023_1691589510921_1691589607198_8718452593330_1.png",
    "available": true,
    "promoUntil": null
  },
  {
    "id": "476999DS",
    "title": "Bolletje Luchtig Knäckebröd Goudbros 4 x 4 Stuks 240 g",
    "category": "Ontbijt, broodbeleg en bakproducten",
    "price": 1.54,
    "promoPrice": null,
    "pricePerUnit": "6.42 kg",
    "image": "https://www.jumbo.com/dam-images/fit-in/360x360/Products/24042025_1745462128707_1745462134417_476999_DS_08710482534192_C1N1.png",
    "available": true,
    "promoUntil": null
  },
  {
    "id": "170197ZK",
    "title": "Jumbo Patentbloem 1KG",
    "category": "Ontbijt, broodbeleg en bakproducten",
    "price": 0.82,
    "promoPrice": null,
    "pricePerUnit": "0.82 kg",
    "image": "https://www.jumbo.com/dam-images/fit-in/360x360/Products/12032025_1741768385784_1741768398925_8718452787821_596.png",
    "available": true,
    "promoUntil": null
  },
  {
    "id": "545868FLS",
    "title": "Jumbo Frituurolie 2 L",
    "category": "Conserven, soepen, sauzen, oliën",
    "price": 5.63,
    "promoPrice": null,
    "pricePerUnit": "2.82 l",
    "image": "https://www.jumbo.com/dam-images/fit-in/360x360/Products/545868_8718452694372_1_T1_408868FLS1691077291273.png",
    "available": true,
    "promoUntil": null
  },
  {
    "id": "679081TRA",
    "title": "Jumbo Gerookte Spek Reepjes 250 g",
    "category": "Vlees, vis en vega",
    "price": 4.74,
    "promoPrice": null,
    "pricePerUnit": "18.96 kg",
    "image": "https://www.jumbo.com/dam-images/fit-in/360x360/Products/03062025_1748946834319_1748946842501_8718452903481_1.png",
    "available": true,
    "promoUntil": null
  },
  {
    "id": "500809CUP",
    "title": "Jumbo Skyr IJslandse Stijl Vanille 500 g",
    "category": "Zuivel, eieren, boter",
    "price": 1.69,
    "promoPrice": null,
    "pricePerUnit": "3.38 kg",
    "image": "https://www.jumbo.com/dam-images/fit-in/360x360/Products/26082024_1724686517060_1724686530426_8718452635191_596.png",
    "available": true,
    "promoUntil": null
  },
  {
    "id": "418771KML",
    "title": "Jumbo Witte Natuurazijn 6 x 1,5L",
    "category": "Conserven, soepen, sauzen, oliën",
    "price": 4.68,
    "promoPrice": null,
    "pricePerUnit": "0.52 l",
    "image": "https://www.jumbo.com/dam-images/fit-in/360x360/Products/418771KML-1692282674815.png",
    "available": true,
    "promoUntil": null
  },
  {
    "id": "58366KGR",
    "title": "Jumbo Rund Sukadelappen 3 Stuks ca. 525 g",
    "category": "Vlees, vis en vega",
    "price": 9.92,
    "promoPrice": null,
    "pricePerUnit": "18.9 kg",
    "image": "https://www.jumbo.com/dam-images/fit-in/360x360/Products/24092025_1758717259536_1758717265239_2369068000000_1.png",
    "available": true,
    "promoUntil": null
  },
  {
    "id": "73584POT",
    "title": "Grand'Italia Bolognese met Rundvlees 400 g",
    "category": "Conserven, soepen, sauzen, oliën",
    "price": 4.03,
    "promoPrice": null,
    "pricePerUnit": "10.08 kg",
    "image": "https://www.jumbo.com/dam-images/fit-in/360x360/Products/08032025_1741400290924_1741400299777_73584_POT_00000080023173_H1N1.png",
    "available": true,
    "promoUntil": null
  },
  {
    "id": "310557PAK",
    "title": "Danio Luchtige Kwark Aardbei 2 x 125 g",
    "category": "Zuivel, eieren, boter",
    "price": 1.99,
    "promoPrice": null,
    "pricePerUnit": "7.96 kg",
    "image": "https://www.jumbo.com/dam-images/fit-in/360x360/Products/26122024_1735186990412_1735186996567_310557_PAK_00000054016576_C1N1.png",
    "available": true,
    "promoUntil": null
  },
  {
    "id": "224263STK",
    "title": "Lavazza Qualita Oro gemalen / filterkoffie 250 g",
    "category": "Koffie en thee",
    "price": 7.59,
    "promoPrice": null,
    "pricePerUnit": "30.36 kg",
    "image": "https://www.jumbo.com/dam-images/fit-in/360x360/Products/29042025_1745896447910_1745896459042_224263_STK_08000070012783_C1N1.png",
    "available": true,
    "promoUntil": null
  },
  {
    "id": "514996BAK",
    "title": "Jumbo Scharrelkip Saté Schnitzel 2 Stuks",
    "category": "Vlees, vis en vega",
    "price": 3.29,
    "promoPrice": null,
    "pricePerUnit": "13.16 kg",
    "image": "https://www.jumbo.com/dam-images/fit-in/360x360/Products/05112024_1730820972311_1730820983961_8718452684182_1.png",
    "available": true,
    "promoUntil": null
  },
  {
    "id": "447913PAK",
    "title": "Dr. Oetker MonChou Taart met Kandijkoekjesbodem Bakmix 385 g",
    "category": "Ontbijt, broodbeleg en bakproducten",
    "price": 3.75,
    "promoPrice": null,
    "pricePerUnit": "9.74 kg",
    "image": "https://www.jumbo.com/dam-images/fit-in/360x360/Products/24092025_1758677192737_1758677198548_447913_PAK_08710466312723_C1N1_s04.png",
    "available": true,
    "promoUntil": null
  },
  {
    "id": "706826ZK",
    "title": "Smit & Dorlas Intense Roast bonen 500g",
    "category": "Koffie en thee",
    "price": 11.29,
    "promoPrice": null,
    "pricePerUnit": "22.58 kg",
    "image": "https://www.jumbo.com/dam-images/fit-in/360x360/Products/06082025_1754442763118_1754442767895_706826_ZK_08710435138781_C1N1.png",
    "available": true,
    "promoUntil": null
  },
  {
    "id": "392062PAK",
    "title": "Jumbo Margarine 250 g",
    "category": "Zuivel, eieren, boter",
    "price": 0.75,
    "promoPrice": null,
    "pricePerUnit": "3.0 kg",
    "image": "https://www.jumbo.com/dam-images/fit-in/360x360/Products/09082023_1691587660049_1691587680671_8718452488827_1.png",
    "available": true,
    "promoUntil": null
  },
  {
    "id": "58542PAK",
    "title": "Brinta Wake up! Naturel 115g",
    "category": "Ontbijt, broodbeleg en bakproducten",
    "price": 1.75,
    "promoPrice": null,
    "pricePerUnit": "15.22 kg",
    "image": "https://www.jumbo.com/dam-images/fit-in/360x360/Products/08072025_1751939264622_1751939268274_58542_PAK_08714700989481_C1N1.png",
    "available": true,
    "promoUntil": null
  },
  {
    "id": "441216DS",
    "title": "Lipton Thee Peach & Mango",
    "category": "Koffie en thee",
    "price": 2.99,
    "promoPrice": null,
    "pricePerUnit": "0.15 pieces",
    "image": "https://www.jumbo.com/dam-images/fit-in/360x360/Products/11072025_1752198062255_1752198066968_441216_DS_05063270109854_C1N1.png",
    "available": true,
    "promoUntil": null
  },
  {
    "id": "494983FLS",
    "title": "Müller Müllermilk Banana Flavour 400 g ",
    "category": "Zuivel, eieren, boter",
    "price": 1.89,
    "promoPrice": null,
    "pricePerUnit": "5.03 l",
    "image": "https://www.jumbo.com/dam-images/fit-in/360x360/Products/12072025_1752288192486_1752288207154_494983_FLS_.png",
    "available": true,
    "promoUntil": null
  },
  {
    "id": "671748DS",
    "title": "LU Time Out Granenbiscuits Melkchocolade 6 x 2 stuks",
    "category": "Koek, snoep, chocolade en chips",
    "price": 1.99,
    "promoPrice": null,
    "pricePerUnit": "11.64 kg",
    "image": "https://www.jumbo.com/dam-images/fit-in/360x360/Products/27062025_1750989746727_1750989765288_671748_DS_07622202238055_C1N1_s01.png",
    "available": true,
    "promoUntil": null
  },
  {
    "id": "674366ZK",
    "title": "Jumbo's Pastasaus Carbonara 250 g",
    "category": "Conserven, soepen, sauzen, oliën",
    "price": 2.69,
    "promoPrice": null,
    "pricePerUnit": "10.76 kg",
    "image": "https://www.jumbo.com/dam-images/fit-in/360x360/Products/21032025_1742571169494_1742571174610_8718452888474_1.png",
    "available": true,
    "promoUntil": null
  },
  {
    "id": "189558STK",
    "title": "Bolletje Lichte Crackers Spelt 4 x 4 Stuks 190 g",
    "category": "Ontbijt, broodbeleg en bakproducten",
    "price": 2.25,
    "promoPrice": null,
    "pricePerUnit": "11.84 kg",
    "image": "https://www.jumbo.com/dam-images/fit-in/360x360/Products/23072025_1753235878668_1753235886216_189558_STK_08710482532488_C1N1.png",
    "available": true,
    "promoUntil": null
  },
  {
    "id": "62771PAK",
    "title": "Koopmans Paddenstoel Cakejes 220 g",
    "category": "Ontbijt, broodbeleg en bakproducten",
    "price": 4.25,
    "promoPrice": null,
    "pricePerUnit": "19.32 kg",
    "image": "https://www.jumbo.com/dam-images/fit-in/360x360/Products/17042025_1744858544156_1744858550375_62771_PAK_08710466258427_C1N1_s03.png",
    "available": true,
    "promoUntil": null
  },
  {
    "id": "578153STK",
    "title": "Almhof Hoekje Choco Cookie Yoghurt Vanillesmaak 150 g",
    "category": "Zuivel, eieren, boter",
    "price": 1.49,
    "promoPrice": null,
    "pricePerUnit": "9.93 kg",
    "image": "https://www.jumbo.com/dam-images/fit-in/360x360/Products/30072025_1753840139622_1753840143477_578153_STK_.png",
    "available": true,
    "promoUntil": null
  },
  {
    "id": "671840CUP",
    "title": "Optimel Probiotica Yoghurt Mango Passievrucht Smaak 0% Vet 450 g",
    "category": "Zuivel, eieren, boter",
    "price": 2.49,
    "promoPrice": null,
    "pricePerUnit": "5.53 kg",
    "image": "https://www.jumbo.com/dam-images/fit-in/360x360/Products/19082025_1755566116599_1755566124646_671840_CUP_08712800002710_H1N1.png",
    "available": true,
    "promoUntil": null
  },
  {
    "id": "577791STK",
    "title": "Jumbo Extra Magere Rookworst 100 g",
    "category": "Conserven, soepen, sauzen, oliën",
    "price": 1.29,
    "promoPrice": null,
    "pricePerUnit": "12.9 kg",
    "image": "https://www.jumbo.com/dam-images/fit-in/360x360/Products/26022025_1740587608246_1740587618077_8718452729777_596.png",
    "available": true,
    "promoUntil": null
  },
  {
    "id": "30539PAK",
    "title": "Melitta Original Koffiefilters 1x4 Bruin 80 stuks",
    "category": "Koffie en thee",
    "price": 2.72,
    "promoPrice": null,
    "pricePerUnit": "0.03 pieces",
    "image": "https://www.jumbo.com/dam-images/fit-in/360x360/Products/13032025_1741876406887_1741876413329_4006508122394_1.png",
    "available": true,
    "promoUntil": null
  },
  {
    "id": "79283KST",
    "title": "Pickwick Sinaasappel Fruit Thee 20 Stuks",
    "category": "Koffie en thee",
    "price": 1.69,
    "promoPrice": null,
    "pricePerUnit": "0.08 pieces",
    "image": "https://www.jumbo.com/dam-images/fit-in/360x360/Products/79283_8711000296523_1_T1_79283KST1691391695140.png",
    "available": true,
    "promoUntil": null
  },
  {
    "id": "686546DS",
    "title": "Jumbo Mueslireep Naturel 6 Stuks",
    "category": "Ontbijt, broodbeleg en bakproducten",
    "price": 1.21,
    "promoPrice": null,
    "pricePerUnit": "8.07 kg",
    "image": "https://www.jumbo.com/dam-images/fit-in/360x360/Products/22042025_1745335948994_1745335974984_8718452885343_596.png",
    "available": true,
    "promoUntil": null
  },
  {
    "id": "671845STK",
    "title": "HiPRO Protein Bar Caramel 45 g",
    "category": "Zuivel, eieren, boter",
    "price": 1.99,
    "promoPrice": 1.49,
    "pricePerUnit": "33.11 kg",
    "image": "https://www.jumbo.com/dam-images/fit-in/360x360/Products/23092025_1758596389432_1758596391808_671845_STK_08713788124364_C1N1_s02.png",
    "available": true,
    "promoUntil": "di 7 okt"
  },
  {
    "id": "623914DS",
    "title": "Jumbo Crunchy Muesli Pure Chocolade 500 g",
    "category": "Ontbijt, broodbeleg en bakproducten",
    "price": 2.49,
    "promoPrice": null,
    "pricePerUnit": "4.98 kg",
    "image": "https://www.jumbo.com/dam-images/fit-in/360x360/Products/16052024_1715866522961_1715866542960_8718452802883_596.png",
    "available": true,
    "promoUntil": null
  },
  {
    "id": "216784POT",
    "title": "Jumbo Tomaten Sugo met Italiaanse Kruiden 690 g",
    "category": "Conserven, soepen, sauzen, oliën",
    "price": 2.39,
    "promoPrice": null,
    "pricePerUnit": "3.46 kg",
    "image": "https://www.jumbo.com/dam-images/fit-in/360x360/Products/29092023_1695995173163_1695995177160_8718452504572_1.png",
    "available": true,
    "promoUntil": null
  },
  {
    "id": "228126STK",
    "title": "Bijenhuis Bloemenhoning 250 g",
    "category": "Koffie en thee",
    "price": 5.49,
    "promoPrice": null,
    "pricePerUnit": "21.96 kg",
    "image": "https://www.jumbo.com/dam-images/fit-in/360x360/Products/07052025_1746581383609_1746581389694_228126_STK_08719326394008_C1N1.png",
    "available": true,
    "promoUntil": null
  },
  {
    "id": "200166DS",
    "title": "Canderel Navulverpakking voor Dispenser 5 x 100 Stuks 42,5 g",
    "category": "Koffie en thee",
    "price": 7.39,
    "promoPrice": null,
    "pricePerUnit": "0.01 pieces",
    "image": "https://www.jumbo.com/dam-images/fit-in/360x360/Products/08122023_1702023087340_1702023103364_200166_DS_05412503100074_C1N1.png",
    "available": true,
    "promoUntil": null
  },
  {
    "id": "215639SE",
    "title": "Hak Appelmoes Voordeel Pack 4 x 355 g",
    "category": "Conserven, soepen, sauzen, oliën",
    "price": 7.52,
    "promoPrice": null,
    "pricePerUnit": "5.3 kg",
    "image": "https://www.jumbo.com/dam-images/fit-in/360x360/Products/20082024_1724122746349_1724122754527_215639_SE_08720600616556_C1N1_s01.png",
    "available": true,
    "promoUntil": null
  },
  {
    "id": "706827ZK",
    "title": "Smit & Dorlas Classic Roast Koffiebonen 500 g",
    "category": "Koffie en thee",
    "price": 11.29,
    "promoPrice": null,
    "pricePerUnit": "22.58 kg",
    "image": "https://www.jumbo.com/dam-images/fit-in/360x360/Products/06082025_1754443004185_1754443008744_706827_ZK_08710435138767_C1N1.png",
    "available": true,
    "promoUntil": null
  },
  {
    "id": "578070CUP",
    "title": "Zuivelhoeve Boer'n yoghurt® Naturel & Muesli 170 g",
    "category": "Zuivel, eieren, boter",
    "price": 1.89,
    "promoPrice": null,
    "pricePerUnit": "11.12 kg",
    "image": "https://www.jumbo.com/dam-images/fit-in/360x360/Products/29092023_1695996143660_1695996155080_8711399022994_1.png",
    "available": true,
    "promoUntil": null
  },
  {
    "id": "390391BLK",
    "title": "Unox Soep In Blik Stevige Tomaat Groente 800 ml",
    "category": "Conserven, soepen, sauzen, oliën",
    "price": 4.15,
    "promoPrice": null,
    "pricePerUnit": "5.19 l",
    "image": "https://www.jumbo.com/dam-images/fit-in/360x360/Products/18102023_1697625489980_1697625503654_8710522675076_1.png",
    "available": true,
    "promoUntil": null
  },
  {
    "id": "305431DSL",
    "title": "Barebells Protein Bar Cookies & Cream 12 x 55 g",
    "category": "Ontbijt, broodbeleg en bakproducten",
    "price": 30.99,
    "promoPrice": null,
    "pricePerUnit": "46.95 kg",
    "image": "https://www.jumbo.com/dam-images/fit-in/360x360/Products/BarebellsCookiesCream12x55gr42602871863783bc014b1-8a9d-4a58-b513-bd43272198e4-1743403057795.png",
    "available": true,
    "promoUntil": null
  },
  {
    "id": "547731DS",
    "title": "Sultana YoFruit Aardbei 143 g",
    "category": "Koek, snoep, chocolade en chips",
    "price": 2.17,
    "promoPrice": null,
    "pricePerUnit": "15.28 kg",
    "image": "https://www.jumbo.com/dam-images/fit-in/360x360/Products/06092023_1693964066337_1693964069747_547731_DS_08710412042902_C1N1.png",
    "available": true,
    "promoUntil": null
  },
  {
    "id": "578050STK",
    "title": "Melkunie Protein Strawberry Yogurt 200 g",
    "category": "Zuivel, eieren, boter",
    "price": 1.79,
    "promoPrice": null,
    "pricePerUnit": "8.95 kg",
    "image": "https://www.jumbo.com/dam-images/fit-in/360x360/Products/16052024_1715844911868_1715844916763_8718166007642_1.png",
    "available": true,
    "promoUntil": null
  },
  {
    "id": "517392BLK",
    "title": "Jumbo Stevige Bonensoep met Rookworst 800ML",
    "category": "Conserven, soepen, sauzen, oliën",
    "price": 2.19,
    "promoPrice": null,
    "pricePerUnit": "2.74 l",
    "image": "https://www.jumbo.com/dam-images/fit-in/360x360/Products/31032025_1743417164592_1743417185920_8718452744671_596.png",
    "available": true,
    "promoUntil": null
  },
  {
    "id": "568357PAK",
    "title": "Jumbo Haverdrink Ongezoet 1 L",
    "category": "Zuivel, eieren, boter",
    "price": 1.39,
    "promoPrice": null,
    "pricePerUnit": "1.39 l",
    "image": "https://www.jumbo.com/dam-images/fit-in/360x360/Products/13052025_1747136026475_1747136036182_8718452876341_596.png",
    "available": true,
    "promoUntil": null
  },
  {
    "id": "168412BLK",
    "title": "Jumbo Ananas Stukjes op Sap 227 g",
    "category": "Conserven, soepen, sauzen, oliën",
    "price": 1.18,
    "promoPrice": null,
    "pricePerUnit": "8.43 kg",
    "image": "https://www.jumbo.com/dam-images/fit-in/360x360/Products/01082024_1722504868069_1722504889876_8718452849475_596.png",
    "available": true,
    "promoUntil": null
  },
  {
    "id": "608023KGR",
    "title": "Jumbo Biologische Kipfiletblokjes ca. 200 g",
    "category": "Vlees, vis en vega",
    "price": 5.59,
    "promoPrice": null,
    "pricePerUnit": "27.96 kg",
    "image": "https://www.jumbo.com/dam-images/fit-in/360x360/Products/13122024_1734093174980_1734093181573_2369020000000_1.png",
    "available": true,
    "promoUntil": null
  },
  {
    "id": "582444PAK",
    "title": "Peijnenburg ontbijtkoek naturel ongesneden 12 porties",
    "category": "Ontbijt, broodbeleg en bakproducten",
    "price": 1.87,
    "promoPrice": null,
    "pricePerUnit": "5.42 kg",
    "image": "https://www.jumbo.com/dam-images/fit-in/360x360/Products/09072024_1720528400806_1720528404937_8710397361555_1.png",
    "available": true,
    "promoUntil": null
  },
  {
    "id": "87858BAK",
    "title": "Jumbo Gemengd Gehakt 500 g",
    "category": "Vlees, vis en vega",
    "price": 5.39,
    "promoPrice": null,
    "pricePerUnit": "10.78 kg",
    "image": "https://www.jumbo.com/dam-images/fit-in/360x360/Products/21112024_1732217599782_1732217605804_8718452864607_1.png",
    "available": true,
    "promoUntil": null
  },
  {
    "id": "682052TRA",
    "title": "Jumbo BBQ Hamburger 2 Stuks",
    "category": "Vlees, vis en vega",
    "price": 3.49,
    "promoPrice": null,
    "pricePerUnit": "15.86 kg",
    "image": "https://www.jumbo.com/dam-images/fit-in/360x360/Products/27052025_1748349169211_1748349174263_8718452911745_1.png",
    "available": true,
    "promoUntil": null
  },
  {
    "id": "621143DS",
    "title": "Quaker Cruesli Cookies & Cream Ontbijtgranen Voordeelverpakking 850 gr",
    "category": "Ontbijt, broodbeleg en bakproducten",
    "price": 5.93,
    "promoPrice": null,
    "pricePerUnit": "6.98 kg",
    "image": "https://www.jumbo.com/dam-images/fit-in/360x360/Products/26062025_1750952046603_1750952053353_8710398530677_1.png",
    "available": true,
    "promoUntil": null
  },
  {
    "id": "603220STK",
    "title": "Jumbo Verse Lactosevrije Halfvolle Melk 1L",
    "category": "Zuivel, eieren, boter",
    "price": 1.59,
    "promoPrice": null,
    "pricePerUnit": "1.59 l",
    "image": "https://www.jumbo.com/dam-images/fit-in/360x360/Products/08042024_1712590511546_1712590540924_8718452779307_596.png",
    "available": true,
    "promoUntil": null
  },
  {
    "id": "142501STK",
    "title": "Pickwick Spices Caramelised Vanilla Zwarte Thee 20 Stuks",
    "category": "Koffie en thee",
    "price": 1.99,
    "promoPrice": null,
    "pricePerUnit": "0.1 pieces",
    "image": "https://www.jumbo.com/dam-images/fit-in/360x360/Products/05102023_1696470400124_1696470405311_142501_STK_08711000336243_C1N1.png",
    "available": true,
    "promoUntil": null
  },
  {
    "id": "391060DS",
    "title": "Unox Cup-a-Soup Rundvlees 3 x 175 ml",
    "category": "Conserven, soepen, sauzen, oliën",
    "price": 1.95,
    "promoPrice": null,
    "pricePerUnit": "43.33 kg",
    "image": "https://www.jumbo.com/dam-images/fit-in/360x360/Products/30122024_1735526968482_1735526991608_391060_DS_08710522802144_C1N1.png",
    "available": true,
    "promoUntil": null
  },
  {
    "id": "673144FLS",
    "title": "Jumbo Dressing Honing Mosterd 450ML",
    "category": "Conserven, soepen, sauzen, oliën",
    "price": 1.79,
    "promoPrice": null,
    "pricePerUnit": "3.98 l",
    "image": "https://www.jumbo.com/dam-images/fit-in/360x360/Products/17042025_1744878790854_1744878800150_8718452895571_1.png",
    "available": true,
    "promoUntil": null
  },
  {
    "id": "481849FLS",
    "title": "Gouda's Glorie Currysaus 750 ml",
    "category": "Conserven, soepen, sauzen, oliën",
    "price": 2.59,
    "promoPrice": null,
    "pricePerUnit": "3.45 l",
    "image": "https://www.jumbo.com/dam-images/fit-in/360x360/Products/10082023_1691677233063_1691677238419_8710448638155_1.png",
    "available": true,
    "promoUntil": null
  },
  {
    "id": "167833PAK",
    "title": "Campina Langlekker Halfvolle Melk 1,5 L",
    "category": "Zuivel, eieren, boter",
    "price": 2.79,
    "promoPrice": null,
    "pricePerUnit": "1.86 l",
    "image": "https://www.jumbo.com/dam-images/fit-in/360x360/Products/30082025_1756515757140_1756515763447_167833_PAK_08713300402963_C1N1.png",
    "available": true,
    "promoUntil": null
  },
  {
    "id": "121010BAK",
    "title": "Mona Toetje van de Maand",
    "category": "Zuivel, eieren, boter",
    "price": 2.59,
    "promoPrice": null,
    "pricePerUnit": "5.76 l",
    "image": "https://www.jumbo.com/dam-images/fit-in/360x360/Products/20082025_1755652983523_1755652994273_121010_BAK_00000087257502_H1N1.png",
    "available": true,
    "promoUntil": null
  },
  {
    "id": "184288STK",
    "title": "Oatly The Original Haver Bio 1 L",
    "category": "Zuivel, eieren, boter",
    "price": 2.89,
    "promoPrice": null,
    "pricePerUnit": "2.89 l",
    "image": "https://www.jumbo.com/dam-images/fit-in/360x360/Products/23092025_1758596427693_1758596434000_184288_STK_07394376615894_C1N1.png",
    "available": true,
    "promoUntil": null
  },
  {
    "id": "665484POT",
    "title": "Jumbo's Pindakaas Naturel 290 g",
    "category": "Ontbijt, broodbeleg en bakproducten",
    "price": 1.99,
    "promoPrice": null,
    "pricePerUnit": "6.86 kg",
    "image": "https://www.jumbo.com/dam-images/fit-in/360x360/Products/04022025_1738665167334_1738665175256_8718452901722_1.png",
    "available": true,
    "promoUntil": null
  },
  {
    "id": "25930BAK",
    "title": "Timson Rinse Appelstroop 450 g",
    "category": "Ontbijt, broodbeleg en bakproducten",
    "price": 2.68,
    "promoPrice": null,
    "pricePerUnit": "5.96 kg",
    "image": "https://www.jumbo.com/dam-images/fit-in/360x360/Products/05122024_1733394796049_1733394804020_8710742020069_1.png",
    "available": true,
    "promoUntil": null
  },
  {
    "id": "476942FLS",
    "title": "Oliehoorn Currysaus Zachtzoet & Pittig 465 ml",
    "category": "Conserven, soepen, sauzen, oliën",
    "price": 2.69,
    "promoPrice": null,
    "pricePerUnit": "5.78 l",
    "image": "https://www.jumbo.com/dam-images/fit-in/360x360/Products/10082023_1691677979755_1691677986199_8713277754898_1.png",
    "available": true,
    "promoUntil": null
  },
  {
    "id": "226823STK",
    "title": "illy Classico Coffee Beans 250 g",
    "category": "Koffie en thee",
    "price": 7.99,
    "promoPrice": null,
    "pricePerUnit": "31.96 kg",
    "image": "https://www.jumbo.com/dam-images/fit-in/360x360/Products/14062025_1749868367516_1749868370303_226823_STK_08003753900520_C1N1.png",
    "available": true,
    "promoUntil": null
  },
  {
    "id": "543725ZK",
    "title": "Bertolli Bolognese Pastasaus 460 g",
    "category": "Conserven, soepen, sauzen, oliën",
    "price": 3.9,
    "promoPrice": null,
    "pricePerUnit": "8.48 kg",
    "image": "https://www.jumbo.com/dam-images/fit-in/360x360/Products/30102024_1730262040289_1730262050076_543725_ZK_08720791220129_C1N1.png",
    "available": true,
    "promoUntil": null
  },
  {
    "id": "219837STK",
    "title": "Fjord Volkoren Rogge 250 g",
    "category": "Ontbijt, broodbeleg en bakproducten",
    "price": 0.99,
    "promoPrice": null,
    "pricePerUnit": "3.96 kg",
    "image": "https://www.jumbo.com/dam-images/fit-in/360x360/Products/29032025_1743215498653_1743215512773_219837_STK_05010265002201_C1N1.png",
    "available": true,
    "promoUntil": null
  },
  {
    "id": "180844BAK",
    "title": "Jumbo Gemengd Gehakt Gekruid 1KG",
    "category": "Vlees, vis en vega",
    "price": 9.5,
    "promoPrice": null,
    "pricePerUnit": "9.5 kg",
    "image": "https://www.jumbo.com/dam-images/fit-in/360x360/Products/21112024_1732217600336_1732217605714_8718452864652_1.png",
    "available": true,
    "promoUntil": null
  },
  {
    "id": "691192DS",
    "title": "Jumbo's Cappuccino Combicups 32 Stuks",
    "category": "Koffie en thee",
    "price": 7.99,
    "promoPrice": null,
    "pricePerUnit": "0.25 pieces",
    "image": "https://www.jumbo.com/dam-images/fit-in/360x360/Products/11082025_1754919207915_1754919214922_8718452905089_1.png",
    "available": true,
    "promoUntil": null
  },
  {
    "id": "79506POT",
    "title": "Hak Doperwtjes 680 g",
    "category": "Conserven, soepen, sauzen, oliën",
    "price": 3.79,
    "promoPrice": null,
    "pricePerUnit": "8.33 kg",
    "image": "https://www.jumbo.com/dam-images/fit-in/360x360/Products/27032024_1711508941421_1711508947171_79506_POT_08720600609855_H1N1.png",
    "available": true,
    "promoUntil": null
  },
  {
    "id": "507476DS",
    "title": "Pickwick Ginger Goodness Blueberry Kruidenthee",
    "category": "Koffie en thee",
    "price": 2.39,
    "promoPrice": null,
    "pricePerUnit": "0.16 pieces",
    "image": "https://www.jumbo.com/dam-images/fit-in/360x360/Products/08062024_1717820414779_1717820423909_507476_DS_08711000497647_C1N1.png",
    "available": true,
    "promoUntil": null
  },
  {
    "id": "577549BAK",
    "title": "Ehrmann Grand Dessert Double Toffee 190 g",
    "category": "Zuivel, eieren, boter",
    "price": 1.19,
    "promoPrice": null,
    "pricePerUnit": "6.26 kg",
    "image": "https://www.jumbo.com/dam-images/fit-in/360x360/Products/14022024_1707872956737_1707872969879_4002971253603_1.png",
    "available": true,
    "promoUntil": null
  },
  {
    "id": "691893PAK",
    "title": "Peijnenburg Parelkandij 348 g",
    "category": "Ontbijt, broodbeleg en bakproducten",
    "price": 2.27,
    "promoPrice": null,
    "pricePerUnit": "6.52 kg",
    "image": "https://www.jumbo.com/dam-images/fit-in/360x360/Products/28052025_1748424768741_1748424773489_8710397211645_1.png",
    "available": true,
    "promoUntil": null
  },
  {
    "id": "710932DS",
    "title": "Jumbo Strooi Mini's 8 Stuks",
    "category": "Ontbijt, broodbeleg en bakproducten",
    "price": 2.29,
    "promoPrice": null,
    "pricePerUnit": "0.02 pieces",
    "image": "https://www.jumbo.com/dam-images/fit-in/360x360/Products/06082025_1754476392257_1754476406323_8718452909056_596.png",
    "available": true,
    "promoUntil": null
  },
  {
    "id": "521353DS",
    "title": "Honig Basis voor Franse Champignonsoep 107 g",
    "category": "Conserven, soepen, sauzen, oliën",
    "price": 1.99,
    "promoPrice": null,
    "pricePerUnit": "18.6 kg",
    "image": "https://www.jumbo.com/dam-images/fit-in/360x360/Products/18072025_1752804424094_1752804432514_521353_DS_08714700170513_H1N1.png",
    "available": true,
    "promoUntil": null
  },
  {
    "id": "300810ZK",
    "title": "Unox Smaakfavoriet Soep in Zak Hollandse Asperge 570 ml",
    "category": "Conserven, soepen, sauzen, oliën",
    "price": 4.19,
    "promoPrice": null,
    "pricePerUnit": "7.35 l",
    "image": "https://www.jumbo.com/dam-images/fit-in/360x360/Products/28082025_1756346209490_1756346232077_300810_ZK_08717163795552_C1N1.png",
    "available": true,
    "promoUntil": null
  },
  {
    "id": "454959DS",
    "title": "Jumbo Plantaardige Plakken 200 g",
    "category": "Zuivel, eieren, boter",
    "price": 1.69,
    "promoPrice": null,
    "pricePerUnit": "8.45 kg",
    "image": "https://www.jumbo.com/dam-images/fit-in/360x360/Products/10082023_1691676550199_1691676562986_8718452600007_1.png",
    "available": true,
    "promoUntil": null
  },
  {
    "id": "576942CUP",
    "title": "Ehrmann High Protein Mousse Chocolate 200 g",
    "category": "Zuivel, eieren, boter",
    "price": 1.99,
    "promoPrice": null,
    "pricePerUnit": "9.95 kg",
    "image": "https://www.jumbo.com/dam-images/fit-in/360x360/Products/576942_4002971283808_1_T1_431304CUP1691150425945.png",
    "available": true,
    "promoUntil": null
  },
  {
    "id": "623481DS",
    "title": "Jumbo Granola Haver, Pitten & Bessen 500 g",
    "category": "Ontbijt, broodbeleg en bakproducten",
    "price": 2.62,
    "promoPrice": null,
    "pricePerUnit": "5.24 kg",
    "image": "https://www.jumbo.com/dam-images/fit-in/360x360/Products/23052024_1716456914198_1716456935999_8718452807222_596.png",
    "available": true,
    "promoUntil": null
  },
  {
    "id": "610710PAK",
    "title": "Danio Luchtige Kwark Vanille Perzik Passievrucht 2 x 125g",
    "category": "Zuivel, eieren, boter",
    "price": 1.99,
    "promoPrice": null,
    "pricePerUnit": "7.96 kg",
    "image": "https://www.jumbo.com/dam-images/fit-in/360x360/Products/19012024_1705696455087_1705696464853_8713788124036_1.png",
    "available": true,
    "promoUntil": null
  },
  {
    "id": "92693PAK",
    "title": "Chocomel Halfvol Voordeelpak 1,5 L",
    "category": "Zuivel, eieren, boter",
    "price": 3.45,
    "promoPrice": null,
    "pricePerUnit": "2.3 l",
    "image": "https://www.jumbo.com/dam-images/fit-in/360x360/Products/24052025_1748050591081_1748050598429_92693_PAK_08712800187653_H1N1.png",
    "available": true,
    "promoUntil": null
  },
  {
    "id": "45178POT",
    "title": "Alpro Plantaardige Variatie Op Yoghurt Naturel 500g",
    "category": "Zuivel, eieren, boter",
    "price": 2.29,
    "promoPrice": null,
    "pricePerUnit": "4.58 kg",
    "image": "https://www.jumbo.com/dam-images/fit-in/360x360/Products/22062025_1750554654561_1750554660861_45178_POT_05411188099154_C1N1.png",
    "available": true,
    "promoUntil": null
  },
  {
    "id": "386265ZK",
    "title": "Jumbo Cappucino 250g",
    "category": "Koffie en thee",
    "price": 2.99,
    "promoPrice": null,
    "pricePerUnit": "11.96 kg",
    "image": "https://www.jumbo.com/dam-images/fit-in/360x360/Products/09082023_1691587308126_1691587321777_8718452483822_1.png",
    "available": true,
    "promoUntil": null
  },
  {
    "id": "202152STK",
    "title": "Unox Smaakfavoriet Soep In Zak Klassieke Ossenstaart 570 ml",
    "category": "Conserven, soepen, sauzen, oliën",
    "price": 4.99,
    "promoPrice": null,
    "pricePerUnit": "8.75 l",
    "image": "https://www.jumbo.com/dam-images/fit-in/360x360/Products/12012024_1705025218105_1705025235729_202152_STK_08712423010444_C1N1.png",
    "available": true,
    "promoUntil": null
  },
  {
    "id": "195776DS",
    "title": "Jumbo Sinaasappel Thee 20 Stuks",
    "category": "Koffie en thee",
    "price": 0.85,
    "promoPrice": null,
    "pricePerUnit": "0.04 pieces",
    "image": "https://www.jumbo.com/dam-images/fit-in/360x360/Products/09082023_1691584886183_1691584920213_8718452250325_1.png",
    "available": true,
    "promoUntil": null
  },
  {
    "id": "182792STK",
    "title": "Arla Biologisch Halfvolle Melk 1,5 L",
    "category": "Zuivel, eieren, boter",
    "price": 2.25,
    "promoPrice": null,
    "pricePerUnit": "1.5 l",
    "image": "https://www.jumbo.com/dam-images/fit-in/360x360/Products/23092025_1758589556534_1758589564563_182792_STK_08718166011199_H1N1.png",
    "available": true,
    "promoUntil": null
  },
  {
    "id": "391453DS",
    "title": "Unox Cup-a-Soup Groente 3 x 175ml",
    "category": "Conserven, soepen, sauzen, oliën",
    "price": 1.89,
    "promoPrice": null,
    "pricePerUnit": "39.37 kg",
    "image": "https://www.jumbo.com/dam-images/fit-in/360x360/Products/30122024_1735525657224_1735525695409_391453_DS_08711327460249_C1N1.png",
    "available": true,
    "promoUntil": null
  },
  {
    "id": "173128STK",
    "title": "Snelle Jelle Zero Kruidkoek 4 Stuks 168 g",
    "category": "Ontbijt, broodbeleg en bakproducten",
    "price": 2.81,
    "promoPrice": null,
    "pricePerUnit": "16.73 kg",
    "image": "https://www.jumbo.com/dam-images/fit-in/360x360/Products/14022024_1707873498802_1707873504499_8710432611935_1.png",
    "available": true,
    "promoUntil": null
  },
  {
    "id": "202806STK",
    "title": "Yakult Plus 15-pack",
    "category": "Zuivel, eieren, boter",
    "price": 7.59,
    "promoPrice": null,
    "pricePerUnit": "7.78 l",
    "image": "https://www.jumbo.com/dam-images/fit-in/360x360/Products/06032025_1741278805429_1741278831127_8713108021519_596.png",
    "available": true,
    "promoUntil": null
  },
  {
    "id": "157105POT",
    "title": "Hak Bruine Bonen 370 g",
    "category": "Conserven, soepen, sauzen, oliën",
    "price": 1.99,
    "promoPrice": null,
    "pricePerUnit": "8.29 kg",
    "image": "https://www.jumbo.com/dam-images/fit-in/360x360/Products/22062025_1750554427802_1750554433188_157105_POT_08720600612824_A1N1.png",
    "available": true,
    "promoUntil": null
  },
  {
    "id": "388321PAK",
    "title": "Oatly The Original Haver Barista Edition 500 ml",
    "category": "Koffie en thee",
    "price": 1.99,
    "promoPrice": null,
    "pricePerUnit": "3.98 l",
    "image": "https://www.jumbo.com/dam-images/fit-in/360x360/Products/23092025_1758590692492_1758590700903_388321_PAK_07394376617904_C1N1.png",
    "available": true,
    "promoUntil": null
  },
  {
    "id": "176054DS",
    "title": "NESCAFÉ Dolce Gusto, Koffiecapsules Grande, 30 cups, 255 gr ",
    "category": "Koffie en thee",
    "price": 8.99,
    "promoPrice": null,
    "pricePerUnit": "0.3 pieces",
    "image": "https://www.jumbo.com/dam-images/fit-in/360x360/Products/23092025_1758598683935_1758598690226_176054_DS_08445290453808_H1N1_s01.png",
    "available": true,
    "promoUntil": null
  },
  {
    "id": "577753CUP",
    "title": "Melkunie Protein Chocolate Flavoured Pudding 200 g",
    "category": "Zuivel, eieren, boter",
    "price": 1.79,
    "promoPrice": null,
    "pricePerUnit": "8.95 kg",
    "image": "https://www.jumbo.com/dam-images/fit-in/360x360/Products/13082025_1755052301985_1755052304201_577753_CUP_05711953197406_C1N1.png",
    "available": true,
    "promoUntil": null
  },
  {
    "id": "668553POT",
    "title": "Jumbo's 100% Pindakaas Stukjes Pinda 350 g",
    "category": "Ontbijt, broodbeleg en bakproducten",
    "price": 2.69,
    "promoPrice": null,
    "pricePerUnit": "7.69 kg",
    "image": "https://www.jumbo.com/dam-images/fit-in/360x360/Products/16122024_1734366816540_1734366822909_8718452861323_1.png",
    "available": true,
    "promoUntil": null
  },
  {
    "id": "590777CUP",
    "title": "Melkunie Protein Strawberry Flavoured Quark 200 g",
    "category": "Ontbijt, broodbeleg en bakproducten",
    "price": 1.59,
    "promoPrice": null,
    "pricePerUnit": "7.95 kg",
    "image": "https://www.jumbo.com/dam-images/fit-in/360x360/Products/17062025_1750156465949_1750156469689_6413300019247_1.png",
    "available": true,
    "promoUntil": null
  },
  {
    "id": "179042STK",
    "title": "Maggi Kaas Saus 37 g",
    "category": "Conserven, soepen, sauzen, oliën",
    "price": 1.12,
    "promoPrice": null,
    "pricePerUnit": "30.27 kg",
    "image": "https://www.jumbo.com/dam-images/fit-in/360x360/Products/18092024_1726621904278_1726621911517_179042_STK_07613035751286_C1N1_s01.png",
    "available": true,
    "promoUntil": null
  },
  {
    "id": "430941FLS",
    "title": "Diamant Frituurolie Extra Krokante Friet 3L",
    "category": "Conserven, soepen, sauzen, oliën",
    "price": 11.0,
    "promoPrice": null,
    "pricePerUnit": "3.67 l",
    "image": "https://www.jumbo.com/dam-images/fit-in/360x360/Products/09082023_1691588327479_1691588455444_8722100048370_1.png",
    "available": true,
    "promoUntil": null
  },
  {
    "id": "275918STK",
    "title": "NESCAFÉ Dolce Gusto, Flat White, 16 capsules, 187,2 gr",
    "category": "Koffie en thee",
    "price": 5.99,
    "promoPrice": null,
    "pricePerUnit": "0.37 pieces",
    "image": "https://www.jumbo.com/dam-images/fit-in/360x360/Products/23092025_1758600329372_1758600336257_275918_STK_07613036595735_H1N1_s01.png",
    "available": true,
    "promoUntil": null
  },
  {
    "id": "310972BAK",
    "title": "Almhof Volle Kwark Citroen 500 g",
    "category": "Zuivel, eieren, boter",
    "price": 2.99,
    "promoPrice": null,
    "pricePerUnit": "5.98 kg",
    "image": "https://www.jumbo.com/dam-images/fit-in/360x360/Products/22062025_1750558603090_1750558604529_310972_BAK_.png",
    "available": true,
    "promoUntil": null
  },
  {
    "id": "391058DS",
    "title": "Unox Cup-a-Soup Pittige Tomaat 3 x 175ml",
    "category": "Conserven, soepen, sauzen, oliën",
    "price": 2.09,
    "promoPrice": null,
    "pricePerUnit": "43.54 kg",
    "image": "https://www.jumbo.com/dam-images/fit-in/360x360/Products/07052024_1715099655575_1715099661959_8710522750773_1.png",
    "available": true,
    "promoUntil": null
  },
  {
    "id": "195787DS",
    "title": "Jumbo Groene Thee Puur 20 Zakjes",
    "category": "Koffie en thee",
    "price": 0.47,
    "promoPrice": null,
    "pricePerUnit": "0.02 pieces",
    "image": "https://www.jumbo.com/dam-images/fit-in/360x360/Products/09082023_1691584855884_1691584867182_8718452250387_1.png",
    "available": true,
    "promoUntil": null
  },
  {
    "id": "485496FLS",
    "title": "Calvé Knijpfles Broodje Unox Saus 250 ml",
    "category": "Conserven, soepen, sauzen, oliën",
    "price": 2.89,
    "promoPrice": null,
    "pricePerUnit": "11.56 l",
    "image": "https://www.jumbo.com/dam-images/fit-in/360x360/Products/12082025_1754987602163_1754987607624_8720182255082_1.png",
    "available": true,
    "promoUntil": null
  },
  {
    "id": "304263BAK",
    "title": "Mona Chipolata Pudding met Stukjes Tropisch Fruit",
    "category": "Zuivel, eieren, boter",
    "price": 2.49,
    "promoPrice": null,
    "pricePerUnit": "5.53 l",
    "image": "https://www.jumbo.com/dam-images/fit-in/360x360/Products/12122024_1734014859977_1734014864341_87128529_1.png",
    "available": true,
    "promoUntil": null
  },
  {
    "id": "80533POT",
    "title": "Lotus Biscoff speculoos pasta original 400 g",
    "category": "Ontbijt, broodbeleg en bakproducten",
    "price": 3.05,
    "promoPrice": null,
    "pricePerUnit": "7.63 kg",
    "image": "https://www.jumbo.com/dam-images/fit-in/360x360/Products/08062024_1717809282594_1717809287434_80533_POT_05410126006957_C1N1.png",
    "available": true,
    "promoUntil": null
  },
  {
    "id": "374741BLK",
    "title": "Del Monte Fruitcocktail op Lichte Siroop 825 g",
    "category": "Conserven, soepen, sauzen, oliën",
    "price": 3.09,
    "promoPrice": null,
    "pricePerUnit": "6.18 kg",
    "image": "https://www.jumbo.com/dam-images/fit-in/360x360/Products/12122024_1734014422343_1734014433088_24000010920_1.png",
    "available": true,
    "promoUntil": null
  },
  {
    "id": "523885PAK",
    "title": "Chocomel Plantaardig 1 L",
    "category": "Zuivel, eieren, boter",
    "price": 2.99,
    "promoPrice": null,
    "pricePerUnit": "2.99 l",
    "image": "https://www.jumbo.com/dam-images/fit-in/360x360/Products/30082025_1756518473555_1756518482848_523885_PAK_08712800000549_C1N1.png",
    "available": true,
    "promoUntil": null
  },
  {
    "id": "352864DSL",
    "title": "Nescafé Dolce Gusto Caramel Macchiato 3 x 16 Stuks",
    "category": "Koffie en thee",
    "price": 17.97,
    "promoPrice": 15.27,
    "pricePerUnit": "0.32 pieces",
    "image": "https://www.jumbo.com/dam-images/fit-in/360x360/Products/352864DSL-1692362551084.png",
    "available": true,
    "promoUntil": "di 7 okt"
  },
  {
    "id": "563530BAK",
    "title": "Wijko Satésaus Kant en Klaar 270 g",
    "category": "Conserven, soepen, sauzen, oliën",
    "price": 2.39,
    "promoPrice": null,
    "pricePerUnit": "8.85 kg",
    "image": "https://www.jumbo.com/dam-images/fit-in/360x360/Products/20122024_1734671839967_1734671849490_563530_BAK_08718053070803_H1N1.png",
    "available": true,
    "promoUntil": null
  },
  {
    "id": "278515STK",
    "title": "Friesche Vlag Balance Mager 0% Vet 466 ml",
    "category": "Zuivel, eieren, boter",
    "price": 2.06,
    "promoPrice": null,
    "pricePerUnit": "4.42 l",
    "image": "https://www.jumbo.com/dam-images/fit-in/360x360/Products/13092024_1726212797548_1726212804584_8712800101987_1.png",
    "available": true,
    "promoUntil": null
  },
  {
    "id": "417918DS",
    "title": "De Ruijter Specials Intens Puur 200 g",
    "category": "Ontbijt, broodbeleg en bakproducten",
    "price": 3.84,
    "promoPrice": null,
    "pricePerUnit": "19.2 kg",
    "image": "https://www.jumbo.com/dam-images/fit-in/360x360/Products/17062025_1750124901567_1750124907733_417918_DS_08710496979927_H1N1.png",
    "available": true,
    "promoUntil": null
  },
  {
    "id": "499013PAK",
    "title": "Choca Vlokken mix 200g",
    "category": "Ontbijt, broodbeleg en bakproducten",
    "price": 1.99,
    "promoPrice": null,
    "pricePerUnit": "9.95 kg",
    "image": "https://www.jumbo.com/dam-images/fit-in/360x360/Products/22082024_1724293966795_1724293970217_499013_PAK_08710496911989_C1N1.png",
    "available": true,
    "promoUntil": null
  },
  {
    "id": "195770DS",
    "title": "Jumbo Groene Thee Cranberry 20 Stuks",
    "category": "Koffie en thee",
    "price": 1.35,
    "promoPrice": null,
    "pricePerUnit": "0.07 pieces",
    "image": "https://www.jumbo.com/dam-images/fit-in/360x360/Products/09082023_1691584886065_1691584900320_8718452250394_1.png",
    "available": true,
    "promoUntil": null
  },
  {
    "id": "374672DS",
    "title": "Kellogg's Corn Flakes 375 g",
    "category": "Ontbijt, broodbeleg en bakproducten",
    "price": 2.9,
    "promoPrice": null,
    "pricePerUnit": "7.73 kg",
    "image": "https://www.jumbo.com/dam-images/fit-in/360x360/Products/11082025_1754912035158_1754912039565_5053827185776_1.png",
    "available": true,
    "promoUntil": null
  },
  {
    "id": "578261CUP",
    "title": "Ísey Skyr Mandarin Pie 170g",
    "category": "Zuivel, eieren, boter",
    "price": 1.89,
    "promoPrice": null,
    "pricePerUnit": "11.12 kg",
    "image": "https://www.jumbo.com/dam-images/fit-in/360x360/Products/24092025_1758678534619_1758678535950_578261_CUP_05690845001994_A1N1.png",
    "available": true,
    "promoUntil": null
  },
  {
    "id": "222818FLS",
    "title": "Jumbo Tomatenketchup 500ML",
    "category": "Conserven, soepen, sauzen, oliën",
    "price": 0.58,
    "promoPrice": null,
    "pricePerUnit": "1.16 l",
    "image": "https://www.jumbo.com/dam-images/fit-in/360x360/Products/01052025_1746102746137_1746102751060_8718452795956_1.png",
    "available": true,
    "promoUntil": null
  },
  {
    "id": "481462DS",
    "title": "Kellogg's Trésor Melkchocolade 410 g",
    "category": "Ontbijt, broodbeleg en bakproducten",
    "price": 4.54,
    "promoPrice": null,
    "pricePerUnit": "11.07 kg",
    "image": "https://www.jumbo.com/dam-images/fit-in/360x360/Products/11082025_1754912035374_1754912040822_5053827199667_1.png",
    "available": true,
    "promoUntil": null
  },
  {
    "id": "226296CUP",
    "title": "Öing Magere Kwark 500 g",
    "category": "Zuivel, eieren, boter",
    "price": 1.08,
    "promoPrice": null,
    "pricePerUnit": "2.16 kg",
    "image": "https://www.jumbo.com/dam-images/fit-in/360x360/Products/09082023_1691585250988_1691585271420_4036300143211_1.png",
    "available": true,
    "promoUntil": null
  },
  {
    "id": "420597PAK",
    "title": "Jumbo Biologisch Magere Yoghurt 1 L",
    "category": "Zuivel, eieren, boter",
    "price": 1.59,
    "promoPrice": null,
    "pricePerUnit": "1.59 l",
    "image": "https://www.jumbo.com/dam-images/fit-in/360x360/Products/09072024_1720517665801_1720517677122_8718452754069_596.png",
    "available": true,
    "promoUntil": null
  },
  {
    "id": "134325STK",
    "title": "Balisto Muesli chocolade biscuit reep 6-pack",
    "category": "Koek, snoep, chocolade en chips",
    "price": 2.79,
    "promoPrice": null,
    "pricePerUnit": "25.14 kg",
    "image": "https://www.jumbo.com/dam-images/fit-in/360x360/Products/15052025_1747330434400_1747330447859_5000159419253_596.png",
    "available": true,
    "promoUntil": null
  },
  {
    "id": "283183FLS",
    "title": "Carapelli Bio extra vierge olijfolie ",
    "category": "Conserven, soepen, sauzen, oliën",
    "price": 8.77,
    "promoPrice": null,
    "pricePerUnit": "17.54 l",
    "image": "https://www.jumbo.com/dam-images/fit-in/360x360/Products/02042025_1743559245249_1743559246803_283183_FLS_08002470029897_A1N1.png",
    "available": true,
    "promoUntil": null
  },
  {
    "id": "656457PAK",
    "title": "Jumbo Houdbare Volle Melk 500ML",
    "category": "Zuivel, eieren, boter",
    "price": 0.92,
    "promoPrice": null,
    "pricePerUnit": "1.84 l",
    "image": "https://www.jumbo.com/dam-images/fit-in/360x360/Products/01112024_1730471707778_1730471722764_8718452842407_596.png",
    "available": true,
    "promoUntil": null
  },
  {
    "id": "140911KRT",
    "title": "Jumbo Scharreleieren M/L 6 Stuks",
    "category": "Zuivel, eieren, boter",
    "price": 2.79,
    "promoPrice": null,
    "pricePerUnit": "0.47 pieces",
    "image": "https://www.jumbo.com/dam-images/fit-in/360x360/Products/8718452276837T1Bewerkt947d090a-7089-43c0-9c18-ca612d1c8052-1738231769587.png",
    "available": true,
    "promoUntil": null
  },
  {
    "id": "136127DSL",
    "title": "Clipper Bio  Lemon & Ginger Organic Infusion 4 x 20 Stuks",
    "category": "Koffie en thee",
    "price": 14.76,
    "promoPrice": null,
    "pricePerUnit": "0.18 pieces",
    "image": "https://www.jumbo.com/dam-images/fit-in/360x360/Products/136127DSL-1692281420787.png",
    "available": true,
    "promoUntil": null
  },
  {
    "id": "635458CUP",
    "title": "Jumbo High Protein Pudding Vanillesmaak 200 g",
    "category": "Zuivel, eieren, boter",
    "price": 1.29,
    "promoPrice": null,
    "pricePerUnit": "6.45 kg",
    "image": "https://www.jumbo.com/dam-images/fit-in/360x360/Products/8718452838028T5962af07576-bc6f-4c7c-9aeb-81cf9a0b39d2-1732809442271.png",
    "available": true,
    "promoUntil": null
  },
  {
    "id": "394588DS",
    "title": "Knorr Cup-a-Soup Chinese Tomaat 10 x 175 ml",
    "category": "Conserven, soepen, sauzen, oliën",
    "price": 5.65,
    "promoPrice": null,
    "pricePerUnit": "33.24 kg",
    "image": "https://www.jumbo.com/dam-images/fit-in/360x360/Products/26082025_1756233177263_1756233185820_8721317703898_1.png",
    "available": true,
    "promoUntil": null
  },
  {
    "id": "84194POT",
    "title": "Nutella 200 g",
    "category": "Ontbijt, broodbeleg en bakproducten",
    "price": 3.28,
    "promoPrice": null,
    "pricePerUnit": "16.4 kg",
    "image": "https://www.jumbo.com/dam-images/fit-in/360x360/Products/13092025_1757729349764_1757729356108_84194_POT_00000080135463_A1N1.png",
    "available": true,
    "promoUntil": null
  },
  {
    "id": "293407STK",
    "title": "Campina Langlekker Halfvolle Melk 1 L",
    "category": "Zuivel, eieren, boter",
    "price": 1.99,
    "promoPrice": null,
    "pricePerUnit": "1.99 l",
    "image": "https://www.jumbo.com/dam-images/fit-in/360x360/Products/30082025_1756516460591_1756516470593_293407_STK_08712800147008_C1N1.png",
    "available": true,
    "promoUntil": null
  },
  {
    "id": "521361DS",
    "title": "Honig Maaltijdmix voor Chinese Tomatensoep 112 g",
    "category": "Conserven, soepen, sauzen, oliën",
    "price": 1.99,
    "promoPrice": null,
    "pricePerUnit": "17.77 kg",
    "image": "https://www.jumbo.com/dam-images/fit-in/360x360/Products/19062025_1750297203183_1750297214283_521361_DS_08714700170582_H1N1.png",
    "available": true,
    "promoUntil": null
  },
  {
    "id": "679304PAK",
    "title": "Becel Vlees & Jus 250 g",
    "category": "Zuivel, eieren, boter",
    "price": 2.29,
    "promoPrice": null,
    "pricePerUnit": "9.16 kg",
    "image": "https://www.jumbo.com/dam-images/fit-in/360x360/Products/14032025_1741970048818_1741970055200_8719200296916_1.png",
    "available": true,
    "promoUntil": null
  },
  {
    "id": "600611POT",
    "title": "Jumbo Milde Mosterd 255 g",
    "category": "Conserven, soepen, sauzen, oliën",
    "price": 0.85,
    "promoPrice": null,
    "pricePerUnit": "3.33 kg",
    "image": "https://www.jumbo.com/dam-images/fit-in/360x360/Products/06022024_1707237252734_1707237261519_8718452576883_1.png",
    "available": true,
    "promoUntil": null
  },
  {
    "id": "587175SC",
    "title": "Muscle Meat High Protein Meals Kipfilet Mexican Style Witte Rijst - Mais Mexicana Spieropbouw 450 g",
    "category": "Verse maaltijden en gemak",
    "price": 6.79,
    "promoPrice": null,
    "pricePerUnit": "15.09 kg",
    "image": "https://www.jumbo.com/dam-images/fit-in/360x360/Products/05092025_1757068433867_1757068441466_8721008247052_1.png",
    "available": true,
    "promoUntil": null
  },
  {
    "id": "184520PAK",
    "title": "LiGA Cracotte 5 Granen Crackers 2 x 17 Stuks 250g",
    "category": "Ontbijt, broodbeleg en bakproducten",
    "price": 2.0,
    "promoPrice": null,
    "pricePerUnit": "8.0 kg",
    "image": "https://www.jumbo.com/dam-images/fit-in/360x360/Products/11092025_1757556372408_1757556393353_184520_PAK_07622210718075_C1N1_s02.png",
    "available": true,
    "promoUntil": null
  },
  {
    "id": "358689PAK",
    "title": "Unox Good Noodles Kip 70g",
    "category": "Conserven, soepen, sauzen, oliën",
    "price": 1.15,
    "promoPrice": null,
    "pricePerUnit": "16.43 kg",
    "image": "https://www.jumbo.com/dam-images/fit-in/360x360/Products/15082025_1755224438979_1755224474428_358689_PAK_08720182874412_H1N1.png",
    "available": true,
    "promoUntil": null
  },
  {
    "id": "524133POT",
    "title": "Zonnatura Smooth Spread Avocado 140 g",
    "category": "Ontbijt, broodbeleg en bakproducten",
    "price": 2.99,
    "promoPrice": null,
    "pricePerUnit": "21.36 kg",
    "image": "https://www.jumbo.com/dam-images/fit-in/360x360/Products/07102024_1728311593253_1728311604026_8711812479527_1.png",
    "available": true,
    "promoUntil": null
  },
  {
    "id": "448029DS",
    "title": "Knorr Bouillontabletten Groente 150 g",
    "category": "Conserven, soepen, sauzen, oliën",
    "price": 1.79,
    "promoPrice": null,
    "pricePerUnit": "11.93 kg",
    "image": "https://www.jumbo.com/dam-images/fit-in/360x360/Products/16072025_1752631891991_1752631934386_448029_DS_08720182053008_C1N1.png",
    "available": true,
    "promoUntil": null
  },
  {
    "id": "208504PAK",
    "title": "Jumbo Volle Chocolademelk 6 x 200 ML",
    "category": "Frisdrank en sappen",
    "price": 2.0,
    "promoPrice": null,
    "pricePerUnit": "1.67 l",
    "image": "https://www.jumbo.com/dam-images/fit-in/360x360/Products/10082023_1691676546262_1691676558484_8718452299706_1.png",
    "available": true,
    "promoUntil": null
  },
  {
    "id": "134427DS",
    "title": "Nescafé Vanillesmaak Typ Latte 8 x 17 g",
    "category": "Koffie en thee",
    "price": 3.59,
    "promoPrice": null,
    "pricePerUnit": "0.45 pieces",
    "image": "https://www.jumbo.com/dam-images/fit-in/360x360/Products/23092025_1758598937902_1758598948149_134427_DS_08445291513334_H1N1_s01.png",
    "available": true,
    "promoUntil": null
  },
  {
    "id": "548106PAK",
    "title": "Heinz Tomato Frito Original 520 g",
    "category": "Conserven, soepen, sauzen, oliën",
    "price": 1.95,
    "promoPrice": null,
    "pricePerUnit": "3.75 kg",
    "image": "https://www.jumbo.com/dam-images/fit-in/360x360/Products/02082025_1754097999789_1754098007683_548106_PAK_08410066138753_H1N1.png",
    "available": true,
    "promoUntil": null
  },
  {
    "id": "112370POT",
    "title": "Hak Spinazie 630 g",
    "category": "Conserven, soepen, sauzen, oliën",
    "price": 3.19,
    "promoPrice": null,
    "pricePerUnit": "6.65 kg",
    "image": "https://www.jumbo.com/dam-images/fit-in/360x360/Products/17062025_1750123806067_1750123821902_112370_POT_08720600609817_H1N1.png",
    "available": true,
    "promoUntil": null
  },
  {
    "id": "208859STK",
    "title": "LiGA Milkbreak Koekjes Melk 6 x 2 Stuks 245g",
    "category": "Ontbijt, broodbeleg en bakproducten",
    "price": 3.0,
    "promoPrice": null,
    "pricePerUnit": "12.24 kg",
    "image": "https://www.jumbo.com/dam-images/fit-in/360x360/Products/05082025_1754400784348_1754400793088_7622210411006_596.png",
    "available": true,
    "promoUntil": null
  },
  {
    "id": "517388BLK",
    "title": "Jumbo Tomatensoep met Soepballetjes 300ML",
    "category": "Conserven, soepen, sauzen, oliën",
    "price": 0.99,
    "promoPrice": null,
    "pricePerUnit": "3.3 l",
    "image": "https://www.jumbo.com/dam-images/fit-in/360x360/Products/04082025_1754292813084_1754292831068_8718452722426_596.png",
    "available": true,
    "promoUntil": null
  },
  {
    "id": "673397FLS",
    "title": "Jumbo Slasaus Naturel 500ML",
    "category": "Conserven, soepen, sauzen, oliën",
    "price": 1.4,
    "promoPrice": null,
    "pricePerUnit": "2.8 l",
    "image": "https://www.jumbo.com/dam-images/fit-in/360x360/Products/19052025_1747679567616_1747679570396_8718452895595_1.png",
    "available": true,
    "promoUntil": null
  },
  {
    "id": "441006PAK",
    "title": "Diamant Friet & Snacks Vast Frituurvet 4 x 250 g",
    "category": "Conserven, soepen, sauzen, oliën",
    "price": 4.0,
    "promoPrice": null,
    "pricePerUnit": "4.0 kg",
    "image": "https://www.jumbo.com/dam-images/fit-in/360x360/Products/21092025_1758416458357_1758416473906_441006_PAK_.png",
    "available": true,
    "promoUntil": null
  },
  {
    "id": "236855STK",
    "title": "NESCAFÉ Dolce Gusto, Koffiecapsules Espresso Intenso, 30 cups, 210 gr",
    "category": "Koffie en thee",
    "price": 8.99,
    "promoPrice": null,
    "pricePerUnit": "0.3 pieces",
    "image": "https://www.jumbo.com/dam-images/fit-in/360x360/Products/23092025_1758596786669_1758596794444_236855_STK_07613036867443_H1N1_s02.png",
    "available": true,
    "promoUntil": null
  },
  {
    "id": "148881DS",
    "title": "Honig Krul Vermicelli Middel 250 g",
    "category": "Conserven, soepen, sauzen, oliën",
    "price": 1.39,
    "promoPrice": null,
    "pricePerUnit": "5.56 kg",
    "image": "https://www.jumbo.com/dam-images/fit-in/360x360/Products/21082024_1724207123746_1724207130362_148881_DS_08714700995925_H1N1.png",
    "available": true,
    "promoUntil": null
  },
  {
    "id": "699253POT",
    "title": "Lindahls Protein Kvarg Vanillesmaak 450 g ",
    "category": "Zuivel, eieren, boter",
    "price": 2.79,
    "promoPrice": null,
    "pricePerUnit": "6.2 kg",
    "image": "https://www.jumbo.com/dam-images/fit-in/360x360/Products/16072025_1752680048191_1752680051152_3023290094945_1.png",
    "available": true,
    "promoUntil": null
  },
  {
    "id": "515054TRA",
    "title": "Jumbo Kipdijfiletblokjes 600 g",
    "category": "Vlees, vis en vega",
    "price": 6.79,
    "promoPrice": null,
    "pricePerUnit": "11.32 kg",
    "image": "https://www.jumbo.com/dam-images/fit-in/360x360/Products/04072025_1751617993344_1751617998286_8718452687893_1.png",
    "available": true,
    "promoUntil": null
  },
  {
    "id": "388043PAK",
    "title": "Koopmans Appeltaart Extra Deeg 550 g",
    "category": "Ontbijt, broodbeleg en bakproducten",
    "price": 1.68,
    "promoPrice": null,
    "pricePerUnit": "3.05 kg",
    "image": "https://www.jumbo.com/dam-images/fit-in/360x360/Products/17042025_1744856569723_1744856578507_388043_PAK_08710466299529_C1N1_s03.png",
    "available": true,
    "promoUntil": null
  },
  {
    "id": "547426BKR",
    "title": "Arla Skyr coconut yoghurt 0% vet 450 g",
    "category": "Zuivel, eieren, boter",
    "price": 2.19,
    "promoPrice": null,
    "pricePerUnit": "4.87 kg",
    "image": "https://www.jumbo.com/dam-images/fit-in/360x360/Products/09072025_1752071588567_1752071593872_4016241050656_1.png",
    "available": true,
    "promoUntil": null
  },
  {
    "id": "471413ZK",
    "title": "Snack A Jacks Dreamy Chocolade Chip Rijstwafels 166 gr",
    "category": "Ontbijt, broodbeleg en bakproducten",
    "price": 2.66,
    "promoPrice": null,
    "pricePerUnit": "16.02 kg",
    "image": "https://www.jumbo.com/dam-images/fit-in/360x360/Products/27032025_1743071588101_1743071591656_8710398523389_1.png",
    "available": true,
    "promoUntil": null
  },
  {
    "id": "435389DS",
    "title": "Clipper Ginger & Turmeric Organic Infusion 20 Stuks 36 g",
    "category": "Koffie en thee",
    "price": 3.69,
    "promoPrice": null,
    "pricePerUnit": "0.18 pieces",
    "image": "https://www.jumbo.com/dam-images/fit-in/360x360/Products/24042025_1745458648577_1745458656807_435389_DS_05021991943195_H1N1.png",
    "available": true,
    "promoUntil": null
  },
  {
    "id": "31703PAK",
    "title": "den Eelder Geitenmelk 0,75 L",
    "category": "Zuivel, eieren, boter",
    "price": 1.89,
    "promoPrice": null,
    "pricePerUnit": "2.52 l",
    "image": "https://www.jumbo.com/dam-images/fit-in/360x360/Products/08052024_1715192658342_1715192663691_8711723136397_1.png",
    "available": true,
    "promoUntil": null
  },
  {
    "id": "422543ZK",
    "title": "Starbucks® Blonde® Espresso Roast koffiebonen 450 gram",
    "category": "Koffie en thee",
    "price": 12.69,
    "promoPrice": null,
    "pricePerUnit": "28.2 kg",
    "image": "https://www.jumbo.com/dam-images/fit-in/360x360/Products/16102024_1729047228440_1729047238049_422543_ZK_07613037204797_H1N1_s01.png",
    "available": true,
    "promoUntil": null
  },
  {
    "id": "630512TRA",
    "title": "Jumbo Varkens Braadworst 2 Stuks",
    "category": "Vlees, vis en vega",
    "price": 5.5,
    "promoPrice": null,
    "pricePerUnit": "8.33 kg",
    "image": "https://www.jumbo.com/dam-images/fit-in/360x360/Products/17022025_1739781186712_1739781192432_8718452865093_1.png",
    "available": true,
    "promoUntil": null
  },
  {
    "id": "285598BAK",
    "title": "Jumbo Boomstammetjes 2 Stuks",
    "category": "Vlees, vis en vega",
    "price": 2.29,
    "promoPrice": null,
    "pricePerUnit": "11.45 kg",
    "image": "https://www.jumbo.com/dam-images/fit-in/360x360/Products/05112024_1730820971841_1730820981481_8718452697113_1.png",
    "available": true,
    "promoUntil": null
  },
  {
    "id": "586831POT",
    "title": "XXL Nutrition Whey Delicious Vanilla Flavor 450 g",
    "category": "Ontbijt, broodbeleg en bakproducten",
    "price": 18.69,
    "promoPrice": null,
    "pricePerUnit": "41.53 kg",
    "image": "https://www.jumbo.com/dam-images/fit-in/360x360/Products/14022024_1707873022864_1707873029204_8719881007801_1.png",
    "available": true,
    "promoUntil": null
  },
  {
    "id": "669291POT",
    "title": "Jumbo's 100% Puur Notenpasta Pinda, Amandel & Cashew 350 g ",
    "category": "Ontbijt, broodbeleg en bakproducten",
    "price": 3.98,
    "promoPrice": null,
    "pricePerUnit": "11.37 kg",
    "image": "https://www.jumbo.com/dam-images/fit-in/360x360/Products/16122024_1734363156460_1734363162491_8718452861293_1.png",
    "available": true,
    "promoUntil": null
  },
  {
    "id": "551003EM",
    "title": "Zuivelhoeve Boer'n yoghurt® Bosvruchten 750 g",
    "category": "Zuivel, eieren, boter",
    "price": 3.29,
    "promoPrice": null,
    "pricePerUnit": "4.39 kg",
    "image": "https://www.jumbo.com/dam-images/fit-in/360x360/Products/23052024_1716430594689_1716430599901_551003_EM_08711399022727_C1N1.png",
    "available": true,
    "promoUntil": null
  },
  {
    "id": "267848PAK",
    "title": "Lavazza Espresso Italiano Classico gemalen / filterkoffie 250 g",
    "category": "Koffie en thee",
    "price": 6.59,
    "promoPrice": null,
    "pricePerUnit": "26.36 kg",
    "image": "https://www.jumbo.com/dam-images/fit-in/360x360/Products/29042025_1745891574923_1745891584161_267848_PAK_08000070012837_C1N1.png",
    "available": true,
    "promoUntil": null
  },
  {
    "id": "208380STK",
    "title": "Vifit Goedemorgen! Drinkzuivel Aardbei/Sinaasappel 400 ml",
    "category": "Zuivel, eieren, boter",
    "price": 1.69,
    "promoPrice": null,
    "pricePerUnit": "4.23 l",
    "image": "https://www.jumbo.com/dam-images/fit-in/360x360/Products/03072025_1751509042101_1751509051659_208380_STK_08712800148494_H1N1.png",
    "available": true,
    "promoUntil": null
  },
  {
    "id": "624597TRA",
    "title": "Jumbo Speklappen 550 g",
    "category": "Vlees, vis en vega",
    "price": 6.29,
    "promoPrice": null,
    "pricePerUnit": "11.44 kg",
    "image": "https://www.jumbo.com/dam-images/fit-in/360x360/Products/19122024_1734615195486_1734615202044_8718452849604_1.png",
    "available": true,
    "promoUntil": null
  },
  {
    "id": "166523FLS",
    "title": "Debic Verse Gesuikerde Room 1 L",
    "category": "Zuivel, eieren, boter",
    "price": 7.49,
    "promoPrice": null,
    "pricePerUnit": "7.49 l",
    "image": "https://www.jumbo.com/dam-images/fit-in/360x360/Products/29092023_1695994881879_1695994886684_5410488821946_1.png",
    "available": true,
    "promoUntil": null
  },
  {
    "id": "204563STK",
    "title": "Arla Lacto Free Crème Fraîche 200 g",
    "category": "Zuivel, eieren, boter",
    "price": 2.39,
    "promoPrice": null,
    "pricePerUnit": "11.95 l",
    "image": "https://www.jumbo.com/dam-images/fit-in/360x360/Products/30062025_1751283246026_1751283252317_7310865695086_1.png",
    "available": true,
    "promoUntil": null
  },
  {
    "id": "362769STK",
    "title": "Bolletje Volkoren Beschuit 13 Stuks",
    "category": "Ontbijt, broodbeleg en bakproducten",
    "price": 0.9,
    "promoPrice": null,
    "pricePerUnit": "5.81 kg",
    "image": "https://www.jumbo.com/dam-images/fit-in/360x360/Products/17052024_1715913257703_1715913283939_362769_STK_08710482533843_C1N1.png",
    "available": true,
    "promoUntil": null
  },
  {
    "id": "310573PAK",
    "title": "Danio Luchtige Kwark Bosbes 2 x 125 g",
    "category": "Zuivel, eieren, boter",
    "price": 1.99,
    "promoPrice": null,
    "pricePerUnit": "7.96 kg",
    "image": "https://www.jumbo.com/dam-images/fit-in/360x360/Products/12122024_1734014781351_1734014786395_54016590_1.png",
    "available": true,
    "promoUntil": null
  },
  {
    "id": "382969DS",
    "title": "Wasa Delicate Crisp Sesame & Sea Salt 190 g",
    "category": "Ontbijt, broodbeleg en bakproducten",
    "price": 2.17,
    "promoPrice": null,
    "pricePerUnit": "11.42 kg",
    "image": "https://www.jumbo.com/dam-images/fit-in/360x360/Products/09082023_1691588004195_1691588009883_7300400482615_1.png",
    "available": true,
    "promoUntil": null
  },
  {
    "id": "300467DS",
    "title": "Jumbo Meergranen Biscuits Rozijn Voordeel Verpakking 9 x 37,5 g",
    "category": "Koek, snoep, chocolade en chips",
    "price": 1.89,
    "promoPrice": null,
    "pricePerUnit": "5.4 kg",
    "image": "https://www.jumbo.com/dam-images/fit-in/360x360/Products/29092023_1695995015960_1695995025848_8718452402489_1.png",
    "available": true,
    "promoUntil": null
  },
  {
    "id": "458607DS",
    "title": "Unox Good Noodles Kip 5 x 70 g",
    "category": "Conserven, soepen, sauzen, oliën",
    "price": 4.99,
    "promoPrice": null,
    "pricePerUnit": "14.26 kg",
    "image": "https://www.jumbo.com/dam-images/fit-in/360x360/Products/22012025_1737545568456_1737545573004_8720182891105_1.png",
    "available": true,
    "promoUntil": null
  },
  {
    "id": "188917STK",
    "title": "Jumbo Tiramisu Dessert met Lange Vingers en Cacaopoeder 500 g",
    "category": "Zuivel, eieren, boter",
    "price": 3.99,
    "promoPrice": null,
    "pricePerUnit": "7.98 kg",
    "image": "https://www.jumbo.com/dam-images/fit-in/360x360/Products/18092023_1695057319170_1695057327888_8718452634217_1.png",
    "available": true,
    "promoUntil": null
  },
  {
    "id": "455795DS",
    "title": "Natreen Zoetjes 400 Stuks",
    "category": "Koffie en thee",
    "price": 2.83,
    "promoPrice": null,
    "pricePerUnit": "0.01 pieces",
    "image": "https://www.jumbo.com/dam-images/fit-in/360x360/Products/08062024_1717809310835_1717809318721_455795_DS_08711000476192_C1N1.png",
    "available": true,
    "promoUntil": null
  },
  {
    "id": "647651POT",
    "title": "Jumbo Taart & Vlaaifruit Kersen 560 g",
    "category": "Ontbijt, broodbeleg en bakproducten",
    "price": 2.76,
    "promoPrice": null,
    "pricePerUnit": "4.93 kg",
    "image": "https://www.jumbo.com/dam-images/fit-in/360x360/Products/14022025_1739547167748_1739547174545_8718452811601_1.png",
    "available": true,
    "promoUntil": null
  },
  {
    "id": "182080STK",
    "title": "Danoontje Kinder Fruitkwark Toetjes Aardbei Abrikoos 4 x 100g",
    "category": "Zuivel, eieren, boter",
    "price": 2.29,
    "promoPrice": null,
    "pricePerUnit": "5.73 kg",
    "image": "https://www.jumbo.com/dam-images/fit-in/360x360/Products/31072024_1722433096135_1722433104105_8713788122094_1.png",
    "available": true,
    "promoUntil": null
  },
  {
    "id": "358682ZK",
    "title": "Unox Smaakfavoriet Soep In Zak Kruidige Tomaten 570 ml",
    "category": "Conserven, soepen, sauzen, oliën",
    "price": 4.99,
    "promoPrice": null,
    "pricePerUnit": "8.75 l",
    "image": "https://www.jumbo.com/dam-images/fit-in/360x360/Products/17012024_1705460049728_1705460087708_358682_ZK_08710604786003_C1N1.png",
    "available": true,
    "promoUntil": null
  },
  {
    "id": "65700PAK",
    "title": "Optimel Drinkyoghurt Framboos 0% Vet 500ml",
    "category": "Zuivel, eieren, boter",
    "price": 1.59,
    "promoPrice": null,
    "pricePerUnit": "3.18 l",
    "image": "https://www.jumbo.com/dam-images/fit-in/360x360/Products/22082025_1755825253698_1755825262749_65700_PAK_08712800035732_C1N1.png",
    "available": true,
    "promoUntil": null
  },
  {
    "id": "130141PAK",
    "title": "Café Intención Crema Aromatico 500 g bonen",
    "category": "Koffie en thee",
    "price": 12.99,
    "promoPrice": null,
    "pricePerUnit": "25.98 kg",
    "image": "https://www.jumbo.com/dam-images/fit-in/360x360/Products/23042024_1713879192571_1713879199273_4006581020761_1.png",
    "available": true,
    "promoUntil": null
  },
  {
    "id": "626030KGR",
    "title": "Jumbo Rund Riblap 1 Stuk ca. 530 g",
    "category": "Vlees, vis en vega",
    "price": 10.02,
    "promoPrice": null,
    "pricePerUnit": "18.9 kg",
    "image": "https://www.jumbo.com/dam-images/fit-in/360x360/Products/24092025_1758717260289_1758717266823_2369069000000_1.png",
    "available": true,
    "promoUntil": null
  },
  {
    "id": "577149ZK",
    "title": "HAK mild Mexicaans gekruid Burrito schotel met kidneybonen, wortel & doperwten 550g",
    "category": "Conserven, soepen, sauzen, oliën",
    "price": 2.99,
    "promoPrice": null,
    "pricePerUnit": "5.44 kg",
    "image": "https://www.jumbo.com/dam-images/fit-in/360x360/Products/21062025_1750470444060_1750470466379_577149_ZK_08720600616426_H1N1_s01.png",
    "available": true,
    "promoUntil": null
  },
  {
    "id": "319463POT",
    "title": "Jumbo Decaf Oploskoffie 100 g",
    "category": "Koffie en thee",
    "price": 2.75,
    "promoPrice": null,
    "pricePerUnit": "27.5 kg",
    "image": "https://www.jumbo.com/dam-images/fit-in/360x360/Products/09082023_1691586678342_1691586690740_8718452406401_1.png",
    "available": true,
    "promoUntil": null
  },
  {
    "id": "656348ZK",
    "title": "Hamblokjes 300 g",
    "category": "Vleeswaren, kaas en tapas",
    "price": 2.38,
    "promoPrice": null,
    "pricePerUnit": "7.93 kg",
    "image": "https://www.jumbo.com/dam-images/fit-in/360x360/Products/14042025_1744641188215_1744641193094_8724400004766_1.png",
    "available": true,
    "promoUntil": null
  },
  {
    "id": "686530DS",
    "title": "Jumbo Mueslireep Yoghurtsmaak & Rood Fruit 6 Stuks",
    "category": "Ontbijt, broodbeleg en bakproducten",
    "price": 2.27,
    "promoPrice": null,
    "pricePerUnit": "15.13 kg",
    "image": "https://www.jumbo.com/dam-images/fit-in/360x360/Products/22042025_1745332346517_1745332374008_8718452885367_596.png",
    "available": true,
    "promoUntil": null
  },
  {
    "id": "482134FLS",
    "title": "Gouda's Glorie Fritessaus 750 ml",
    "category": "Conserven, soepen, sauzen, oliën",
    "price": 2.79,
    "promoPrice": null,
    "pricePerUnit": "3.72 l",
    "image": "https://www.jumbo.com/dam-images/fit-in/360x360/Products/482134_8710448638117_1_T1_482134FLS1691161136976.png",
    "available": true,
    "promoUntil": null
  },
  {
    "id": "514987BAK",
    "title": "Jumbo Scharrelkip Schnitzel 2 Stuks",
    "category": "Vlees, vis en vega",
    "price": 2.89,
    "promoPrice": null,
    "pricePerUnit": "14.45 kg",
    "image": "https://www.jumbo.com/dam-images/fit-in/360x360/Products/05112024_1730820972325_1730820998978_8718452684175_1.png",
    "available": true,
    "promoUntil": null
  },
  {
    "id": "499735DS",
    "title": "Pickwick Original English 20 x 2 g",
    "category": "Koffie en thee",
    "price": 1.29,
    "promoPrice": null,
    "pricePerUnit": "0.06 pieces",
    "image": "https://www.jumbo.com/dam-images/fit-in/360x360/Products/02042025_1743554032777_1743554042832_8711000008102_1.png",
    "available": true,
    "promoUntil": null
  },
  {
    "id": "79395CUP",
    "title": "Melkunie Griesmeelpap 468 ml",
    "category": "Zuivel, eieren, boter",
    "price": 1.49,
    "promoPrice": null,
    "pricePerUnit": "2.98 kg",
    "image": "https://www.jumbo.com/dam-images/fit-in/360x360/Products/13062025_1749825268975_1749825273707_8718166031432_1.png",
    "available": true,
    "promoUntil": null
  },
  {
    "id": "476690KGR",
    "title": "Jumbo Slagersgehakt Rund ca. 500 g",
    "category": "Vlees, vis en vega",
    "price": 8.64,
    "promoPrice": null,
    "pricePerUnit": "17.29 kg",
    "image": "https://www.jumbo.com/dam-images/fit-in/360x360/Products/18102024_1729236845124_1729236850912_2353159000000_1.png",
    "available": true,
    "promoUntil": null
  },
  {
    "id": "709277KGR",
    "title": "Jumbo Rund Stoofvlees ca. 650 g",
    "category": "Vlees, vis en vega",
    "price": 12.28,
    "promoPrice": null,
    "pricePerUnit": "18.9 kg",
    "image": "https://www.jumbo.com/dam-images/fit-in/360x360/Products/24092025_1758717260660_1758717267084_2353063000000_1.png",
    "available": true,
    "promoUntil": null
  },
  {
    "id": "390222BLK",
    "title": "Unox Soep In Blik Originele Groentesoep 300 ml",
    "category": "Conserven, soepen, sauzen, oliën",
    "price": 1.99,
    "promoPrice": null,
    "pricePerUnit": "6.63 l",
    "image": "https://www.jumbo.com/dam-images/fit-in/360x360/Products/13112024_1731501175887_1731501183116_8710522674802_1.png",
    "available": true,
    "promoUntil": null
  },
  {
    "id": "181322BLK",
    "title": "Jumbo Fruitcocktail op Lichte Siroop 410 g",
    "category": "Conserven, soepen, sauzen, oliën",
    "price": 1.69,
    "promoPrice": null,
    "pricePerUnit": "6.76 kg",
    "image": "https://www.jumbo.com/dam-images/fit-in/360x360/Products/29092023_1695996116084_1695996124045_8718452637713_1.png",
    "available": true,
    "promoUntil": null
  },
  {
    "id": "683020KGR",
    "title": "Jumbo Zalmfilet met Huid Naturel ca. 270 g",
    "category": "Vlees, vis en vega",
    "price": 7.01,
    "promoPrice": null,
    "pricePerUnit": "25.97 kg",
    "image": "https://www.jumbo.com/dam-images/fit-in/360x360/Products/14022025_1739539721333_1739539725125_2369211000000_1.png",
    "available": true,
    "promoUntil": null
  },
  {
    "id": "578752CUP",
    "title": "Droom Dessert Rijstdessert Vanille Smaak 200 g",
    "category": "Zuivel, eieren, boter",
    "price": 0.79,
    "promoPrice": null,
    "pricePerUnit": "3.95 kg",
    "image": "https://www.jumbo.com/dam-images/fit-in/360x360/Products/16082025_1755308229775_1755308235298_578752_CUP_08717948002356_C1N1.png",
    "available": true,
    "promoUntil": null
  },
  {
    "id": "144348KSL",
    "title": "Alpro Sojadrink Vanille Houdbaar 4 x 1 L",
    "category": "Zuivel, eieren, boter",
    "price": 11.16,
    "promoPrice": null,
    "pricePerUnit": "2.79 l",
    "image": "https://www.jumbo.com/dam-images/fit-in/360x360/Products/144348KSL4packAlproSojadrinkVanille133a90a1-5278-42fd-a29c-cafbec64b6af-1692960585349.png",
    "available": true,
    "promoUntil": null
  },
  {
    "id": "619651TRA",
    "title": "Muscle Meat High Protein Meals Kip Döner Kebab Aardappelgratin - Snijbonen Spieropbouw 450 g",
    "category": "Ontbijt, broodbeleg en bakproducten",
    "price": 6.79,
    "promoPrice": null,
    "pricePerUnit": "15.09 kg",
    "image": "https://www.jumbo.com/dam-images/fit-in/360x360/Products/05092025_1757064774766_1757064780951_8720726497039_1.png",
    "available": true,
    "promoUntil": null
  },
  {
    "id": "87005STK",
    "title": "Knorr Drinkbouillon Tuinkruiden 120 g",
    "category": "Conserven, soepen, sauzen, oliën",
    "price": 1.39,
    "promoPrice": null,
    "pricePerUnit": "69.5 kg",
    "image": "https://www.jumbo.com/dam-images/fit-in/360x360/Products/15082025_1755224652627_1755224670347_87005_STK_08720182103406_C1N1.png",
    "available": true,
    "promoUntil": null
  },
  {
    "id": "433886DSL",
    "title": "HiPRO Protein Drink Framboos Aardbei 6 x 300 ml",
    "category": "Zuivel, eieren, boter",
    "price": 12.78,
    "promoPrice": null,
    "pricePerUnit": "7.1 l",
    "image": "https://www.jumbo.com/dam-images/fit-in/360x360/Products/18713788123388191024702-21d1-496b-bdfc-c78c82a7e05e-1746193105590.png",
    "available": true,
    "promoUntil": null
  },
  {
    "id": "306001DS",
    "title": "Jumbo Spices Herfst 20 Stuks",
    "category": "Koffie en thee",
    "price": 0.85,
    "promoPrice": null,
    "pricePerUnit": "0.04 pieces",
    "image": "https://www.jumbo.com/dam-images/fit-in/360x360/Products/18092023_1695038035063_1695038042346_8718452405732_1.png",
    "available": true,
    "promoUntil": null
  },
  {
    "id": "578248CUP",
    "title": "Ísey Skyr Lemon Cheesecake 170g",
    "category": "Zuivel, eieren, boter",
    "price": 1.89,
    "promoPrice": null,
    "pricePerUnit": "11.12 kg",
    "image": "https://www.jumbo.com/dam-images/fit-in/360x360/Products/07082025_1754562840754_1754562848571_5690845000324_596.png",
    "available": true,
    "promoUntil": null
  },
  {
    "id": "57024DS",
    "title": "Pickwick Citroen Fruit Thee 20 Stuks",
    "category": "Koffie en thee",
    "price": 1.79,
    "promoPrice": null,
    "pricePerUnit": "0.09 pieces",
    "image": "https://www.jumbo.com/dam-images/fit-in/360x360/Products/57024_8711000278666_1_T1_57024DS1691391108419.png",
    "available": true,
    "promoUntil": null
  },
  {
    "id": "514989BAK",
    "title": "Jumbo Scharrelkip Burger 2 Stuks",
    "category": "Vlees, vis en vega",
    "price": 3.0,
    "promoPrice": null,
    "pricePerUnit": "15.0 kg",
    "image": "https://www.jumbo.com/dam-images/fit-in/360x360/Products/05112024_1730820972366_1730820988508_8718452684137_1.png",
    "available": true,
    "promoUntil": null
  },
  {
    "id": "585526FLS",
    "title": "HiPRO Protein Drink Bosbes 300 ml",
    "category": "Ontbijt, broodbeleg en bakproducten",
    "price": 2.39,
    "promoPrice": 1.79,
    "pricePerUnit": "5.97 l",
    "image": "https://www.jumbo.com/dam-images/fit-in/360x360/Products/12022025_1739331892860_1739331896575_585526_FLS_08713788124029_H1N1.png",
    "available": true,
    "promoUntil": "di 7 okt"
  },
  {
    "id": "214068KGR",
    "title": "Jumbo Rund Reepjes ca. 300 g",
    "category": "Vlees, vis en vega",
    "price": 7.5,
    "promoPrice": null,
    "pricePerUnit": "24.99 kg",
    "image": "https://www.jumbo.com/dam-images/fit-in/360x360/Products/24092025_1758717259633_1758717265529_2333762000000_1.png",
    "available": true,
    "promoUntil": null
  },
  {
    "id": "198228POT",
    "title": "Jean Bâton Mayonnaise Black Truffle 385 ml",
    "category": "Conserven, soepen, sauzen, oliën",
    "price": 5.96,
    "promoPrice": null,
    "pricePerUnit": "15.48 l",
    "image": "https://www.jumbo.com/dam-images/fit-in/360x360/Products/08718403012873C1N116e53dc21-e33a-44b1-930d-e38f7048402f-1754052288655.png",
    "available": true,
    "promoUntil": null
  },
  {
    "id": "19078FLS",
    "title": "Douwe Egberts Karamel Siroop 250 ml",
    "category": "Koffie en thee",
    "price": 2.99,
    "promoPrice": null,
    "pricePerUnit": "11.96 l",
    "image": "https://www.jumbo.com/dam-images/fit-in/360x360/Products/09082023_1691587083008_1691587087036_8711000051245_1.png",
    "available": true,
    "promoUntil": null
  },
  {
    "id": "517380TRL",
    "title": "Jumbo Groentesoep met Soepballen en Vermicelle 6 x 800 ml",
    "category": "Conserven, soepen, sauzen, oliën",
    "price": 11.94,
    "promoPrice": null,
    "pricePerUnit": "2.49 l",
    "image": "https://www.jumbo.com/dam-images/fit-in/360x360/Products/517380TRL-1692279030246.png",
    "available": true,
    "promoUntil": null
  },
  {
    "id": "516091POT",
    "title": "Kühne Augurken Zoetzuur 670 g",
    "category": "Conserven, soepen, sauzen, oliën",
    "price": 2.24,
    "promoPrice": null,
    "pricePerUnit": "6.22 kg",
    "image": "https://www.jumbo.com/dam-images/fit-in/360x360/Products/01082025_1754012335374_1754012348159_516091_POT_00000040737508_C1N1.png",
    "available": true,
    "promoUntil": null
  },
  {
    "id": "364562ZK",
    "title": "Alesie Ruwe Rietsuiker 750 g",
    "category": "Koffie en thee",
    "price": 1.99,
    "promoPrice": null,
    "pricePerUnit": "2.65 kg",
    "image": "https://www.jumbo.com/dam-images/fit-in/360x360/Products/10082023_1691675001057_1691675041730_8595100805652_1.png",
    "available": true,
    "promoUntil": null
  },
  {
    "id": "195754DS",
    "title": "Jumbo Rooibos Honing 20 Stuks",
    "category": "Koffie en thee",
    "price": 1.09,
    "promoPrice": null,
    "pricePerUnit": "0.05 pieces",
    "image": "https://www.jumbo.com/dam-images/fit-in/360x360/Products/09082023_1691584855370_1691584872321_8718452250363_1.png",
    "available": true,
    "promoUntil": null
  },
  {
    "id": "480482STK",
    "title": "Unox Leverpastei Mager 168 g",
    "category": "Conserven, soepen, sauzen, oliën",
    "price": 2.96,
    "promoPrice": null,
    "pricePerUnit": "17.62 kg",
    "image": "https://www.jumbo.com/dam-images/fit-in/360x360/Products/26052025_1748225787630_1748225822330_480482_STK_08720182231109_C1N1.png",
    "available": true,
    "promoUntil": null
  },
  {
    "id": "268993STK",
    "title": "Bolletje Ontbijt Crackers Volkoren Meergranen 4 x 3 Stuks 250 g",
    "category": "Ontbijt, broodbeleg en bakproducten",
    "price": 2.65,
    "promoPrice": null,
    "pricePerUnit": "10.6 kg",
    "image": "https://www.jumbo.com/dam-images/fit-in/360x360/Products/06052025_1746534786844_1746534794379_8710482533348_1.png",
    "available": true,
    "promoUntil": null
  },
  {
    "id": "173435BAK",
    "title": "Jumbo Gemengd Gehakt 300 g",
    "category": "Vlees, vis en vega",
    "price": 3.69,
    "promoPrice": null,
    "pricePerUnit": "12.3 kg",
    "image": "https://www.jumbo.com/dam-images/fit-in/360x360/Products/21112024_1732217600243_1732217604402_8718452864621_1.png",
    "available": true,
    "promoUntil": null
  },
  {
    "id": "623918DS",
    "title": "Jumbo Muesli Vier Noten 500 g",
    "category": "Ontbijt, broodbeleg en bakproducten",
    "price": 2.49,
    "promoPrice": null,
    "pricePerUnit": "4.98 kg",
    "image": "https://www.jumbo.com/dam-images/fit-in/360x360/Products/23052024_1716456914399_1716456934114_8718452802876_596.png",
    "available": true,
    "promoUntil": null
  },
  {
    "id": "347588BLK",
    "title": "Boterhamworst 440 g",
    "category": "Conserven, soepen, sauzen, oliën",
    "price": 2.75,
    "promoPrice": null,
    "pricePerUnit": "6.25 kg",
    "image": "https://www.jumbo.com/dam-images/fit-in/360x360/Products/26022025_1740573212508_1740573224290_8710581909341_1.png",
    "available": true,
    "promoUntil": null
  },
  {
    "id": "578065TRL",
    "title": "Jumbo Yoghurt Griekse Stijl 0% vet 150gr",
    "category": "Zuivel, eieren, boter",
    "price": 4.14,
    "promoPrice": null,
    "pricePerUnit": "4.6 kg",
    "image": "https://www.jumbo.com/dam-images/fit-in/360x360/Products/578065_8718452528714_1_T1_430932TRL1691150238691.png",
    "available": true,
    "promoUntil": null
  },
  {
    "id": "623483DS",
    "title": "Jumbo Granola Haver, Rozijnen, Pitten, Kokoschips & Noten 500 g",
    "category": "Ontbijt, broodbeleg en bakproducten",
    "price": 2.99,
    "promoPrice": null,
    "pricePerUnit": "5.98 kg",
    "image": "https://www.jumbo.com/dam-images/fit-in/360x360/Products/23052024_1716456914124_1716456934503_8718452802869_596.png",
    "available": true,
    "promoUntil": null
  },
  {
    "id": "203119STK",
    "title": "Yakult Balance 8-pack",
    "category": "Zuivel, eieren, boter",
    "price": 4.49,
    "promoPrice": null,
    "pricePerUnit": "8.63 l",
    "image": "https://www.jumbo.com/dam-images/fit-in/360x360/Products/13032025_1741883605986_1741883610853_8713108010810_1.png",
    "available": true,
    "promoUntil": null
  },
  {
    "id": "302931PAK",
    "title": "Wasa Sandwich Flavour Sour Cream & Onion 2 Stuks 99 g",
    "category": "Ontbijt, broodbeleg en bakproducten",
    "price": 2.47,
    "promoPrice": null,
    "pricePerUnit": "24.95 kg",
    "image": "https://www.jumbo.com/dam-images/fit-in/360x360/Products/18052024_1715995930857_1715995934553_302931_PAK_07300400482301_H1N1.png",
    "available": true,
    "promoUntil": null
  },
  {
    "id": "166964DS",
    "title": "Nestlé Hot Chocolate Mix 8 Stuks",
    "category": "Koffie en thee",
    "price": 3.99,
    "promoPrice": null,
    "pricePerUnit": "24.94 kg",
    "image": "https://www.jumbo.com/dam-images/fit-in/360x360/Products/15062024_1718416920138_1718416923423_166964_DS_.png",
    "available": true,
    "promoUntil": null
  },
  {
    "id": "494984FLS",
    "title": "HiPRO Protein Drink Mango 300 ml",
    "category": "Zuivel, eieren, boter",
    "price": 2.39,
    "promoPrice": 1.79,
    "pricePerUnit": "5.97 l",
    "image": "https://www.jumbo.com/dam-images/fit-in/360x360/Products/26082025_1756173642391_1756173647318_494984_FLS_08713788123664_H1N1.png",
    "available": true,
    "promoUntil": "di 7 okt"
  },
  {
    "id": "471412ZK",
    "title": "Snack A Jacks Smooth Caramel Rijstwafels 140 gr",
    "category": "Ontbijt, broodbeleg en bakproducten",
    "price": 2.45,
    "promoPrice": null,
    "pricePerUnit": "17.5 kg",
    "image": "https://www.jumbo.com/dam-images/fit-in/360x360/Products/27032025_1743071587946_1743071591364_8710398523365_1.png",
    "available": true,
    "promoUntil": null
  },
  {
    "id": "388029PAK",
    "title": "Koopmans Boerencake 400 g",
    "category": "Ontbijt, broodbeleg en bakproducten",
    "price": 1.36,
    "promoPrice": null,
    "pricePerUnit": "3.4 kg",
    "image": "https://www.jumbo.com/dam-images/fit-in/360x360/Products/18042025_1744941734814_1744941744030_388029_PAK_08710466299222_C1N1_s04.png",
    "available": true,
    "promoUntil": null
  },
  {
    "id": "176408STK",
    "title": "Alpro Mild & Creamy Coconut 750 g",
    "category": "Zuivel, eieren, boter",
    "price": 2.99,
    "promoPrice": null,
    "pricePerUnit": "3.99 kg",
    "image": "https://www.jumbo.com/dam-images/fit-in/360x360/Products/26082025_1756171715605_1756171716766_176408_STK_05411188121411_A1N1.png",
    "available": true,
    "promoUntil": null
  },
  {
    "id": "449118ZK",
    "title": "Jumbo Biologisch Medium Gebrande Koffiepads 36 Stuks",
    "category": "Koffie en thee",
    "price": 5.29,
    "promoPrice": null,
    "pricePerUnit": "0.15 pieces",
    "image": "https://www.jumbo.com/dam-images/fit-in/360x360/Products/25032024_1711381755307_1711381765577_8718452570447_1.png",
    "available": true,
    "promoUntil": null
  },
  {
    "id": "686316DS",
    "title": "Jumbo Hagelslag Melk Minder Suiker 200 g",
    "category": "Ontbijt, broodbeleg en bakproducten",
    "price": 2.13,
    "promoPrice": null,
    "pricePerUnit": "10.65 kg",
    "image": "https://www.jumbo.com/dam-images/fit-in/360x360/Products/10042025_1744295587525_1744295599917_8718452862153_596.png",
    "available": true,
    "promoUntil": null
  },
  {
    "id": "515088KGR",
    "title": "Jumbo Drumsticks Gekruid Kip ca. 1000 g",
    "category": "Vlees, vis en vega",
    "price": 6.19,
    "promoPrice": null,
    "pricePerUnit": "6.19 kg",
    "image": "https://www.jumbo.com/dam-images/fit-in/360x360/Products/05112024_1730820972327_1730821013982_2378613000000_1.png",
    "available": true,
    "promoUntil": null
  },
  {
    "id": "702738DS",
    "title": "Pickwick Original Earl Grey Voordeelpak 40 Stuks",
    "category": "Koffie en thee",
    "price": 2.79,
    "promoPrice": null,
    "pricePerUnit": "0.07 pieces",
    "image": "https://www.jumbo.com/dam-images/fit-in/360x360/Products/03062025_1748975589131_1748975595227_8711000585740_1.png",
    "available": true,
    "promoUntil": null
  },
  {
    "id": "195757DS",
    "title": "Jumbo Zwarte Thee Earl Grey 20 Stuks",
    "category": "Koffie en thee",
    "price": 0.45,
    "promoPrice": null,
    "pricePerUnit": "0.02 pieces",
    "image": "https://www.jumbo.com/dam-images/fit-in/360x360/Products/09082023_1691584855532_1691584863934_8718452250288_1.png",
    "available": true,
    "promoUntil": null
  },
  {
    "id": "444833POT",
    "title": "Calvé Pindakaas 100% Naturel 600 g",
    "category": "Ontbijt, broodbeleg en bakproducten",
    "price": 6.03,
    "promoPrice": null,
    "pricePerUnit": "10.05 kg",
    "image": "https://www.jumbo.com/dam-images/fit-in/360x360/Products/22082025_1755829117913_1755829149989_444833_POT_08720182162120_C1N1.png",
    "available": true,
    "promoUntil": null
  },
  {
    "id": "409648PAK",
    "title": "BiFi Mini's Multipack 10 x 10 g",
    "category": "Conserven, soepen, sauzen, oliën",
    "price": 2.96,
    "promoPrice": null,
    "pricePerUnit": "29.6 kg",
    "image": "https://www.jumbo.com/dam-images/fit-in/360x360/Products/16122023_1702694194610_1702694202980_409648_PAK_.png",
    "available": true,
    "promoUntil": null
  },
  {
    "id": "623154TRA",
    "title": "Lezziz Kipdijfilet Halal 750 g",
    "category": "Vlees, vis en vega",
    "price": 8.75,
    "promoPrice": null,
    "pricePerUnit": "11.67 kg",
    "image": "https://www.jumbo.com/dam-images/fit-in/360x360/Products/11112024_1731342777183_1731342783051_8714798300045_1.png",
    "available": true,
    "promoUntil": null
  },
  {
    "id": "684611TRA",
    "title": "Jumbo Rundersaucijs 3 Stuks",
    "category": "Vlees, vis en vega",
    "price": 5.69,
    "promoPrice": null,
    "pricePerUnit": "19.96 kg",
    "image": "https://www.jumbo.com/dam-images/fit-in/360x360/Products/05112024_1730820972437_1730820990299_8718452676910_1.png",
    "available": true,
    "promoUntil": null
  },
  {
    "id": "300832STK",
    "title": "Unox Smaakfavoriet Soep In Zak Romige Kippen 570 ml",
    "category": "Conserven, soepen, sauzen, oliën",
    "price": 4.99,
    "promoPrice": null,
    "pricePerUnit": "8.75 l",
    "image": "https://www.jumbo.com/dam-images/fit-in/360x360/Products/11012024_1704942819210_1704942845762_300832_STK_08717163889404_C1N1.png",
    "available": true,
    "promoUntil": null
  },
  {
    "id": "195780DS",
    "title": "Jumbo Rooibos Original 20 Stuks",
    "category": "Koffie en thee",
    "price": 1.09,
    "promoPrice": null,
    "pricePerUnit": "0.05 pieces",
    "image": "https://www.jumbo.com/dam-images/fit-in/360x360/Products/09082023_1691584969275_1691584990224_8718452252084_1.png",
    "available": true,
    "promoUntil": null
  },
  {
    "id": "554257BLK",
    "title": "Jumbo Kippenvlees Ragout 400 g",
    "category": "Conserven, soepen, sauzen, oliën",
    "price": 1.45,
    "promoPrice": null,
    "pricePerUnit": "3.63 kg",
    "image": "https://www.jumbo.com/dam-images/fit-in/360x360/Products/26112024_1732638819118_1732638844901_8718452842162_596.png",
    "available": true,
    "promoUntil": null
  },
  {
    "id": "134934PAK",
    "title": "Alpro Kokosnootdrink Houdbaar 1L",
    "category": "Zuivel, eieren, boter",
    "price": 3.19,
    "promoPrice": null,
    "pricePerUnit": "3.19 l",
    "image": "https://www.jumbo.com/dam-images/fit-in/360x360/Products/12122023_1702373764217_1702373771110_5411188116592_1.png",
    "available": true,
    "promoUntil": null
  },
  {
    "id": "671841CUP",
    "title": "Optimel Probiotica Yoghurt Framboos Bosbes 0% Vet 450 g",
    "category": "Zuivel, eieren, boter",
    "price": 2.49,
    "promoPrice": null,
    "pricePerUnit": "5.53 kg",
    "image": "https://www.jumbo.com/dam-images/fit-in/360x360/Products/04032025_1741091586189_1741091591708_8712800002727_1.png",
    "available": true,
    "promoUntil": null
  },
  {
    "id": "531421DS",
    "title": "Honig Maaltijdmix voor Tomaten-crèmesoep 112 g",
    "category": "Conserven, soepen, sauzen, oliën",
    "price": 1.99,
    "promoPrice": null,
    "pricePerUnit": "17.77 kg",
    "image": "https://www.jumbo.com/dam-images/fit-in/360x360/Products/18072025_1752800825274_1752800834938_531421_DS_08714700170520_H1N1.png",
    "available": true,
    "promoUntil": null
  },
  {
    "id": "549944DSL",
    "title": "Grenade Oreo 12 x 60 g",
    "category": "Ontbijt, broodbeleg en bakproducten",
    "price": 33.12,
    "promoPrice": null,
    "pricePerUnit": "46.0 kg",
    "image": "https://www.jumbo.com/dam-images/fit-in/360x360/Products/506081138324792dedc69-72ca-4ad8-bb70-895b39fd961a-1740563108938.png",
    "available": true,
    "promoUntil": null
  },
  {
    "id": "84277POT",
    "title": "Hak Worteltjes 680 g",
    "category": "Conserven, soepen, sauzen, oliën",
    "price": 2.79,
    "promoPrice": null,
    "pricePerUnit": "6.64 kg",
    "image": "https://www.jumbo.com/dam-images/fit-in/360x360/Products/09082023_1691592108969_1691592144492_8720600610011_1.png",
    "available": true,
    "promoUntil": null
  },
  {
    "id": "486313FLS",
    "title": "Jumbo Citroensap 200ML",
    "category": "Ontbijt, broodbeleg en bakproducten",
    "price": 0.65,
    "promoPrice": null,
    "pricePerUnit": "3.25 l",
    "image": "https://www.jumbo.com/dam-images/fit-in/360x360/Products/31072024_1722440174248_1722440187412_8718452794270_596.png",
    "available": true,
    "promoUntil": null
  },
  {
    "id": "213651POT",
    "title": "Jumbo Snack Augurk Zoetzuur 190 g",
    "category": "Conserven, soepen, sauzen, oliën",
    "price": 1.12,
    "promoPrice": null,
    "pricePerUnit": "5.89 kg",
    "image": "https://www.jumbo.com/dam-images/fit-in/360x360/Products/09082023_1691585024646_1691585037882_8718452335367_1.png",
    "available": true,
    "promoUntil": null
  },
  {
    "id": "624545BAK",
    "title": "Jumbo Kipgehakt 500 g",
    "category": "Vlees, vis en vega",
    "price": 5.99,
    "promoPrice": null,
    "pricePerUnit": "11.98 kg",
    "image": "https://www.jumbo.com/dam-images/fit-in/360x360/Products/05112024_1730820973073_1730820990171_8718452850457_1.png",
    "available": true,
    "promoUntil": null
  },
  {
    "id": "364698FLS",
    "title": "Müller Müllermilk Strawberry Flavour 400 g ",
    "category": "Zuivel, eieren, boter",
    "price": 1.89,
    "promoPrice": null,
    "pricePerUnit": "5.04 l",
    "image": "https://www.jumbo.com/dam-images/fit-in/360x360/Products/24062025_1750726967785_1750726982140_364698_FLS_.png",
    "available": true,
    "promoUntil": null
  },
  {
    "id": "428489FLS",
    "title": "Remia Fritessaus Zero 500 ml",
    "category": "Conserven, soepen, sauzen, oliën",
    "price": 2.19,
    "promoPrice": null,
    "pricePerUnit": "4.38 l",
    "image": "https://www.jumbo.com/dam-images/fit-in/360x360/Products/20012025_1737340846021_1737340849371_428489_FLS_08710448637004_C1N1.png",
    "available": true,
    "promoUntil": null
  },
  {
    "id": "403877FLS",
    "title": "YFood Gebalanceerde Drinkmaaltijd Cold Brew Coffee met Natuurlijke Cafeïne 500 ml",
    "category": "Zuivel, eieren, boter",
    "price": 4.39,
    "promoPrice": null,
    "pricePerUnit": "8.78 l",
    "image": "https://www.jumbo.com/dam-images/fit-in/360x360/Products/30052025_1748572238122_1748572240331_403877_FLS_04260556631752_C1N1.png",
    "available": true,
    "promoUntil": null
  },
  {
    "id": "638144ZK",
    "title": "Jumbo Biologisch Volkoren Havermout 500 g",
    "category": "Ontbijt, broodbeleg en bakproducten",
    "price": 1.08,
    "promoPrice": null,
    "pricePerUnit": "2.16 kg",
    "image": "https://www.jumbo.com/dam-images/fit-in/360x360/Products/8718452842247T1b05c82a6-5cca-4bdd-933c-2fe814af25f4-1740397979517.png",
    "available": true,
    "promoUntil": null
  },
  {
    "id": "581963KGR",
    "title": "Jumbo Dijfilet Kip ca. 600 g",
    "category": "Vlees, vis en vega",
    "price": 7.79,
    "promoPrice": null,
    "pricePerUnit": "12.99 kg",
    "image": "https://www.jumbo.com/dam-images/fit-in/360x360/Products/05112024_1730817307565_1730817314692_2348626000000_1.png",
    "available": true,
    "promoUntil": null
  },
  {
    "id": "295212PAK",
    "title": "Jumbo Glutenvrije Luchtige Crackers 130 g",
    "category": "Ontbijt, broodbeleg en bakproducten",
    "price": 1.48,
    "promoPrice": null,
    "pricePerUnit": "11.38 kg",
    "image": "https://www.jumbo.com/dam-images/fit-in/360x360/Products/14022024_1707872789000_1707872794034_8718452684076_1.png",
    "available": true,
    "promoUntil": null
  },
  {
    "id": "432180BLK",
    "title": "Bonduelle Rode kidneybonen 310g",
    "category": "Conserven, soepen, sauzen, oliën",
    "price": 1.85,
    "promoPrice": null,
    "pricePerUnit": "7.4 kg",
    "image": "https://www.jumbo.com/dam-images/fit-in/360x360/Products/31012024_1706673840595_1706673850826_432180_BLK_03083681012606_C1N1.png",
    "available": true,
    "promoUntil": null
  },
  {
    "id": "489511ZK",
    "title": "Jumbo Naturel Vermicelli 500 g",
    "category": "Conserven, soepen, sauzen, oliën",
    "price": 0.99,
    "promoPrice": null,
    "pricePerUnit": "1.98 kg",
    "image": "https://www.jumbo.com/dam-images/fit-in/360x360/Products/09092025_1757421320843_1757421326581_8718452608331_1.png",
    "available": true,
    "promoUntil": null
  },
  {
    "id": "567727CUP",
    "title": "Campina Magere Milde Kwark met 'n Vleugje Vanille Voordeelpak 1 kg",
    "category": "Zuivel, eieren, boter",
    "price": 3.69,
    "promoPrice": null,
    "pricePerUnit": "3.69 kg",
    "image": "https://www.jumbo.com/dam-images/fit-in/360x360/Products/12092024_1726137208641_1726137216266_8712800037149_1.png",
    "available": true,
    "promoUntil": null
  },
  {
    "id": "384951FLS",
    "title": "Bertolli Vloeibaar 500 ml",
    "category": "Zuivel, eieren, boter",
    "price": 3.69,
    "promoPrice": null,
    "pricePerUnit": "7.38 l",
    "image": "https://www.jumbo.com/dam-images/fit-in/360x360/Products/02042025_1743582811876_1743582814875_8719200187221_1.png",
    "available": true,
    "promoUntil": null
  },
  {
    "id": "578345BKR",
    "title": "Jumbo IJskoffie Cappuccino 250ML",
    "category": "Zuivel, eieren, boter",
    "price": 0.75,
    "promoPrice": null,
    "pricePerUnit": "3.0 l",
    "image": "https://www.jumbo.com/dam-images/fit-in/360x360/Products/15052024_1715790912900_1715790932612_8718452729500_596.png",
    "available": true,
    "promoUntil": null
  },
  {
    "id": "577184BAK",
    "title": "Ehrmann Grand Dessert Chocolate 190 g",
    "category": "Zuivel, eieren, boter",
    "price": 1.19,
    "promoPrice": null,
    "pricePerUnit": "6.26 kg",
    "image": "https://www.jumbo.com/dam-images/fit-in/360x360/Products/577184_4002971253009_1_T1_197146BAK1691150366297.png",
    "available": true,
    "promoUntil": null
  },
  {
    "id": "128202DS",
    "title": "NESCAFÉ Dolce Gusto, Koffiecapsules Lungo Intenso, 16 cups, 144 gr",
    "category": "Koffie en thee",
    "price": 5.99,
    "promoPrice": null,
    "pricePerUnit": "0.37 pieces",
    "image": "https://www.jumbo.com/dam-images/fit-in/360x360/Products/23092025_1758596320492_1758596328049_128202_DS_07613033590146_C1N1_s01.png",
    "available": true,
    "promoUntil": null
  },
  {
    "id": "582449PAK",
    "title": "Peijnenburg ontbijtkoek volkoren zonder toegevoegde suikers gesneden 12 plakjes",
    "category": "Ontbijt, broodbeleg en bakproducten",
    "price": 2.66,
    "promoPrice": null,
    "pricePerUnit": "7.71 kg",
    "image": "https://www.jumbo.com/dam-images/fit-in/360x360/Products/07012025_1736216854394_1736216856337_582449_PAK_08710397261664_C1N1.png",
    "available": true,
    "promoUntil": null
  },
  {
    "id": "79454POT",
    "title": "Hak Rabarbercompote 360 g",
    "category": "Conserven, soepen, sauzen, oliën",
    "price": 2.15,
    "promoPrice": null,
    "pricePerUnit": "5.97 kg",
    "image": "https://www.jumbo.com/dam-images/fit-in/360x360/Products/21062025_1750468918070_1750468927735_79454_POT_08720600608858_A1N1.png",
    "available": true,
    "promoUntil": null
  },
  {
    "id": "234668STK",
    "title": "Starbucks® by Nespresso ® Espresso Dark Roast 10 Koffiecups",
    "category": "Koffie en thee",
    "price": 4.69,
    "promoPrice": null,
    "pricePerUnit": "0.47 pieces",
    "image": "https://www.jumbo.com/dam-images/fit-in/360x360/Products/03092025_1756863304389_1756863345367_234668_STK_07613036961622_C1N1_s01.png",
    "available": true,
    "promoUntil": null
  },
  {
    "id": "161983TUB",
    "title": "Kühne Franse Mosterd Mild 205 g",
    "category": "Conserven, soepen, sauzen, oliën",
    "price": 1.39,
    "promoPrice": null,
    "pricePerUnit": "6.78 kg",
    "image": "https://www.jumbo.com/dam-images/fit-in/360x360/Products/09082025_1754701992793_1754701999981_161983_TUB_00000040198620_C1N1.png",
    "available": true,
    "promoUntil": null
  },
  {
    "id": "213414STK",
    "title": "Alpro Haverdrink Zonder Suikers Houdbaar 1L",
    "category": "Zuivel, eieren, boter",
    "price": 2.79,
    "promoPrice": null,
    "pricePerUnit": "2.79 l",
    "image": "https://www.jumbo.com/dam-images/fit-in/360x360/Products/18102024_1729222502440_1729222508130_213414_STK_05411188124689_H1N1.png",
    "available": true,
    "promoUntil": null
  },
  {
    "id": "79500POT",
    "title": "Hak Witte Bonen 720 g",
    "category": "Conserven, soepen, sauzen, oliën",
    "price": 3.39,
    "promoPrice": null,
    "pricePerUnit": "7.06 kg",
    "image": "https://www.jumbo.com/dam-images/fit-in/360x360/Products/09082023_1691591224903_1691591266017_8720600609992_1.png",
    "available": true,
    "promoUntil": null
  },
  {
    "id": "578577CUP",
    "title": "Almhof Chocolademousse Original 210 g",
    "category": "Zuivel, eieren, boter",
    "price": 1.85,
    "promoPrice": null,
    "pricePerUnit": "8.81 kg",
    "image": "https://www.jumbo.com/dam-images/fit-in/360x360/Products/15042025_1744727549532_1744727556911_8717982006433_1.png",
    "available": true,
    "promoUntil": null
  },
  {
    "id": "301023DS",
    "title": "Maggi Groente Bouillon Voordeelpak 122,4 g",
    "category": "Conserven, soepen, sauzen, oliën",
    "price": 1.69,
    "promoPrice": null,
    "pricePerUnit": "13.85 kg",
    "image": "https://www.jumbo.com/dam-images/fit-in/360x360/Products/18122024_1734521562159_1734521575089_8585002443557_1.png",
    "available": true,
    "promoUntil": null
  },
  {
    "id": "61994POT",
    "title": "Heinz Spagheroni Bolognese Pastasaus 520 g",
    "category": "Conserven, soepen, sauzen, oliën",
    "price": 2.76,
    "promoPrice": null,
    "pricePerUnit": "5.31 l",
    "image": "https://www.jumbo.com/dam-images/fit-in/360x360/Products/15102024_1728962822501_1728962838134_61994_POT_08715700416007_H1N1.png",
    "available": true,
    "promoUntil": null
  },
  {
    "id": "213589BAK",
    "title": "Jumbo Slagers Gehaktballen 4 Stuks",
    "category": "Vlees, vis en vega",
    "price": 5.5,
    "promoPrice": null,
    "pricePerUnit": "13.75 kg",
    "image": "https://www.jumbo.com/dam-images/fit-in/360x360/Products/03032025_1741030348783_1741030354650_8718452577248_1.png",
    "available": true,
    "promoUntil": null
  },
  {
    "id": "50791TRL",
    "title": "Campina Halfvolle Melk 6 x 500 ml Fles Multipack",
    "category": "Zuivel, eieren, boter",
    "price": 10.74,
    "promoPrice": 9.12,
    "pricePerUnit": "3.04 l",
    "image": "https://www.jumbo.com/dam-images/fit-in/360x360/Products/50791TRL1aa1bc5d9-4141-486d-a857-dd64079df414-1712231148366.png",
    "available": true,
    "promoUntil": "di 7 okt"
  },
  {
    "id": "568595BLK",
    "title": "Unox Magere Knaks 400 g",
    "category": "Conserven, soepen, sauzen, oliën",
    "price": 3.5,
    "promoPrice": null,
    "pricePerUnit": "15.91 kg",
    "image": "https://www.jumbo.com/dam-images/fit-in/360x360/Products/14052024_1715650975149_1715650991748_568595_BLK_08720182687081_C1N1.png",
    "available": true,
    "promoUntil": null
  },
  {
    "id": "515023BAK",
    "title": "Jumbo Kip Filetreepjes 350 g",
    "category": "Vlees, vis en vega",
    "price": 5.79,
    "promoPrice": null,
    "pricePerUnit": "16.54 kg",
    "image": "https://www.jumbo.com/dam-images/fit-in/360x360/Products/04072025_1751617993209_1751617997953_8718452688548_1.png",
    "available": true,
    "promoUntil": null
  },
  {
    "id": "656456PAK",
    "title": "Jumbo Houdbare Halfvolle Melk 500ML",
    "category": "Zuivel, eieren, boter",
    "price": 0.84,
    "promoPrice": null,
    "pricePerUnit": "1.68 l",
    "image": "https://www.jumbo.com/dam-images/fit-in/360x360/Products/01112024_1730471708127_1730471724324_8718452842391_596.png",
    "available": true,
    "promoUntil": null
  },
  {
    "id": "74004DSL",
    "title": "Campina Halfvolle Melk Voordeelpack 4 x 2.4 L",
    "category": "Zuivel, eieren, boter",
    "price": 11.8,
    "promoPrice": 10.03,
    "pricePerUnit": "1.04 l",
    "image": "https://www.jumbo.com/dam-images/fit-in/360x360/Products/09082023_1691584705169_1691584718949_8712800537243_1.png",
    "available": true,
    "promoUntil": "di 7 okt"
  },
  {
    "id": "430164ZK",
    "title": "Jumbo Naturel Soepbolletjes 125 g",
    "category": "Conserven, soepen, sauzen, oliën",
    "price": 0.98,
    "promoPrice": null,
    "pricePerUnit": "7.84 kg",
    "image": "https://www.jumbo.com/dam-images/fit-in/360x360/Products/08022024_1707359767775_1707359778193_8718452558599_1.png",
    "available": true,
    "promoUntil": null
  },
  {
    "id": "234663STK",
    "title": "Starbucks® by Nespresso ® Colombia Medium Roast 10 Koffiecups",
    "category": "Koffie en thee",
    "price": 4.69,
    "promoPrice": null,
    "pricePerUnit": "0.47 pieces",
    "image": "https://www.jumbo.com/dam-images/fit-in/360x360/Products/23092025_1758597073506_1758597083387_234663_STK_07613036961684_H1N1_s01.png",
    "available": true,
    "promoUntil": null
  },
  {
    "id": "578262ZK",
    "title": "Ísey Skyr Framboos - Granaatappel 140 g",
    "category": "Zuivel, eieren, boter",
    "price": 1.89,
    "promoPrice": null,
    "pricePerUnit": "13.5 kg",
    "image": "https://www.jumbo.com/dam-images/fit-in/360x360/Products/11082025_1754901215369_1754901223668_5690845002038_596.png",
    "available": true,
    "promoUntil": null
  },
  {
    "id": "386236DS",
    "title": "Jumbo Cappuccino 10 Stuks",
    "category": "Koffie en thee",
    "price": 2.49,
    "promoPrice": null,
    "pricePerUnit": "0.25 pieces",
    "image": "https://www.jumbo.com/dam-images/fit-in/360x360/Products/09082023_1691587250297_1691587267048_8718452483839_1.png",
    "available": true,
    "promoUntil": null
  },
  {
    "id": "450683PAK",
    "title": "Chocomel Lactosevrij 1 L",
    "category": "Zuivel, eieren, boter",
    "price": 2.65,
    "promoPrice": null,
    "pricePerUnit": "2.65 l",
    "image": "https://www.jumbo.com/dam-images/fit-in/360x360/Products/09042025_1744167241303_1744167245579_450683_PAK_08712800132448_H1N1.png",
    "available": true,
    "promoUntil": null
  },
  {
    "id": "517452KGR",
    "title": "Jumbo Kipdijfilet 3 Stuks",
    "category": "Vlees, vis en vega",
    "price": 4.55,
    "promoPrice": null,
    "pricePerUnit": "12.99 kg",
    "image": "https://www.jumbo.com/dam-images/fit-in/360x360/Products/04072025_1751617993600_1751617998328_2335881000000_1.png",
    "available": true,
    "promoUntil": null
  },
  {
    "id": "503968ZK",
    "title": "Jumbo Dunne Maïswafels met Zeezout 6 x 5 Stuks",
    "category": "Ontbijt, broodbeleg en bakproducten",
    "price": 1.53,
    "promoPrice": null,
    "pricePerUnit": "14.17 kg",
    "image": "https://www.jumbo.com/dam-images/fit-in/360x360/Products/09082023_1691591221272_1691591251532_8718452644339_1.png",
    "available": true,
    "promoUntil": null
  },
  {
    "id": "191668ZK",
    "title": "Jumbo Popcorn Maïs 400 g",
    "category": "Conserven, soepen, sauzen, oliën",
    "price": 1.83,
    "promoPrice": null,
    "pricePerUnit": "4.58 kg",
    "image": "https://www.jumbo.com/dam-images/fit-in/360x360/Products/09092025_1757421312034_1757421317486_8718452252534_1.png",
    "available": true,
    "promoUntil": null
  },
  {
    "id": "202621DS",
    "title": "Jumbo Groene Thee Munt 20 Stuks 30 g",
    "category": "Koffie en thee",
    "price": 1.35,
    "promoPrice": null,
    "pricePerUnit": "0.07 pieces",
    "image": "https://www.jumbo.com/dam-images/fit-in/360x360/Products/09082023_1691584970749_1691584979164_8718452250400_1.png",
    "available": true,
    "promoUntil": null
  },
  {
    "id": "515102TRA",
    "title": "Jumbo Kipfiletblokjes 200 g",
    "category": "Vlees, vis en vega",
    "price": 3.69,
    "promoPrice": null,
    "pricePerUnit": "18.45 kg",
    "image": "https://www.jumbo.com/dam-images/fit-in/360x360/Products/04072025_1751617993471_1751617997574_8718452667741_1.png",
    "available": true,
    "promoUntil": null
  },
  {
    "id": "163282ZK",
    "title": "Jack Link's Beef Jerky Original 25 g",
    "category": "Conserven, soepen, sauzen, oliën",
    "price": 2.49,
    "promoPrice": null,
    "pricePerUnit": "99.6 kg",
    "image": "https://www.jumbo.com/dam-images/fit-in/360x360/Products/29022024_1709220907383_1709220923446_4251097402888_596.png",
    "available": true,
    "promoUntil": null
  },
  {
    "id": "606352ZK",
    "title": "Holie's Granola Low Carb Granola 350g",
    "category": "Ontbijt, broodbeleg en bakproducten",
    "price": 3.75,
    "promoPrice": null,
    "pricePerUnit": "10.71 kg",
    "image": "https://www.jumbo.com/dam-images/fit-in/360x360/Products/12022025_1739328262638_1739328273896_606352_ZK_08720256082323_C1N1.png",
    "available": true,
    "promoUntil": null
  },
  {
    "id": "228834EM",
    "title": "Remia Fritessaus Classic 1000ml",
    "category": "Conserven, soepen, sauzen, oliën",
    "price": 2.99,
    "promoPrice": null,
    "pricePerUnit": "2.99 l",
    "image": "https://www.jumbo.com/dam-images/fit-in/360x360/Products/29012025_1738123754152_1738123758737_228834_EM_08710448677611_C1N1.png",
    "available": true,
    "promoUntil": null
  },
  {
    "id": "474373DS",
    "title": "Lavazza Espresso Decafe koffiecups 10 stuks",
    "category": "Koffie en thee",
    "price": 4.59,
    "promoPrice": null,
    "pricePerUnit": "0.46 pieces",
    "image": "https://www.jumbo.com/dam-images/fit-in/360x360/Products/08072025_1751940192228_1751940194984_474373_DS_08000070053502_C1N1.png",
    "available": true,
    "promoUntil": null
  },
  {
    "id": "581968KGR",
    "title": "Jumbo Kippenbouten 4 Stuks",
    "category": "Vlees, vis en vega",
    "price": 6.88,
    "promoPrice": null,
    "pricePerUnit": "5.29 kg",
    "image": "https://www.jumbo.com/dam-images/fit-in/360x360/Products/21112024_1732214221178_1732214227460_2348628000000_1.png",
    "available": true,
    "promoUntil": null
  },
  {
    "id": "293404STK",
    "title": "Campina Langlekker Karnemelk 1 L",
    "category": "Zuivel, eieren, boter",
    "price": 2.09,
    "promoPrice": null,
    "pricePerUnit": "2.09 l",
    "image": "https://www.jumbo.com/dam-images/fit-in/360x360/Products/18112024_1731940416640_1731940420248_8712800147329_1.png",
    "available": true,
    "promoUntil": null
  },
  {
    "id": "693707PAK",
    "title": "Jumbo Knäckebröd Zonnebloempit 4 x 4 Stuks",
    "category": "Ontbijt, broodbeleg en bakproducten",
    "price": 1.57,
    "promoPrice": null,
    "pricePerUnit": "5.92 kg",
    "image": "https://www.jumbo.com/dam-images/fit-in/360x360/Products/12052025_1747008016526_1747008047178_8718452924103_596.png",
    "available": true,
    "promoUntil": null
  },
  {
    "id": "699254POT",
    "title": "Lindahls Protein Kvarg Stracciatella 450 g ",
    "category": "Zuivel, eieren, boter",
    "price": 2.79,
    "promoPrice": null,
    "pricePerUnit": "6.2 kg",
    "image": "https://www.jumbo.com/dam-images/fit-in/360x360/Products/16072025_1752680048246_1752680051319_3023290094914_1.png",
    "available": true,
    "promoUntil": null
  },
  {
    "id": "498736STK",
    "title": "Jumbo Rijstwafels Pure Chocolade Coating 3 x 3 Stuks 150 g",
    "category": "Ontbijt, broodbeleg en bakproducten",
    "price": 1.69,
    "promoPrice": null,
    "pricePerUnit": "11.27 kg",
    "image": "https://www.jumbo.com/dam-images/fit-in/360x360/Products/24032025_1742830392337_1742830398288_8718452658732_1.png",
    "available": true,
    "promoUntil": null
  },
  {
    "id": "676477TAS",
    "title": "Jumbo Havermout Fijne Vlokken Volkoren Voordeelverpakking 1KG",
    "category": "Ontbijt, broodbeleg en bakproducten",
    "price": 1.45,
    "promoPrice": null,
    "pricePerUnit": "1.45 kg",
    "image": "https://www.jumbo.com/dam-images/fit-in/360x360/Products/02042025_1743604411130_1743604430070_8718452887354_596.png",
    "available": true,
    "promoUntil": null
  },
  {
    "id": "626907ZK",
    "title": "Jumbo Granola Noten 350 g",
    "category": "Ontbijt, broodbeleg en bakproducten",
    "price": 2.96,
    "promoPrice": null,
    "pricePerUnit": "8.46 kg",
    "image": "https://www.jumbo.com/dam-images/fit-in/360x360/Products/12072024_1720773317777_1720773324573_8718452810680_1.png",
    "available": true,
    "promoUntil": null
  },
  {
    "id": "578871ZK",
    "title": "Ísey Skyr Vanille 140g",
    "category": "Zuivel, eieren, boter",
    "price": 1.89,
    "promoPrice": null,
    "pricePerUnit": "13.5 kg",
    "image": "https://www.jumbo.com/dam-images/fit-in/360x360/Products/07082025_1754570035830_1754570046850_5690516997304_596.png",
    "available": true,
    "promoUntil": null
  },
  {
    "id": "94151POT",
    "title": "Hak Spruitjes 680 g",
    "category": "Conserven, soepen, sauzen, oliën",
    "price": 3.75,
    "promoPrice": null,
    "pricePerUnit": "9.26 kg",
    "image": "https://www.jumbo.com/dam-images/fit-in/360x360/Products/09082023_1691592111975_1691592143390_8720600609947_1.png",
    "available": true,
    "promoUntil": null
  },
  {
    "id": "646557POT",
    "title": "Jumbo's Framboos Fruitspread 335 g",
    "category": "Ontbijt, broodbeleg en bakproducten",
    "price": 2.69,
    "promoPrice": null,
    "pricePerUnit": "8.03 kg",
    "image": "https://www.jumbo.com/dam-images/fit-in/360x360/Products/12122024_1734003202906_1734003211242_8718452850853_1.png",
    "available": true,
    "promoUntil": null
  },
  {
    "id": "74807STK",
    "title": "Nescafé Dolce Gusto Café Au Lait capsules - 16 koffiecups",
    "category": "Koffie en thee",
    "price": 5.99,
    "promoPrice": null,
    "pricePerUnit": "0.37 pieces",
    "image": "https://www.jumbo.com/dam-images/fit-in/360x360/Products/23092025_1758598872779_1758598883193_74807_STK_07613033174704_C1N1_s01.png",
    "available": true,
    "promoUntil": null
  },
  {
    "id": "557774STK",
    "title": "Jumbo Appelmoes 4 x 100 g",
    "category": "Conserven, soepen, sauzen, oliën",
    "price": 1.29,
    "promoPrice": null,
    "pricePerUnit": "3.23 kg",
    "image": "https://www.jumbo.com/dam-images/fit-in/360x360/Products/06012025_1736181227919_1736181247260_8718452803378_596.png",
    "available": true,
    "promoUntil": null
  },
  {
    "id": "390389BLK",
    "title": "Unox Soep In Blik Originele Kippensoep 300 ml",
    "category": "Conserven, soepen, sauzen, oliën",
    "price": 1.89,
    "promoPrice": null,
    "pricePerUnit": "6.3 l",
    "image": "https://www.jumbo.com/dam-images/fit-in/360x360/Products/24092024_1727163199218_1727163207888_8710522674765_1.png",
    "available": true,
    "promoUntil": null
  },
  {
    "id": "529686DS",
    "title": "Venz Hagelslag kwinkslag 400 g",
    "category": "Ontbijt, broodbeleg en bakproducten",
    "price": 3.28,
    "promoPrice": null,
    "pricePerUnit": "8.2 kg",
    "image": "https://www.jumbo.com/dam-images/fit-in/360x360/Products/05082025_1754357409982_1754357419043_529686_DS_08710391937411_H1N1.png",
    "available": true,
    "promoUntil": null
  },
  {
    "id": "523708PAK",
    "title": "Alpro Barista Haver Houdbaar 500ml",
    "category": "Koffie en thee",
    "price": 1.95,
    "promoPrice": null,
    "pricePerUnit": "3.9 l",
    "image": "https://www.jumbo.com/dam-images/fit-in/360x360/Products/25032024_1711381812680_1711381818576_5411188134459_1.png",
    "available": true,
    "promoUntil": null
  },
  {
    "id": "681990PAK",
    "title": "Jumbo Gember Ontbijtkoek Ongesneden 465 g",
    "category": "Ontbijt, broodbeleg en bakproducten",
    "price": 2.25,
    "promoPrice": null,
    "pricePerUnit": "4.84 kg",
    "image": "https://www.jumbo.com/dam-images/fit-in/360x360/Products/07032025_1741361566385_1741361592715_8718452865178_596.png",
    "available": true,
    "promoUntil": null
  },
  {
    "id": "327758POT",
    "title": "Kühne Franse Mosterd Mild 255 g",
    "category": "Conserven, soepen, sauzen, oliën",
    "price": 1.49,
    "promoPrice": null,
    "pricePerUnit": "5.84 kg",
    "image": "https://www.jumbo.com/dam-images/fit-in/360x360/Products/19092025_1758240064223_1758240072776_40198200_1.png",
    "available": true,
    "promoUntil": null
  },
  {
    "id": "513012POT",
    "title": "Hero Fruitspread Aardbeien 350 g",
    "category": "Ontbijt, broodbeleg en bakproducten",
    "price": 3.06,
    "promoPrice": null,
    "pricePerUnit": "8.74 kg",
    "image": "https://www.jumbo.com/dam-images/fit-in/360x360/Products/16102024_1729048666055_1729048673566_513012_POT_08713500012894_C1N1.png",
    "available": true,
    "promoUntil": null
  },
  {
    "id": "514960BAK",
    "title": "Jumbo Kipdijfiletblokjes 350 g",
    "category": "Vlees, vis en vega",
    "price": 4.0,
    "promoPrice": null,
    "pricePerUnit": "11.43 kg",
    "image": "https://www.jumbo.com/dam-images/fit-in/360x360/Products/17102024_1729153985653_1729153995903_8718452688241_1.png",
    "available": true,
    "promoUntil": null
  },
  {
    "id": "158508DS",
    "title": "Bolletje Ontbijt Crackers Meerzaden 4 x 3 Stuks 270 g",
    "category": "Ontbijt, broodbeleg en bakproducten",
    "price": 2.62,
    "promoPrice": null,
    "pricePerUnit": "9.7 kg",
    "image": "https://www.jumbo.com/dam-images/fit-in/360x360/Products/30052025_1748604766360_1748604774239_8710482531702_1.png",
    "available": true,
    "promoUntil": null
  },
  {
    "id": "930881PAK",
    "title": "Yum Yum Instant Noedels Kipsmaak 60 g",
    "category": "Conserven, soepen, sauzen, oliën",
    "price": 0.65,
    "promoPrice": null,
    "pricePerUnit": "10.83 kg",
    "image": "https://www.jumbo.com/dam-images/fit-in/360x360/Products/23102024_1729675987042_1729675995713_8852018101024_1.png",
    "available": true,
    "promoUntil": null
  },
  {
    "id": "618786DS",
    "title": "Jumbo Mix voor Kruidnoten 300 g",
    "category": "Ontbijt, broodbeleg en bakproducten",
    "price": 1.79,
    "promoPrice": null,
    "pricePerUnit": "5.97 kg",
    "image": "https://www.jumbo.com/dam-images/fit-in/360x360/Products/23072024_1721738118148_1721738138729_8718452836130_596.png",
    "available": true,
    "promoUntil": null
  },
  {
    "id": "619847DS",
    "title": "Jumbo Kei Lekker met Aandacht voor Dier & Natuur S/M/L 6 Stuks 258 g",
    "category": "Zuivel, eieren, boter",
    "price": 2.59,
    "promoPrice": null,
    "pricePerUnit": "0.43 pieces",
    "image": "https://www.jumbo.com/dam-images/fit-in/360x360/Products/619847DS1870ee21e-d4c9-43c3-b371-8083017b9604-1721745490212.png",
    "available": true,
    "promoUntil": null
  },
  {
    "id": "144277PAK",
    "title": "Alpro Sojadrink Chocolade Smaak Houdbaar 1L",
    "category": "Zuivel, eieren, boter",
    "price": 2.79,
    "promoPrice": null,
    "pricePerUnit": "2.79 l",
    "image": "https://www.jumbo.com/dam-images/fit-in/360x360/Products/09102024_1728442652407_1728442656905_144277_PAK_05411188115458_H1N1.png",
    "available": true,
    "promoUntil": null
  },
  {
    "id": "373294BLK",
    "title": "Jumbo Ansjovis Filets in Olijfolie 46 g",
    "category": "Conserven, soepen, sauzen, oliën",
    "price": 1.99,
    "promoPrice": null,
    "pricePerUnit": "68.62 kg",
    "image": "https://www.jumbo.com/dam-images/fit-in/360x360/Products/29092023_1695996130136_1695996140333_8718452687374_1.png",
    "available": true,
    "promoUntil": null
  },
  {
    "id": "418599FLS",
    "title": "Jumbo Balsamico Azijn 250ML",
    "category": "Conserven, soepen, sauzen, oliën",
    "price": 2.99,
    "promoPrice": null,
    "pricePerUnit": "11.96 l",
    "image": "https://www.jumbo.com/dam-images/fit-in/360x360/Products/09082023_1691588461044_1691588506918_8718452544813_1.png",
    "available": true,
    "promoUntil": null
  },
  {
    "id": "226291STK",
    "title": "BiFi Mini 6-Pack",
    "category": "Conserven, soepen, sauzen, oliën",
    "price": 2.37,
    "promoPrice": null,
    "pricePerUnit": "39.5 kg",
    "image": "https://www.jumbo.com/dam-images/fit-in/360x360/Products/16122023_1702693663350_1702693670678_226291_STK_.png",
    "available": true,
    "promoUntil": null
  },
  {
    "id": "491128FLS",
    "title": "Go-Tan Sriracha Hot Chilli Mayo 215 ml",
    "category": "Wereldkeukens, kruiden, pasta en rijst",
    "price": 2.86,
    "promoPrice": null,
    "pricePerUnit": "13.3 l",
    "image": "https://www.jumbo.com/dam-images/fit-in/360x360/Products/18122024_1734495740020_1734495744245_491128_FLS_08710605030044_C1N1.png",
    "available": true,
    "promoUntil": null
  },
  {
    "id": "381267FLS",
    "title": "Remia Truffel Mayonaise met Zwarte Truffel 300 ml",
    "category": "Conserven, soepen, sauzen, oliën",
    "price": 3.35,
    "promoPrice": null,
    "pricePerUnit": "11.17 l",
    "image": "https://www.jumbo.com/dam-images/fit-in/360x360/Products/13062024_1718248018172_1718248021667_381267_FLS_08710448635239_C1N1.png",
    "available": true,
    "promoUntil": null
  },
  {
    "id": "198271POT",
    "title": "Calvé Mayonaise Pot Yofresh 650 ml",
    "category": "Conserven, soepen, sauzen, oliën",
    "price": 4.19,
    "promoPrice": 3.14,
    "pricePerUnit": "4.83 l",
    "image": "https://www.jumbo.com/dam-images/fit-in/360x360/Products/30072025_1753889671606_1753889676636_8714100906002_1.png",
    "available": true,
    "promoUntil": "di 30 sep"
  },
  {
    "id": "679645PAK",
    "title": "Campina Langlekker Halfvolle Melk 5 + 1L",
    "category": "Zuivel, eieren, boter",
    "price": 9.95,
    "promoPrice": null,
    "pricePerUnit": "1.66 l",
    "image": "https://www.jumbo.com/dam-images/fit-in/360x360/Products/08712800003052H1N1e83015fb-805f-4980-8706-247cd4d564f2-1744963141320.png",
    "available": true,
    "promoUntil": null
  },
  {
    "id": "155874KST",
    "title": "LiGA Haverkick Haverrepen Bosvruchten 6 Stuks 200g",
    "category": "Koek, snoep, chocolade en chips",
    "price": 2.86,
    "promoPrice": null,
    "pricePerUnit": "14.3 kg",
    "image": "https://www.jumbo.com/dam-images/fit-in/360x360/Products/05082025_1754408031158_1754408044491_7622210410870_596.png",
    "available": true,
    "promoUntil": null
  },
  {
    "id": "191662ZK",
    "title": "Jumbo Gedroogde Rode Linzen 400 g",
    "category": "Conserven, soepen, sauzen, oliën",
    "price": 1.59,
    "promoPrice": null,
    "pricePerUnit": "3.98 kg",
    "image": "https://www.jumbo.com/dam-images/fit-in/360x360/Products/07022025_1738945989819_1738946006613_8718452818631_1.png",
    "available": true,
    "promoUntil": null
  },
  {
    "id": "616276DS",
    "title": "Hero Fruitspread Mini Mix 12 x 20g",
    "category": "Ontbijt, broodbeleg en bakproducten",
    "price": 2.96,
    "promoPrice": null,
    "pricePerUnit": "12.33 kg",
    "image": "https://www.jumbo.com/dam-images/fit-in/360x360/Products/11082025_1754926453957_1754926461293_8713500080954_1.png",
    "available": true,
    "promoUntil": null
  },
  {
    "id": "152969PAK",
    "title": "Melkunie Volle Melk 1 L",
    "category": "Zuivel, eieren, boter",
    "price": 1.85,
    "promoPrice": null,
    "pricePerUnit": "1.85 l",
    "image": "https://www.jumbo.com/dam-images/fit-in/360x360/Products/25032025_1742905946083_1742905951786_8718166030275_1.png",
    "available": true,
    "promoUntil": null
  },
  {
    "id": "509115DS",
    "title": "La Place Thee Gember Citroen 15 Stuks",
    "category": "Koffie en thee",
    "price": 2.19,
    "promoPrice": null,
    "pricePerUnit": "0.15 pieces",
    "image": "https://www.jumbo.com/dam-images/fit-in/360x360/Products/509115_8718452643967_1_T1_509115DS1691136233336.png",
    "available": true,
    "promoUntil": null
  },
  {
    "id": "343760PAK",
    "title": "Alpro Amandeldrink Zonder Suikers Gekoeld 1L",
    "category": "Zuivel, eieren, boter",
    "price": 2.99,
    "promoPrice": null,
    "pricePerUnit": "2.99 l",
    "image": "https://www.jumbo.com/dam-images/fit-in/360x360/Products/26122024_1735178473790_1735178478827_343760_PAK_05411188112778_H1N1.png",
    "available": true,
    "promoUntil": null
  },
  {
    "id": "611049BLK",
    "title": "Ribeira Tonijnstukken in Olijfolie 160 g",
    "category": "Conserven, soepen, sauzen, oliën",
    "price": 1.89,
    "promoPrice": null,
    "pricePerUnit": "18.17 kg",
    "image": "https://www.jumbo.com/dam-images/fit-in/360x360/Products/02052024_1714646048616_1714646054924_8429583020182_1.png",
    "available": true,
    "promoUntil": null
  },
  {
    "id": "203679DSL",
    "title": "Jumbo Biologisch Houdbare Magere Melk 12 x 1 L",
    "category": "Zuivel, eieren, boter",
    "price": 15.48,
    "promoPrice": null,
    "pricePerUnit": "1.29 l",
    "image": "https://www.jumbo.com/dam-images/fit-in/360x360/Products/203679DSL-1692279944730.png",
    "available": true,
    "promoUntil": null
  },
  {
    "id": "351652BLK",
    "title": "Coertjens Stoofvlees 425 g",
    "category": "Conserven, soepen, sauzen, oliën",
    "price": 4.6,
    "promoPrice": null,
    "pricePerUnit": "10.82 kg",
    "image": "https://www.jumbo.com/dam-images/fit-in/360x360/Products/17082024_1723860750808_1723860763102_351652_BLK_05410371513217_C1N1.png",
    "available": true,
    "promoUntil": null
  },
  {
    "id": "79393CUP",
    "title": "Melkunie Rijstepap 474 ml",
    "category": "Zuivel, eieren, boter",
    "price": 1.49,
    "promoPrice": null,
    "pricePerUnit": "2.98 kg",
    "image": "https://www.jumbo.com/dam-images/fit-in/360x360/Products/13062025_1749825268981_1749825274670_8718166031418_1.png",
    "available": true,
    "promoUntil": null
  },
  {
    "id": "198291STK",
    "title": "Zuivelhoeve Boer'n Duo Vla® Vanille Choco 450 g",
    "category": "Zuivel, eieren, boter",
    "price": 1.99,
    "promoPrice": null,
    "pricePerUnit": "4.42 kg",
    "image": "https://www.jumbo.com/dam-images/fit-in/360x360/Products/23052024_1716432374088_1716432380578_198291_STK_08711399023137_C1N1.png",
    "available": true,
    "promoUntil": null
  },
  {
    "id": "170953DS",
    "title": "Eat Natural Super Granola Boekweit, Zaden & Honing 400 g",
    "category": "Ontbijt, broodbeleg en bakproducten",
    "price": 4.13,
    "promoPrice": null,
    "pricePerUnit": "10.33 kg",
    "image": "https://www.jumbo.com/dam-images/fit-in/360x360/Products/19122023_1703000120637_1703000124678_5013803000103_1.png",
    "available": true,
    "promoUntil": null
  },
  {
    "id": "687062DS",
    "title": "Jumbo Cornflakes 500 g",
    "category": "Ontbijt, broodbeleg en bakproducten",
    "price": 1.35,
    "promoPrice": null,
    "pricePerUnit": "2.7 kg",
    "image": "https://www.jumbo.com/dam-images/fit-in/360x360/Products/12052025_1747008015423_1747008033139_8718452913572_596.png",
    "available": true,
    "promoUntil": null
  },
  {
    "id": "84265POT",
    "title": "Hak Rode Bieten Sticks Bio 355 g",
    "category": "Conserven, soepen, sauzen, oliën",
    "price": 2.49,
    "promoPrice": null,
    "pricePerUnit": "7.01 kg",
    "image": "https://www.jumbo.com/dam-images/fit-in/360x360/Products/23032024_1711163611497_1711163621745_84265_POT_08720600608834_H1N1.png",
    "available": true,
    "promoUntil": null
  },
  {
    "id": "146037PAK",
    "title": "Duryea Bindmiddel Maizena 250 g",
    "category": "Ontbijt, broodbeleg en bakproducten",
    "price": 0.78,
    "promoPrice": null,
    "pricePerUnit": "3.12 kg",
    "image": "https://www.jumbo.com/dam-images/fit-in/360x360/Products/08112023_1699415437269_1699415459101_146037_PAK_08712100622618_C1N1.png",
    "available": true,
    "promoUntil": null
  },
  {
    "id": "134119KST",
    "title": "LiGA BelVita Meergranen Koekjes 6 x 4 Stuks 300g",
    "category": "Ontbijt, broodbeleg en bakproducten",
    "price": 3.65,
    "promoPrice": null,
    "pricePerUnit": "12.17 kg",
    "image": "https://www.jumbo.com/dam-images/fit-in/360x360/Products/05082025_1754400782754_1754400793443_7622210155771_596.png",
    "available": true,
    "promoUntil": null
  },
  {
    "id": "526950PAK",
    "title": "Campina Magere Fruitmelk Aardbei 1 L",
    "category": "Zuivel, eieren, boter",
    "price": 1.99,
    "promoPrice": null,
    "pricePerUnit": "1.99 l",
    "image": "https://www.jumbo.com/dam-images/fit-in/360x360/Products/14012025_1736822334817_1736822349984_526950_PAK_08712800006442_H1N1.png",
    "available": true,
    "promoUntil": null
  },
  {
    "id": "195281FLS",
    "title": "Gouda's Glorie Slasaus 500ml",
    "category": "Conserven, soepen, sauzen, oliën",
    "price": 1.68,
    "promoPrice": null,
    "pricePerUnit": "3.36 l",
    "image": "https://www.jumbo.com/dam-images/fit-in/360x360/Products/17092025_1758072512990_1758072517548_195281_FLS_08710448632054_C1N1.png",
    "available": true,
    "promoUntil": null
  },
  {
    "id": "443495POT",
    "title": "Kesbeke Zoet Zuur Amsterdamse Augurken 495 g",
    "category": "Conserven, soepen, sauzen, oliën",
    "price": 1.78,
    "promoPrice": null,
    "pricePerUnit": "7.42 kg",
    "image": "https://www.jumbo.com/dam-images/fit-in/360x360/Products/14022024_1707872753719_1707872762953_8711271115813_1.png",
    "available": true,
    "promoUntil": null
  },
  {
    "id": "51781PAK",
    "title": "Campina Botergoud Bakken & Braden",
    "category": "Zuivel, eieren, boter",
    "price": 3.99,
    "promoPrice": null,
    "pricePerUnit": "19.95 kg",
    "image": "https://www.jumbo.com/dam-images/fit-in/360x360/Products/03072025_1751508886476_1751508904077_51781_PAK_08715300237491_H1N1.png",
    "available": true,
    "promoUntil": null
  },
  {
    "id": "551412FLS",
    "title": "Jumbo Arachide Olie 1 L",
    "category": "Conserven, soepen, sauzen, oliën",
    "price": 5.16,
    "promoPrice": null,
    "pricePerUnit": "5.16 l",
    "image": "https://www.jumbo.com/dam-images/fit-in/360x360/Products/09082023_1691592916201_1691592922546_8718452704897_1.png",
    "available": true,
    "promoUntil": null
  },
  {
    "id": "74957POT",
    "title": "Grand'Italia Pastasaus Basilico 600 g",
    "category": "Conserven, soepen, sauzen, oliën",
    "price": 4.94,
    "promoPrice": null,
    "pricePerUnit": "8.23 kg",
    "image": "https://www.jumbo.com/dam-images/fit-in/360x360/Products/28082024_1724821616511_1724821623419_74957_POT_00000080023241_H1N1.png",
    "available": true,
    "promoUntil": null
  },
  {
    "id": "366953BLK",
    "title": "John West Tonijnstukken met Groenten in Pikante Tomatensaus 150g",
    "category": "Conserven, soepen, sauzen, oliën",
    "price": 2.25,
    "promoPrice": null,
    "pricePerUnit": "15.0 kg",
    "image": "https://www.jumbo.com/dam-images/fit-in/360x360/Products/05092023_1693885378943_1693885381252_366953_BLK_05000171059734_A1N1.png",
    "available": true,
    "promoUntil": null
  },
  {
    "id": "369633PAK",
    "title": "Dr. Oetker Paula Vla met Vanillesmaak en Choco-Vlekken 4 x 125 g",
    "category": "Zuivel, eieren, boter",
    "price": 2.89,
    "promoPrice": null,
    "pricePerUnit": "5.78 kg",
    "image": "https://www.jumbo.com/dam-images/fit-in/360x360/Products/17042025_1744856239135_1744856243196_369633_PAK_04023600203011_C1N1_s02.png",
    "available": true,
    "promoUntil": null
  },
  {
    "id": "692551PAK",
    "title": "Jumbo Biologische Kikkererwten 405 g",
    "category": "Conserven, soepen, sauzen, oliën",
    "price": 1.26,
    "promoPrice": null,
    "pricePerUnit": "5.48 kg",
    "image": "https://www.jumbo.com/dam-images/fit-in/360x360/Products/03062025_1748943149232_1748943163362_8718452877966_596.png",
    "available": true,
    "promoUntil": null
  },
  {
    "id": "419500DS",
    "title": "TastyBasics Low Carb - High Protein Granola Noten",
    "category": "Ontbijt, broodbeleg en bakproducten",
    "price": 3.63,
    "promoPrice": null,
    "pricePerUnit": "10.37 kg",
    "image": "https://www.jumbo.com/dam-images/fit-in/360x360/Products/09072025_1752064368773_1752064376372_8718868678447_1.png",
    "available": true,
    "promoUntil": null
  },
  {
    "id": "577382BKR",
    "title": "Starbucks Chilled Coffee Cappuccino ijskoffie 220ml",
    "category": "Zuivel, eieren, boter",
    "price": 1.99,
    "promoPrice": null,
    "pricePerUnit": "9.05 l",
    "image": "https://www.jumbo.com/dam-images/fit-in/360x360/Products/12122024_1734017699560_1734017708188_5711953023972_1.png",
    "available": true,
    "promoUntil": null
  },
  {
    "id": "554057POT",
    "title": "Hellmann's Mayonaise Real 650 ml",
    "category": "Conserven, soepen, sauzen, oliën",
    "price": 5.51,
    "promoPrice": 4.13,
    "pricePerUnit": "6.35 l",
    "image": "https://www.jumbo.com/dam-images/fit-in/360x360/Products/21082025_1755768841359_1755768844858_8720182323835_1.png",
    "available": true,
    "promoUntil": "di 30 sep"
  },
  {
    "id": "441269PAK",
    "title": "Koopmans Broodmix Wit Brood 450 g",
    "category": "Ontbijt, broodbeleg en bakproducten",
    "price": 1.73,
    "promoPrice": null,
    "pricePerUnit": "3.84 kg",
    "image": "https://www.jumbo.com/dam-images/fit-in/360x360/Products/17042025_1744854175074_1744854183197_441269_PAK_08710466311627_C1N1_s03.png",
    "available": true,
    "promoUntil": null
  },
  {
    "id": "600141PAK",
    "title": "Boon Cannellini Boon 380 g",
    "category": "Conserven, soepen, sauzen, oliën",
    "price": 1.29,
    "promoPrice": null,
    "pricePerUnit": "3.39 kg",
    "image": "https://www.jumbo.com/dam-images/fit-in/360x360/Products/23092025_1758641767430_1758641771425_8710646700074_1.png",
    "available": true,
    "promoUntil": null
  },
  {
    "id": "678561CUP",
    "title": "Campina Magere Milde Kwark 'n met Vleugje Aardbei & Granola 225 g",
    "category": "Zuivel, eieren, boter",
    "price": 1.69,
    "promoPrice": null,
    "pricePerUnit": "7.51 kg",
    "image": "https://www.jumbo.com/dam-images/fit-in/360x360/Products/21032025_1742535413011_1742535437904_678561_CUP_08712800037422_H1N1.png",
    "available": true,
    "promoUntil": null
  },
  {
    "id": "203569DSL",
    "title": "Alpro Barista Soja Houdbaar 4 x 1L",
    "category": "Koffie en thee",
    "price": 10.76,
    "promoPrice": null,
    "pricePerUnit": "2.69 l",
    "image": "https://www.jumbo.com/dam-images/fit-in/360x360/Products/203569DSL4packAlproBaristaSoja10833173-8a97-4c4f-b0e0-fdd9bf3225c8-1696261198375.png",
    "available": true,
    "promoUntil": null
  },
  {
    "id": "546344PAK",
    "title": "Oatly! The Original Vol Haver 1 L",
    "category": "Zuivel, eieren, boter",
    "price": 2.69,
    "promoPrice": null,
    "pricePerUnit": "2.69 l",
    "image": "https://www.jumbo.com/dam-images/fit-in/360x360/Products/03032025_1741015965295_1741015970705_7394376620768_1.png",
    "available": true,
    "promoUntil": null
  },
  {
    "id": "185934POT",
    "title": "Chivers Lemon Curd 320 g",
    "category": "Ontbijt, broodbeleg en bakproducten",
    "price": 2.72,
    "promoPrice": null,
    "pricePerUnit": "8.5 kg",
    "image": "https://www.jumbo.com/dam-images/fit-in/360x360/Products/23072025_1753281215640_1753281220543_5098732004842_1.png",
    "available": true,
    "promoUntil": null
  },
  {
    "id": "504725BLK",
    "title": "Knorr Smaakverfijner Aromat 88 g",
    "category": "Conserven, soepen, sauzen, oliën",
    "price": 1.55,
    "promoPrice": null,
    "pricePerUnit": "17.61 kg",
    "image": "https://www.jumbo.com/dam-images/fit-in/360x360/Products/14072025_1752500005026_1752500010077_8712100382086_1.png",
    "available": true,
    "promoUntil": null
  },
  {
    "id": "234668DSL",
    "title": "Starbucks® by Nespresso ® Espresso Dark Roast 12 x 10 Koffiecups",
    "category": "Koffie en thee",
    "price": 56.28,
    "promoPrice": null,
    "pricePerUnit": "0.47 pieces",
    "image": "https://www.jumbo.com/dam-images/fit-in/360x360/Products/76130370480493a302b65-214f-402d-bb65-175429d4e680-1751543483597.png",
    "available": true,
    "promoUntil": null
  },
  {
    "id": "207290STK",
    "title": "Nescafé Espresso 100 g",
    "category": "Koffie en thee",
    "price": 6.49,
    "promoPrice": null,
    "pricePerUnit": "64.9 kg",
    "image": "https://www.jumbo.com/dam-images/fit-in/360x360/Products/23092025_1758596303678_1758596318699_207290_STK_07613036600996_H1N1_s01.png",
    "available": true,
    "promoUntil": null
  },
  {
    "id": "456491CUP",
    "title": "Ísey Skyr Lactose Free Aardbei-Witte Chocolade 400 g",
    "category": "Zuivel, eieren, boter",
    "price": 2.99,
    "promoPrice": null,
    "pricePerUnit": "7.48 kg",
    "image": "https://www.jumbo.com/dam-images/fit-in/360x360/Products/05072025_1751686585645_1751686587974_456491_CUP_05690845000973_A1N1.png",
    "available": true,
    "promoUntil": null
  },
  {
    "id": "617857DS",
    "title": "Jumbo Quiche & Taartdeeg Rond met Bakpapier 230 g",
    "category": "Brood en gebak",
    "price": 1.61,
    "promoPrice": null,
    "pricePerUnit": "7.0 kg",
    "image": "https://www.jumbo.com/dam-images/fit-in/360x360/Products/19082024_1724074523820_1724074536352_8718452837090_596.png",
    "available": true,
    "promoUntil": null
  },
  {
    "id": "144158BLK",
    "title": "Coertjens Gehaktballen in Tomatensaus 425 g",
    "category": "Conserven, soepen, sauzen, oliën",
    "price": 3.46,
    "promoPrice": null,
    "pricePerUnit": "8.14 kg",
    "image": "https://www.jumbo.com/dam-images/fit-in/360x360/Products/18102024_1729214156349_1729214167827_144158_BLK_05410371573211_C1N1.png",
    "available": true,
    "promoUntil": null
  },
  {
    "id": "236879PAK",
    "title": "Jumbo Romige Vla Vanillesmaak 500ML",
    "category": "Zuivel, eieren, boter",
    "price": 0.99,
    "promoPrice": null,
    "pricePerUnit": "1.98 l",
    "image": "https://www.jumbo.com/dam-images/fit-in/360x360/Products/16052024_1715866521693_1715866533573_8718452694150_596.png",
    "available": true,
    "promoUntil": null
  },
  {
    "id": "412063TRA",
    "title": "Jumbo Varken Saucijs 5 Stuks",
    "category": "Vlees, vis en vega",
    "price": 3.69,
    "promoPrice": null,
    "pricePerUnit": "9.23 kg",
    "image": "https://www.jumbo.com/dam-images/fit-in/360x360/Products/05112024_1730820971981_1730820987369_8718452396993_1.png",
    "available": true,
    "promoUntil": null
  },
  {
    "id": "180588DS",
    "title": "Dr. Oetker Kloppudding Vanille 74 g",
    "category": "Ontbijt, broodbeleg en bakproducten",
    "price": 1.08,
    "promoPrice": null,
    "pricePerUnit": "14.59 kg",
    "image": "https://www.jumbo.com/dam-images/fit-in/360x360/Products/17042025_1744854548350_1744854554178_180588_DS_08710466277329_C1N1_s01.png",
    "available": true,
    "promoUntil": null
  },
  {
    "id": "576721ZK",
    "title": "Unox Rookworst Gelderse XXL 375 g",
    "category": "Conserven, soepen, sauzen, oliën",
    "price": 4.59,
    "promoPrice": null,
    "pricePerUnit": "12.24 kg",
    "image": "https://www.jumbo.com/dam-images/fit-in/360x360/Products/16072025_1752634556692_1752634586721_576721_ZK_08720182721457_C1N1.png",
    "available": true,
    "promoUntil": null
  },
  {
    "id": "547073FLS",
    "title": "Van Wijngaarden's Zaanse Mayonaise 325ml",
    "category": "Conserven, soepen, sauzen, oliën",
    "price": 2.49,
    "promoPrice": null,
    "pricePerUnit": "7.66 l",
    "image": "https://www.jumbo.com/dam-images/fit-in/360x360/Products/26102024_1729912460547_1729912465462_547073_FLS_08710716030100_C1N0.png",
    "available": true,
    "promoUntil": null
  },
  {
    "id": "624544BAK",
    "title": "Jumbo Kip Shoarma Dijfilet 500g",
    "category": "Vlees, vis en vega",
    "price": 7.19,
    "promoPrice": null,
    "pricePerUnit": "14.38 kg",
    "image": "https://www.jumbo.com/dam-images/fit-in/360x360/Products/05112024_1730820973386_1730821013790_8718452850464_1.png",
    "available": true,
    "promoUntil": null
  },
  {
    "id": "389431BLK",
    "title": "Unox Soep In Blik Stevige Tomatensoep 300 ml",
    "category": "Conserven, soepen, sauzen, oliën",
    "price": 1.99,
    "promoPrice": null,
    "pricePerUnit": "6.63 l",
    "image": "https://www.jumbo.com/dam-images/fit-in/360x360/Products/30092024_1727681623023_1727681633684_8710522675175_1.png",
    "available": true,
    "promoUntil": null
  },
  {
    "id": "625959KGR",
    "title": "Jumbo Varkenshaas Culinair 1 Stuk ca. 375 g",
    "category": "Vlees, vis en vega",
    "price": 4.84,
    "promoPrice": null,
    "pricePerUnit": "12.9 kg",
    "image": "https://www.jumbo.com/dam-images/fit-in/360x360/Products/17012025_1737117206995_1737117211559_2348990000000_1.png",
    "available": true,
    "promoUntil": null
  },
  {
    "id": "215310FLS",
    "title": "La Place Ahornsiroop 189 ml",
    "category": "Ontbijt, broodbeleg en bakproducten",
    "price": 4.99,
    "promoPrice": null,
    "pricePerUnit": "26.4 l",
    "image": "https://www.jumbo.com/dam-images/fit-in/360x360/Products/09082023_1691587684437_1691587700470_8718452346080_1.png",
    "available": true,
    "promoUntil": null
  },
  {
    "id": "358684ZK",
    "title": "Unox Smaakfavoriet Soep In Zak Tomaat Groente 570 ml",
    "category": "Conserven, soepen, sauzen, oliën",
    "price": 4.19,
    "promoPrice": null,
    "pricePerUnit": "7.35 l",
    "image": "https://www.jumbo.com/dam-images/fit-in/360x360/Products/10012024_1704853775729_1704853794116_358684_ZK_08710604786034_C1N1.png",
    "available": true,
    "promoUntil": null
  },
  {
    "id": "146769PAK",
    "title": "Hollandia Matze Crackers Naturel 16 Stuks",
    "category": "Ontbijt, broodbeleg en bakproducten",
    "price": 1.65,
    "promoPrice": null,
    "pricePerUnit": "16.5 kg",
    "image": "https://www.jumbo.com/dam-images/fit-in/360x360/Products/26062025_1750904820450_1750904833512_146769_PAK_08710536100014_C1N1.png",
    "available": true,
    "promoUntil": null
  },
  {
    "id": "443497POT",
    "title": "Kesbeke Amsterdamse Augurken Plakjes 495 g",
    "category": "Conserven, soepen, sauzen, oliën",
    "price": 2.59,
    "promoPrice": null,
    "pricePerUnit": "10.79 kg",
    "image": "https://www.jumbo.com/dam-images/fit-in/360x360/Products/14022024_1707872753826_1707872763590_8711271115837_1.png",
    "available": true,
    "promoUntil": null
  },
  {
    "id": "247826STK",
    "title": "Becel voor in de Koffie Romig Voordeelfles 486 ml",
    "category": "Zuivel, eieren, boter",
    "price": 2.53,
    "promoPrice": null,
    "pricePerUnit": "5.21 l",
    "image": "https://www.jumbo.com/dam-images/fit-in/360x360/Products/21022025_1740137586368_1740137590224_8719200018938_1.png",
    "available": true,
    "promoUntil": null
  },
  {
    "id": "480467BLK",
    "title": "Unox Worst Bockworsten 550 g",
    "category": "Conserven, soepen, sauzen, oliën",
    "price": 5.93,
    "promoPrice": null,
    "pricePerUnit": "19.77 kg",
    "image": "https://www.jumbo.com/dam-images/fit-in/360x360/Products/04042025_1743737312891_1743737330742_480467_BLK_08720182223135_C1N1.png",
    "available": true,
    "promoUntil": null
  },
  {
    "id": "448031POT",
    "title": "Knorr Strooibouillon Tuinkruiden 120 g",
    "category": "Conserven, soepen, sauzen, oliën",
    "price": 1.95,
    "promoPrice": null,
    "pricePerUnit": "16.25 kg",
    "image": "https://www.jumbo.com/dam-images/fit-in/360x360/Products/17042025_1744859508049_1744859535273_448031_POT_08720182086082_H1N1.png",
    "available": true,
    "promoUntil": null
  },
  {
    "id": "261830DS",
    "title": "B'tween Mueslireep Pindakaas 6x25g",
    "category": "Koek, snoep, chocolade en chips",
    "price": 2.15,
    "promoPrice": null,
    "pricePerUnit": "14.33 kg",
    "image": "https://www.jumbo.com/dam-images/fit-in/360x360/Products/27022025_1740631547765_1740631560559_261830_DS_08713500080466_H1N1.png",
    "available": true,
    "promoUntil": null
  },
  {
    "id": "73298FLS",
    "title": "Calvé Saus Whisky Cocktail 320 ml",
    "category": "Conserven, soepen, sauzen, oliën",
    "price": 2.29,
    "promoPrice": null,
    "pricePerUnit": "7.16 l",
    "image": "https://www.jumbo.com/dam-images/fit-in/360x360/Products/23092025_1758593337690_1758593366338_73298_FLS_08720182743824_H1N1.png",
    "available": true,
    "promoUntil": null
  },
  {
    "id": "678563CUP",
    "title": "Campina Griekse Powerbowl Rood Fruit 2x175g",
    "category": "Zuivel, eieren, boter",
    "price": 2.49,
    "promoPrice": null,
    "pricePerUnit": "7.11 kg",
    "image": "https://www.jumbo.com/dam-images/fit-in/360x360/Products/17042025_1744875186400_1744875189507_8712800002840_1.png",
    "available": true,
    "promoUntil": null
  },
  {
    "id": "547423FLS",
    "title": "HiPRO Protein Drink Perzik Passievrucht 300 ml",
    "category": "Zuivel, eieren, boter",
    "price": 2.39,
    "promoPrice": 1.79,
    "pricePerUnit": "5.97 l",
    "image": "https://www.jumbo.com/dam-images/fit-in/360x360/Products/07022025_1738898837929_1738898843484_547423_FLS_08713788123848_H1N1.png",
    "available": true,
    "promoUntil": "di 7 okt"
  },
  {
    "id": "178334STK",
    "title": "Danone Af en Toetje Yoghurt Sprinklins 220 g",
    "category": "Zuivel, eieren, boter",
    "price": 1.99,
    "promoPrice": null,
    "pricePerUnit": "9.05 kg",
    "image": "https://www.jumbo.com/dam-images/fit-in/360x360/Products/31072024_1722433096121_1722433101252_8713788121936_1.png",
    "available": true,
    "promoUntil": null
  },
  {
    "id": "418281FLS",
    "title": "Jumbo Olijfolie Classico Original 250 ml",
    "category": "Conserven, soepen, sauzen, oliën",
    "price": 3.18,
    "promoPrice": null,
    "pricePerUnit": "12.72 l",
    "image": "https://www.jumbo.com/dam-images/fit-in/360x360/Products/28092023_1695921059478_1695921063799_8718452541195_1.png",
    "available": true,
    "promoUntil": null
  },
  {
    "id": "678564CUP",
    "title": "Campina Griekse Powerbowl Perzik 2x175g",
    "category": "Zuivel, eieren, boter",
    "price": 2.49,
    "promoPrice": null,
    "pricePerUnit": "7.11 kg",
    "image": "https://www.jumbo.com/dam-images/fit-in/360x360/Products/17042025_1744878791325_1744878794885_8712800002833_1.png",
    "available": true,
    "promoUntil": null
  },
  {
    "id": "70307PAK",
    "title": "Café Intención Aromatico 250 g filterkoffie",
    "category": "Koffie en thee",
    "price": 6.49,
    "promoPrice": null,
    "pricePerUnit": "25.96 kg",
    "image": "https://www.jumbo.com/dam-images/fit-in/360x360/Products/09082023_1691590384095_1691590429749_4006581020655_1.png",
    "available": true,
    "promoUntil": null
  },
  {
    "id": "67193PAK",
    "title": "NESCAFÉ Dolce Gusto, Nesquik, 16 capsules, 256 gr",
    "category": "Koffie en thee",
    "price": 5.99,
    "promoPrice": null,
    "pricePerUnit": "0.37 pieces",
    "image": "https://www.jumbo.com/dam-images/fit-in/360x360/Products/23092025_1758600025969_1758600038419_67193_PAK_07613033162183_H1N1_s01.png",
    "available": true,
    "promoUntil": null
  },
  {
    "id": "86973POT",
    "title": "Hak Gesneden Bonen met Witte Bonen 685 g",
    "category": "Conserven, soepen, sauzen, oliën",
    "price": 3.59,
    "promoPrice": null,
    "pricePerUnit": "7.8 kg",
    "image": "https://www.jumbo.com/dam-images/fit-in/360x360/Products/09082023_1691591932615_1691591940618_8720600609862_1.png",
    "available": true,
    "promoUntil": null
  },
  {
    "id": "686249DS",
    "title": "Jumbo Chocolade Hagelslag Puur 200 g",
    "category": "Ontbijt, broodbeleg en bakproducten",
    "price": 2.13,
    "promoPrice": null,
    "pricePerUnit": "10.65 kg",
    "image": "https://www.jumbo.com/dam-images/fit-in/360x360/Products/27052025_1748360091222_1748360106599_8718452862160_596.png",
    "available": true,
    "promoUntil": null
  },
  {
    "id": "408145PAK",
    "title": "Arla Biologisch Vanille Yoghurt Halfvol 1 L",
    "category": "Zuivel, eieren, boter",
    "price": 2.39,
    "promoPrice": null,
    "pricePerUnit": "2.39 l",
    "image": "https://www.jumbo.com/dam-images/fit-in/360x360/Products/01052025_1746124371323_1746124375141_8718166004733_1.png",
    "available": true,
    "promoUntil": null
  },
  {
    "id": "603211ZK",
    "title": "Ísey Skyr Perzik 140 g",
    "category": "Zuivel, eieren, boter",
    "price": 1.89,
    "promoPrice": null,
    "pricePerUnit": "13.5 kg",
    "image": "https://www.jumbo.com/dam-images/fit-in/360x360/Products/11082025_1754897638229_1754897646095_5690845002328_596.png",
    "available": true,
    "promoUntil": null
  },
  {
    "id": "628643DS",
    "title": "Fairtrade Original Chocolade Hagelslag Puur 380g",
    "category": "Ontbijt, broodbeleg en bakproducten",
    "price": 4.35,
    "promoPrice": null,
    "pricePerUnit": "11.45 kg",
    "image": "https://www.jumbo.com/dam-images/fit-in/360x360/Products/26042025_1745633574318_1745633578072_628643_DS_08711741356517_C1N1.png",
    "available": true,
    "promoUntil": null
  },
  {
    "id": "73299FLS",
    "title": "Calvé Saus Knoflook 320 ml",
    "category": "Conserven, soepen, sauzen, oliën",
    "price": 2.39,
    "promoPrice": null,
    "pricePerUnit": "7.47 l",
    "image": "https://www.jumbo.com/dam-images/fit-in/360x360/Products/07082025_1754531868363_1754531896244_73299_FLS_08720182743558_H1N1.png",
    "available": true,
    "promoUntil": null
  },
  {
    "id": "643827BUS",
    "title": "TooTea Aardbei & Framboos Bio Vanaf 6 Maanden 100 g",
    "category": "Koffie en thee",
    "price": 9.95,
    "promoPrice": null,
    "pricePerUnit": "99.5 kg",
    "image": "https://www.jumbo.com/dam-images/fit-in/360x360/Products/31102024_1730388786505_1730388795535_8721225490002_1.png",
    "available": true,
    "promoUntil": null
  },
  {
    "id": "636716TRA",
    "title": "Jumbo Schnitzel Gepaneerd Varkensvlees 5 Stuks",
    "category": "Vlees, vis en vega",
    "price": 6.0,
    "promoPrice": null,
    "pricePerUnit": "12.0 kg",
    "image": "https://www.jumbo.com/dam-images/fit-in/360x360/Products/11112024_1731342777785_1731342784090_8718452858187_1.png",
    "available": true,
    "promoUntil": null
  },
  {
    "id": "489713PAK",
    "title": "Arla Lacto Free Volle Yoghurt 1 L",
    "category": "Zuivel, eieren, boter",
    "price": 2.39,
    "promoPrice": null,
    "pricePerUnit": "2.39 l",
    "image": "https://www.jumbo.com/dam-images/fit-in/360x360/Products/16072025_1752631131233_1752631132170_489713_PAK_07311870012349_C1N1.png",
    "available": true,
    "promoUntil": null
  },
  {
    "id": "301021DS",
    "title": "Maggi Kippen Bouillon Voordeelpak 123 g",
    "category": "Conserven, soepen, sauzen, oliën",
    "price": 1.69,
    "promoPrice": null,
    "pricePerUnit": "13.74 kg",
    "image": "https://www.jumbo.com/dam-images/fit-in/360x360/Products/18122024_1734521561950_1734521572009_8585002443830_1.png",
    "available": true,
    "promoUntil": null
  },
  {
    "id": "476941FLS",
    "title": "Oliehoorn Brander Mayonaise met Mosterd en Peper 465 ml",
    "category": "Conserven, soepen, sauzen, oliën",
    "price": 3.39,
    "promoPrice": null,
    "pricePerUnit": "7.29 l",
    "image": "https://www.jumbo.com/dam-images/fit-in/360x360/Products/10082023_1691677979799_1691677987234_8713277001763_1.png",
    "available": true,
    "promoUntil": null
  },
  {
    "id": "683035ZK",
    "title": "Wasa Delicate Crackers Sea Salt 180g",
    "category": "Ontbijt, broodbeleg en bakproducten",
    "price": 2.81,
    "promoPrice": null,
    "pricePerUnit": "15.61 kg",
    "image": "https://www.jumbo.com/dam-images/fit-in/360x360/Products/27022025_1740654329124_1740654333201_683035_ZK_07300400129206_C1N1.png",
    "available": true,
    "promoUntil": null
  },
  {
    "id": "463082PAK",
    "title": "Jumbo Soya Chocodrink 1 L",
    "category": "Zuivel, eieren, boter",
    "price": 1.65,
    "promoPrice": null,
    "pricePerUnit": "1.65 l",
    "image": "https://www.jumbo.com/dam-images/fit-in/360x360/Products/02062025_1748863986903_1748863990277_8718452602209_1.png",
    "available": true,
    "promoUntil": null
  },
  {
    "id": "144279DSL",
    "title": "Alpro Sojadrink Macchiato Houdbaar 4 x 1 L",
    "category": "Zuivel, eieren, boter",
    "price": 11.16,
    "promoPrice": null,
    "pricePerUnit": "2.79 l",
    "image": "https://www.jumbo.com/dam-images/fit-in/360x360/Products/144279DSL4packAlproSojadrinkMacchiatoca0a87d5-373e-487c-af19-4682f0befc51-1703666062195.png",
    "available": true,
    "promoUntil": null
  },
  {
    "id": "672061DS",
    "title": "Jumbo Granenbiscuits Naturel 9 x 2 Stuks",
    "category": "Koek, snoep, chocolade en chips",
    "price": 1.35,
    "promoPrice": null,
    "pricePerUnit": "5.27 kg",
    "image": "https://www.jumbo.com/dam-images/fit-in/360x360/Products/14022025_1739539160243_1739539170056_8718452879748_596.png",
    "available": true,
    "promoUntil": null
  },
  {
    "id": "507014ZK",
    "title": "Jumbo Mini Rijst & Maïswafels 30 g",
    "category": "Ontbijt, broodbeleg en bakproducten",
    "price": 0.89,
    "promoPrice": null,
    "pricePerUnit": "29.67 kg",
    "image": "https://www.jumbo.com/dam-images/fit-in/360x360/Products/17072024_1721205199573_1721205218857_8718452648542_596.png",
    "available": true,
    "promoUntil": null
  },
  {
    "id": "234665STK",
    "title": "Starbucks® by Nespresso® Blonde Espresso Roast 10 Koffiecups",
    "category": "Koffie en thee",
    "price": 4.69,
    "promoPrice": null,
    "pricePerUnit": "0.47 pieces",
    "image": "https://www.jumbo.com/dam-images/fit-in/360x360/Products/23092025_1758597132088_1758597136193_234665_STK_07613036961561_H1N1_s01.png",
    "available": true,
    "promoUntil": null
  },
  {
    "id": "278437STK",
    "title": "Starbucks® by Nespresso ® Espresso Dark Roast Decafe 10 Koffiecups",
    "category": "Koffie en thee",
    "price": 4.69,
    "promoPrice": null,
    "pricePerUnit": "0.47 pieces",
    "image": "https://www.jumbo.com/dam-images/fit-in/360x360/Products/23092025_1758596136130_1758596139647_278437_STK_07613036961820_C1N1_s01.png",
    "available": true,
    "promoUntil": null
  },
  {
    "id": "577800TUB",
    "title": "Melkunie Breaker Originals Peach Yoghurt with Sunflower Seeds 200 g",
    "category": "Zuivel, eieren, boter",
    "price": 1.59,
    "promoPrice": null,
    "pricePerUnit": "7.95 kg",
    "image": "https://www.jumbo.com/dam-images/fit-in/360x360/Products/12122024_1733995954977_1733995964776_8718166030879_1.png",
    "available": true,
    "promoUntil": null
  },
  {
    "id": "385942KGR",
    "title": "Jumbo Schouderkarbonade 5 Stuks",
    "category": "Vlees, vis en vega",
    "price": 7.44,
    "promoPrice": null,
    "pricePerUnit": "8.5 kg",
    "image": "https://www.jumbo.com/dam-images/fit-in/360x360/Products/11112024_1731342776858_1731342783855_2349038000000_1.png",
    "available": true,
    "promoUntil": null
  },
  {
    "id": "649004FLS",
    "title": "Jumbo Olie Raapzaad & Olijf Blend 1 L",
    "category": "Conserven, soepen, sauzen, oliën",
    "price": 4.99,
    "promoPrice": null,
    "pricePerUnit": "4.99 l",
    "image": "https://www.jumbo.com/dam-images/fit-in/360x360/Products/17122024_1734438838816_1734438842362_8718452830985_1.png",
    "available": true,
    "promoUntil": null
  },
  {
    "id": "554256BLK",
    "title": "Jumbo Rundvlees Ragout 400 g",
    "category": "Conserven, soepen, sauzen, oliën",
    "price": 1.48,
    "promoPrice": null,
    "pricePerUnit": "3.7 kg",
    "image": "https://www.jumbo.com/dam-images/fit-in/360x360/Products/26112024_1732638819149_1732638845096_8718452811656_596.png",
    "available": true,
    "promoUntil": null
  },
  {
    "id": "709300TRA",
    "title": "Jumbo Nederlands Rund Tartaar 4 Stuks",
    "category": "Vlees, vis en vega",
    "price": 7.0,
    "promoPrice": null,
    "pricePerUnit": "17.5 kg",
    "image": "https://www.jumbo.com/dam-images/fit-in/360x360/Products/24092025_1758720818455_1758720822952_8718452849635_1.png",
    "available": true,
    "promoUntil": null
  },
  {
    "id": "153648DS",
    "title": "Clipper Raspberry & Mint Organic Green Tea 20 Zakjes 35 g",
    "category": "Koffie en thee",
    "price": 3.69,
    "promoPrice": null,
    "pricePerUnit": "0.18 pieces",
    "image": "https://www.jumbo.com/dam-images/fit-in/360x360/Products/19092025_1758292428934_1758292445031_5021991939730_596.png",
    "available": true,
    "promoUntil": null
  },
  {
    "id": "578371CUP",
    "title": "Neuburger Coupe Danube Vanillesmaak 200 g",
    "category": "Zuivel, eieren, boter",
    "price": 0.34,
    "promoPrice": null,
    "pricePerUnit": "1.7 kg",
    "image": "https://www.jumbo.com/dam-images/fit-in/360x360/Products/18042025_1744942023664_1744942033109_578371_CUP_00000040365749_C1N1.png",
    "available": true,
    "promoUntil": null
  },
  {
    "id": "578249ZK",
    "title": "Ísey Skyr Toffee 140g",
    "category": "Zuivel, eieren, boter",
    "price": 1.89,
    "promoPrice": null,
    "pricePerUnit": "13.5 kg",
    "image": "https://www.jumbo.com/dam-images/fit-in/360x360/Products/24092025_1758678425962_1758678429628_578249_ZK_05690845001147_C1N1.png",
    "available": true,
    "promoUntil": null
  },
  {
    "id": "623887POT",
    "title": "BioToday Veggie Spread Tomaat-Basilicum 235 g",
    "category": "Ontbijt, broodbeleg en bakproducten",
    "price": 2.99,
    "promoPrice": null,
    "pricePerUnit": "12.72 kg",
    "image": "https://www.jumbo.com/dam-images/fit-in/360x360/Products/08092025_1757334779353_1757334786861_8719153046378_1.png",
    "available": true,
    "promoUntil": null
  },
  {
    "id": "530853DS",
    "title": "Honig Maaltijdmix voor Tomaten-Groentesoep 79 g",
    "category": "Conserven, soepen, sauzen, oliën",
    "price": 1.99,
    "promoPrice": null,
    "pricePerUnit": "25.19 kg",
    "image": "https://www.jumbo.com/dam-images/fit-in/360x360/Products/25072025_1753413283717_1753413296229_530853_DS_08714700170544_H1N1.png",
    "available": true,
    "promoUntil": null
  },
  {
    "id": "195609DS",
    "title": "Venz Rimboe Beer Hagelslag Melk & Vanillesmaak 380 g",
    "category": "Ontbijt, broodbeleg en bakproducten",
    "price": 3.09,
    "promoPrice": null,
    "pricePerUnit": "8.13 kg",
    "image": "https://www.jumbo.com/dam-images/fit-in/360x360/Products/20062025_1750382054586_1750382064510_195609_DS_08710391937329_H1N1.png",
    "available": true,
    "promoUntil": null
  },
  {
    "id": "308312PAK",
    "title": "Arla Lacto Free Halfvolle Melk Drank 1 L",
    "category": "Zuivel, eieren, boter",
    "price": 1.99,
    "promoPrice": null,
    "pricePerUnit": "1.99 l",
    "image": "https://www.jumbo.com/dam-images/fit-in/360x360/Products/13062025_1749803565326_1749803568851_8718166012158_1.png",
    "available": true,
    "promoUntil": null
  },
  {
    "id": "683888DS",
    "title": "Starbucks Caramel Latte oploskoffie",
    "category": "Koffie en thee",
    "price": 3.49,
    "promoPrice": null,
    "pricePerUnit": "0.7 pieces",
    "image": "https://www.jumbo.com/dam-images/fit-in/360x360/Products/23092025_1758597037354_1758597049663_683888_DS_08445290041364_C1N1_s01.png",
    "available": true,
    "promoUntil": null
  },
  {
    "id": "24725POT",
    "title": "KleinsteSoepFabriek Kippenbouillon Biologisch 400 ml",
    "category": "Conserven, soepen, sauzen, oliën",
    "price": 4.99,
    "promoPrice": null,
    "pricePerUnit": "12.48 l",
    "image": "https://www.jumbo.com/dam-images/fit-in/360x360/Products/09082023_1691587624823_1691587632642_8718226971104_1.png",
    "available": true,
    "promoUntil": null
  },
  {
    "id": "67638ZK",
    "title": "Van Gilse Lichte Basterdsuiker 600 g",
    "category": "Ontbijt, broodbeleg en bakproducten",
    "price": 1.31,
    "promoPrice": null,
    "pricePerUnit": "2.18 kg",
    "image": "https://www.jumbo.com/dam-images/fit-in/360x360/Products/09082023_1691585784538_1691585790322_8710437003216_1.png",
    "available": true,
    "promoUntil": null
  },
  {
    "id": "134117KST",
    "title": "Liga BelVita Koekjes Melk & Granen 6 x 4 Stuks 300g",
    "category": "Ontbijt, broodbeleg en bakproducten",
    "price": 3.69,
    "promoPrice": null,
    "pricePerUnit": "12.3 kg",
    "image": "https://www.jumbo.com/dam-images/fit-in/360x360/Products/03072025_1751535229272_1751535239160_7622210155740_596.png",
    "available": true,
    "promoUntil": null
  },
  {
    "id": "177547STK",
    "title": "Clipper Organic Happy Mondays 20 stuks 45 g",
    "category": "Koffie en thee",
    "price": 3.69,
    "promoPrice": null,
    "pricePerUnit": "0.18 pieces",
    "image": "https://www.jumbo.com/dam-images/fit-in/360x360/Products/24042025_1745461220315_1745461228301_177547_STK_05021991940590_H1N1.png",
    "available": true,
    "promoUntil": null
  },
  {
    "id": "188961POT",
    "title": "Hak Appelmoes 0% 700 g",
    "category": "Conserven, soepen, sauzen, oliën",
    "price": 3.39,
    "promoPrice": null,
    "pricePerUnit": "4.84 kg",
    "image": "https://www.jumbo.com/dam-images/fit-in/360x360/Products/28052024_1716863669885_1716863679746_188961_POT_08720600613968_C1N1_s02.png",
    "available": true,
    "promoUntil": null
  },
  {
    "id": "709279KGR",
    "title": "Jumbo Rund Magere Braadlappen 2 Stuks ca. 350 g",
    "category": "Vlees, vis en vega",
    "price": 7.0,
    "promoPrice": null,
    "pricePerUnit": "19.99 kg",
    "image": "https://www.jumbo.com/dam-images/fit-in/360x360/Products/24092025_1758717260764_1758717269395_2335892000000_1.png",
    "available": true,
    "promoUntil": null
  },
  {
    "id": "201897DS",
    "title": "Hero Mini Mix Minder Zoet 10 x 20 g",
    "category": "Ontbijt, broodbeleg en bakproducten",
    "price": 3.36,
    "promoPrice": null,
    "pricePerUnit": "16.8 kg",
    "image": "https://www.jumbo.com/dam-images/fit-in/360x360/Products/12082025_1754994819416_1754994829504_8713500081067_1.png",
    "available": true,
    "promoUntil": null
  },
  {
    "id": "233326STK",
    "title": "Café Royal Vanilla 10 Capsules 50 g",
    "category": "Koffie en thee",
    "price": 4.19,
    "promoPrice": null,
    "pricePerUnit": "0.42 pieces",
    "image": "https://www.jumbo.com/dam-images/fit-in/360x360/Products/7617014189824T1c1566341-b3ea-4f2d-b94a-644048ca9fd6-1753429694789.png",
    "available": true,
    "promoUntil": null
  },
  {
    "id": "499176CUP",
    "title": "Alpro Plantaardige Variatie Op Kwark Aardbei 400g",
    "category": "Zuivel, eieren, boter",
    "price": 2.89,
    "promoPrice": null,
    "pricePerUnit": "7.23 kg",
    "image": "https://www.jumbo.com/dam-images/fit-in/360x360/Products/21082025_1755738062552_1755738070976_499176_CUP_05411188128649_C1N1.png",
    "available": true,
    "promoUntil": null
  },
  {
    "id": "612279DS",
    "title": "B'tween Protein Pinda's & Chocolade 4 x 24g",
    "category": "Koek, snoep, chocolade en chips",
    "price": 2.53,
    "promoPrice": null,
    "pricePerUnit": "26.35 kg",
    "image": "https://www.jumbo.com/dam-images/fit-in/360x360/Products/27022025_1740623267937_1740623277248_612279_DS_08713500081012_H1N1.png",
    "available": true,
    "promoUntil": null
  },
  {
    "id": "48947PAK",
    "title": "Den Eelder Boeren Milde Halfvolle Yoghurt 1 L",
    "category": "Zuivel, eieren, boter",
    "price": 1.89,
    "promoPrice": null,
    "pricePerUnit": "1.89 l",
    "image": "https://www.jumbo.com/dam-images/fit-in/360x360/Products/17012024_1705498444017_1705498450456_8711723142206_1.png",
    "available": true,
    "promoUntil": null
  },
  {
    "id": "517738POT",
    "title": "Hak Appelmoes 0% 350g",
    "category": "Conserven, soepen, sauzen, oliën",
    "price": 2.49,
    "promoPrice": null,
    "pricePerUnit": "7.11 kg",
    "image": "https://www.jumbo.com/dam-images/fit-in/360x360/Products/12092023_1694522163562_1694522167761_8720600612688_1.png",
    "available": true,
    "promoUntil": null
  },
  {
    "id": "652245BLK",
    "title": "Volendam Exclusief Gehaktballen 380g",
    "category": "Conserven, soepen, sauzen, oliën",
    "price": 4.99,
    "promoPrice": null,
    "pricePerUnit": "13.13 kg",
    "image": "https://www.jumbo.com/dam-images/fit-in/360x360/Products/17092024_1726601067439_1726601074346_652245_BLK_08710879002228_C1N1.png",
    "available": true,
    "promoUntil": null
  },
  {
    "id": "177769STK",
    "title": "Jumbo Roomsaus 38,6 g",
    "category": "Conserven, soepen, sauzen, oliën",
    "price": 0.79,
    "promoPrice": null,
    "pricePerUnit": "20.47 kg",
    "image": "https://www.jumbo.com/dam-images/fit-in/360x360/Products/04072025_1751617974388_1751617983576_8718452183326_1.png",
    "available": true,
    "promoUntil": null
  },
  {
    "id": "671262CUP",
    "title": "Jumbo Soja Plantaardig Alternatief voor Yoghurt 500 g",
    "category": "Zuivel, eieren, boter",
    "price": 0.79,
    "promoPrice": null,
    "pricePerUnit": "1.58 kg",
    "image": "https://www.jumbo.com/dam-images/fit-in/360x360/Products/14022025_1739539159514_1739539169870_8718452878376_596.png",
    "available": true,
    "promoUntil": null
  },
  {
    "id": "329751POT",
    "title": "Buisman Latte Macchiato 260 g",
    "category": "Koffie en thee",
    "price": 3.79,
    "promoPrice": null,
    "pricePerUnit": "14.58 kg",
    "image": "https://www.jumbo.com/dam-images/fit-in/360x360/Products/329751_8710283653436_1_T1_329751POT1691484484763.png",
    "available": true,
    "promoUntil": null
  },
  {
    "id": "342342PAK",
    "title": "La Place Volle Opschuimmelk 1 L",
    "category": "Koffie en thee",
    "price": 2.19,
    "promoPrice": null,
    "pricePerUnit": "2.19 l",
    "image": "https://www.jumbo.com/dam-images/fit-in/360x360/Products/10082023_1691676548006_1691676561637_8718452446070_7.png",
    "available": true,
    "promoUntil": null
  },
  {
    "id": "634022CUP",
    "title": "Ísey Skyr Perzik 400 g",
    "category": "Zuivel, eieren, boter",
    "price": 2.99,
    "promoPrice": null,
    "pricePerUnit": "7.48 kg",
    "image": "https://www.jumbo.com/dam-images/fit-in/360x360/Products/07082025_1754559257563_1754559266838_5690845002748_596.png",
    "available": true,
    "promoUntil": null
  },
  {
    "id": "578830PAK",
    "title": "Danoontje Yoghurt Tussendoortje Aardbei 70g",
    "category": "Zuivel, eieren, boter",
    "price": 0.99,
    "promoPrice": null,
    "pricePerUnit": "14.14 kg",
    "image": "https://www.jumbo.com/dam-images/fit-in/360x360/Products/01082024_1722497653618_1722497658496_8713788122148_1.png",
    "available": true,
    "promoUntil": null
  },
  {
    "id": "383942DS",
    "title": "Nescafé Wiener Melange Mocha 8 x 17 g",
    "category": "Koffie en thee",
    "price": 3.59,
    "promoPrice": null,
    "pricePerUnit": "0.45 pieces",
    "image": "https://www.jumbo.com/dam-images/fit-in/360x360/Products/23092025_1758593703767_1758593708319_383942_DS_08445291512887_C1N1_s01.png",
    "available": true,
    "promoUntil": null
  },
  {
    "id": "300829ZK",
    "title": "Unox Smaakfavoriet Soep In Zak Franse Uien 570 ml",
    "category": "Conserven, soepen, sauzen, oliën",
    "price": 4.15,
    "promoPrice": null,
    "pricePerUnit": "7.28 l",
    "image": "https://www.jumbo.com/dam-images/fit-in/360x360/Products/07022024_1707278521265_1707278557972_300829_ZK_08717163815052_C1N1.png",
    "available": true,
    "promoUntil": null
  },
  {
    "id": "37129PAK",
    "title": "Den Eelder Geiten Yoghurt 0,5 L",
    "category": "Zuivel, eieren, boter",
    "price": 1.79,
    "promoPrice": null,
    "pricePerUnit": "3.58 l",
    "image": "https://www.jumbo.com/dam-images/fit-in/360x360/Products/09082023_1691588458596_1691588464905_8711723122390_1.png",
    "available": true,
    "promoUntil": null
  },
  {
    "id": "459897FLS",
    "title": "Jumbo Vloeibare Zoetstof 300 ml",
    "category": "Koffie en thee",
    "price": 3.59,
    "promoPrice": null,
    "pricePerUnit": "11.97 l",
    "image": "https://www.jumbo.com/dam-images/fit-in/360x360/Products/10082023_1691675791205_1691675802377_8718452607334_1.png",
    "available": true,
    "promoUntil": null
  },
  {
    "id": "637073ZK",
    "title": "Jumbo Spelt Gepoft 150 g",
    "category": "Ontbijt, broodbeleg en bakproducten",
    "price": 1.99,
    "promoPrice": null,
    "pricePerUnit": "13.27 kg",
    "image": "https://www.jumbo.com/dam-images/fit-in/360x360/Products/12122024_1734014904225_1734014907760_8718452488421_1.png",
    "available": true,
    "promoUntil": null
  },
  {
    "id": "494994CUP",
    "title": "Ísey Skyr Blueberry Pie 400g",
    "category": "Zuivel, eieren, boter",
    "price": 2.99,
    "promoPrice": null,
    "pricePerUnit": "7.48 kg",
    "image": "https://www.jumbo.com/dam-images/fit-in/360x360/Products/07082025_1754570035892_1754570045446_5690845001321_596.png",
    "available": true,
    "promoUntil": null
  },
  {
    "id": "556783POT",
    "title": "Jumbo Zoetzuur Schijfjes Komkommer 670 g",
    "category": "Conserven, soepen, sauzen, oliën",
    "price": 2.08,
    "promoPrice": null,
    "pricePerUnit": "6.12 kg",
    "image": "https://www.jumbo.com/dam-images/fit-in/360x360/Products/14022024_1707872592656_1707872602979_8718452686957_1.png",
    "available": true,
    "promoUntil": null
  },
  {
    "id": "477026STK",
    "title": "Bolletje Vezelrijk Beschuit Meerzaden 10 Stuks",
    "category": "Ontbijt, broodbeleg en bakproducten",
    "price": 1.81,
    "promoPrice": null,
    "pricePerUnit": "0.18 pieces",
    "image": "https://www.jumbo.com/dam-images/fit-in/360x360/Products/30052025_1748586805428_1748586810984_8710482534215_1.png",
    "available": true,
    "promoUntil": null
  },
  {
    "id": "493899STK",
    "title": "Wasa Dun Rogge Volkoren 220 g",
    "category": "Ontbijt, broodbeleg en bakproducten",
    "price": 2.47,
    "promoPrice": null,
    "pricePerUnit": "11.23 kg",
    "image": "https://www.jumbo.com/dam-images/fit-in/360x360/Products/02092025_1756779847310_1756779852614_493899_STK_07300400482264_C1N1.png",
    "available": true,
    "promoUntil": null
  },
  {
    "id": "577754ZK",
    "title": "Melkunie Breaker Specials Cheesecake Raspberry Yoghurt 200 g",
    "category": "Zuivel, eieren, boter",
    "price": 1.69,
    "promoPrice": null,
    "pricePerUnit": "8.45 kg",
    "image": "https://www.jumbo.com/dam-images/fit-in/360x360/Products/12122024_1734017699767_1734017708747_8718166019812_1.png",
    "available": true,
    "promoUntil": null
  },
  {
    "id": "660840CUP",
    "title": "XXL FIT Yoghurt Granola Aardbei 200g",
    "category": "Zuivel, eieren, boter",
    "price": 1.99,
    "promoPrice": null,
    "pricePerUnit": "9.95 kg",
    "image": "https://www.jumbo.com/dam-images/fit-in/360x360/Products/20092025_1758335544138_1758335548115_660840_CUP_08711399024714_C1N1.png",
    "available": true,
    "promoUntil": null
  },
  {
    "id": "505979POT",
    "title": "Jumbo Pizzasaus Kruidig 350 g",
    "category": "Conserven, soepen, sauzen, oliën",
    "price": 1.49,
    "promoPrice": null,
    "pricePerUnit": "4.26 kg",
    "image": "https://www.jumbo.com/dam-images/fit-in/360x360/Products/10082023_1691677608452_1691677614855_8718452638390_1.png",
    "available": true,
    "promoUntil": null
  },
  {
    "id": "184288DSL",
    "title": "Oatly The Original Haver Bio 6 x 1 L",
    "category": "Zuivel, eieren, boter",
    "price": 17.34,
    "promoPrice": null,
    "pricePerUnit": "2.89 l",
    "image": "https://www.jumbo.com/dam-images/fit-in/360x360/Products/184288DSL-1692282482348.png",
    "available": true,
    "promoUntil": null
  },
  {
    "id": "208379STK",
    "title": "Vifit Goedemorgen! Drinkzuivel Perzik/Abrikoos 400 ml",
    "category": "Zuivel, eieren, boter",
    "price": 1.69,
    "promoPrice": null,
    "pricePerUnit": "4.23 l",
    "image": "https://www.jumbo.com/dam-images/fit-in/360x360/Products/03072025_1751508855261_1751508864348_208379_STK_08712800148470_H1N1.png",
    "available": true,
    "promoUntil": null
  },
  {
    "id": "686531DS",
    "title": "Jumbo Mueslireep Rood Fruit 6 Stuks",
    "category": "Ontbijt, broodbeleg en bakproducten",
    "price": 1.65,
    "promoPrice": null,
    "pricePerUnit": "11.0 kg",
    "image": "https://www.jumbo.com/dam-images/fit-in/360x360/Products/25042025_1745580812063_1745580840096_8718452887231_596.png",
    "available": true,
    "promoUntil": null
  },
  {
    "id": "607868FLS",
    "title": "HiPRO Protein Drink Banaan 300 ml",
    "category": "Zuivel, eieren, boter",
    "price": 2.39,
    "promoPrice": 1.79,
    "pricePerUnit": "5.97 kg",
    "image": "https://www.jumbo.com/dam-images/fit-in/360x360/Products/07022025_1738899862366_1738899866675_607868_FLS_08713788124128_H1N1.png",
    "available": true,
    "promoUntil": "di 7 okt"
  },
  {
    "id": "54811DS",
    "title": "Pickwick Original Dutch Medium 20 x 1,5 g",
    "category": "Koffie en thee",
    "price": 1.99,
    "promoPrice": null,
    "pricePerUnit": "0.1 pieces",
    "image": "https://www.jumbo.com/dam-images/fit-in/360x360/Products/02042025_1743554031116_1743554039861_8711000277560_1.png",
    "available": true,
    "promoUntil": null
  },
  {
    "id": "580796BLK",
    "title": "Jumbo Romige Champignonsoep met Bieslook 300ML",
    "category": "Conserven, soepen, sauzen, oliën",
    "price": 1.39,
    "promoPrice": null,
    "pricePerUnit": "4.63 l",
    "image": "https://www.jumbo.com/dam-images/fit-in/360x360/Products/30072025_1753886059547_1753886073100_8718452750245_596.png",
    "available": true,
    "promoUntil": null
  },
  {
    "id": "178149STK",
    "title": "Melvita Weide- en Veld Bloemen Honing 500 g",
    "category": "Koffie en thee",
    "price": 4.74,
    "promoPrice": null,
    "pricePerUnit": "9.48 kg",
    "image": "https://www.jumbo.com/dam-images/fit-in/360x360/Products/09082023_1691588095062_1691588150867_8713406450196_1.png",
    "available": true,
    "promoUntil": null
  },
  {
    "id": "84280POT",
    "title": "Hak Bonenschotel Mexicaans 700 g",
    "category": "Conserven, soepen, sauzen, oliën",
    "price": 4.19,
    "promoPrice": null,
    "pricePerUnit": "5.99 kg",
    "image": "https://www.jumbo.com/dam-images/fit-in/360x360/Products/02082025_1754099059026_1754099078983_84280_POT_08720600610820_H1N1.png",
    "available": true,
    "promoUntil": null
  },
  {
    "id": "215803STK",
    "title": "MAGGI Opkikker Drinkbouillon Tuinkruiden 7 x 3,7 g",
    "category": "Conserven, soepen, sauzen, oliën",
    "price": 1.49,
    "promoPrice": null,
    "pricePerUnit": "57.31 kg",
    "image": "https://www.jumbo.com/dam-images/fit-in/360x360/Products/17092024_1726540873866_1726540889887_215803_STK_07613036655958_C1N1_s01.png",
    "available": true,
    "promoUntil": null
  },
  {
    "id": "201101DS",
    "title": "Nescafé Gold Oploskoffie 25 Stuks",
    "category": "Koffie en thee",
    "price": 3.0,
    "promoPrice": null,
    "pricePerUnit": "0.12 pieces",
    "image": "https://www.jumbo.com/dam-images/fit-in/360x360/Products/17052024_1715914180336_1715914184920_201101_DS_.png",
    "available": true,
    "promoUntil": null
  },
  {
    "id": "235536BLK",
    "title": "Jumbo Zwarte Bonen 400 g",
    "category": "Conserven, soepen, sauzen, oliën",
    "price": 0.99,
    "promoPrice": null,
    "pricePerUnit": "4.13 kg",
    "image": "https://www.jumbo.com/dam-images/fit-in/360x360/Products/01082024_1722504868703_1722504889945_8718452817832_596.png",
    "available": true,
    "promoUntil": null
  },
  {
    "id": "682371KGR",
    "title": "Jumbo Zalmfilet Zonder Huid Naturel ca. 240 g",
    "category": "Vlees, vis en vega",
    "price": 7.13,
    "promoPrice": null,
    "pricePerUnit": "30.99 kg",
    "image": "https://www.jumbo.com/dam-images/fit-in/360x360/Products/02042025_1743604411372_1743604417582_2348804000000_1.png",
    "available": true,
    "promoUntil": null
  },
  {
    "id": "578057CUP",
    "title": "Almhof Choco met slagroom Karamel 180 g",
    "category": "Zuivel, eieren, boter",
    "price": 1.59,
    "promoPrice": null,
    "pricePerUnit": "8.83 kg",
    "image": "https://www.jumbo.com/dam-images/fit-in/360x360/Products/17042025_1744854604926_1744854616274_578057_CUP_.png",
    "available": true,
    "promoUntil": null
  },
  {
    "id": "558563DS",
    "title": "Lavazza Espresso Lungo koffiecups 30st",
    "category": "Koffie en thee",
    "price": 12.79,
    "promoPrice": null,
    "pricePerUnit": "0.43 pieces",
    "image": "https://www.jumbo.com/dam-images/fit-in/360x360/Products/23012025_1737599060189_1737599069618_558563_DS_08000070067776_C1N1.png",
    "available": true,
    "promoUntil": null
  },
  {
    "id": "477025STK",
    "title": "Bolletje Vezelrijk Beschuit Donker Volkoren 10 Stuks",
    "category": "Ontbijt, broodbeleg en bakproducten",
    "price": 1.93,
    "promoPrice": null,
    "pricePerUnit": "12.06 kg",
    "image": "https://www.jumbo.com/dam-images/fit-in/360x360/Products/30052025_1748586805216_1748586809576_8710482534208_1.png",
    "available": true,
    "promoUntil": null
  },
  {
    "id": "82511POT",
    "title": "Jumbo Bloemenhoning 450 g",
    "category": "Koffie en thee",
    "price": 2.24,
    "promoPrice": null,
    "pricePerUnit": "4.98 kg",
    "image": "https://www.jumbo.com/dam-images/fit-in/360x360/Products/29092023_1695994870370_1695994877456_8718452142279_1.png",
    "available": true,
    "promoUntil": null
  },
  {
    "id": "644308FLS",
    "title": "Yfood Drinkmaaltijd Fruity Mango 500ml",
    "category": "Zuivel, eieren, boter",
    "price": 4.39,
    "promoPrice": null,
    "pricePerUnit": "8.78 l",
    "image": "https://www.jumbo.com/dam-images/fit-in/360x360/Products/23052025_1747966782212_1747966784468_644308_FLS_04260556637686_C1N1.png",
    "available": true,
    "promoUntil": null
  },
  {
    "id": "182082STK",
    "title": "Danoontje Kinder Fruitkwark Toetjes Banaan, Aardbei & Abrikoos 6 x 50g",
    "category": "Zuivel, eieren, boter",
    "price": 1.59,
    "promoPrice": null,
    "pricePerUnit": "5.3 kg",
    "image": "https://www.jumbo.com/dam-images/fit-in/360x360/Products/31072024_1722433096149_1722433107365_8713788122087_1.png",
    "available": true,
    "promoUntil": null
  },
  {
    "id": "691103DS",
    "title": "Jumbo's DG Café au Lait Dolce Gusto Koffiecups 16 Stuks",
    "category": "Koffie en thee",
    "price": 4.99,
    "promoPrice": null,
    "pricePerUnit": "0.31 pieces",
    "image": "https://www.jumbo.com/dam-images/fit-in/360x360/Products/09072025_1752046391305_1752046399153_8718452905119_1.png",
    "available": true,
    "promoUntil": null
  },
  {
    "id": "578263ZK",
    "title": "Ísey Skyr Mandarin Pie 140 g",
    "category": "Zuivel, eieren, boter",
    "price": 1.89,
    "promoPrice": null,
    "pricePerUnit": "13.5 kg",
    "image": "https://www.jumbo.com/dam-images/fit-in/360x360/Products/07082025_1754570035861_1754570042908_5690845002137_596.png",
    "available": true,
    "promoUntil": null
  },
  {
    "id": "483735ZK",
    "title": "Jumbo Chiazaad Biologisch 275 g",
    "category": "Ontbijt, broodbeleg en bakproducten",
    "price": 3.63,
    "promoPrice": null,
    "pricePerUnit": "13.2 kg",
    "image": "https://www.jumbo.com/dam-images/fit-in/360x360/Products/10082023_1691676436512_1691676444666_8718452617821_1.png",
    "available": true,
    "promoUntil": null
  },
  {
    "id": "391061DS",
    "title": "Knorr Cup-a-Soup Franse Ui 3 x 175 ml",
    "category": "Conserven, soepen, sauzen, oliën",
    "price": 2.09,
    "promoPrice": null,
    "pricePerUnit": "53.59 kg",
    "image": "https://www.jumbo.com/dam-images/fit-in/360x360/Products/29082025_1756431163679_1756431201432_391061_DS_08711327461581_H1N1.png",
    "available": true,
    "promoUntil": null
  },
  {
    "id": "390220BLK",
    "title": "Unox Soep Tomaat Creme 300 ml",
    "category": "Conserven, soepen, sauzen, oliën",
    "price": 1.99,
    "promoPrice": null,
    "pricePerUnit": "6.63 l",
    "image": "https://www.jumbo.com/dam-images/fit-in/360x360/Products/07092023_1694098458952_1694098484350_8710522684948_1.png",
    "available": true,
    "promoUntil": null
  },
  {
    "id": "673751TRA",
    "title": "Jumbo Speklap Gemarineerd 6 Stuks",
    "category": "Vlees, vis en vega",
    "price": 7.0,
    "promoPrice": null,
    "pricePerUnit": "11.67 kg",
    "image": "https://www.jumbo.com/dam-images/fit-in/360x360/Products/10042025_1744295587003_1744295593372_8718452914074_1.png",
    "available": true,
    "promoUntil": null
  },
  {
    "id": "673392CUP",
    "title": "Almhof Volle Kwark Special Edition Kers Vanille 500 g",
    "category": "Zuivel, eieren, boter",
    "price": 3.29,
    "promoPrice": null,
    "pricePerUnit": "6.58 kg",
    "image": "https://www.jumbo.com/dam-images/fit-in/360x360/Products/22052025_1747877105365_1747877126271_673392_CUP_.png",
    "available": true,
    "promoUntil": null
  },
  {
    "id": "423130TRL",
    "title": "Nescafé Mocca Oploskoffie 6 x 20 Zakjes",
    "category": "Koffie en thee",
    "price": 21.54,
    "promoPrice": null,
    "pricePerUnit": "51.29 kg",
    "image": "https://www.jumbo.com/dam-images/fit-in/360x360/Products/423130TRL-1692362494288.png",
    "available": true,
    "promoUntil": null
  },
  {
    "id": "220930POT",
    "title": "Jumbo Rode Kool met Appel 340 g",
    "category": "Conserven, soepen, sauzen, oliën",
    "price": 0.59,
    "promoPrice": null,
    "pricePerUnit": "1.74 kg",
    "image": "https://www.jumbo.com/dam-images/fit-in/360x360/Products/09082023_1691585250458_1691585279391_8718452360130_1.png",
    "available": true,
    "promoUntil": null
  },
  {
    "id": "140077PAK",
    "title": "Segafredo Zanetti Selezione Crema Koffiebonen 500 g",
    "category": "Koffie en thee",
    "price": 10.99,
    "promoPrice": null,
    "pricePerUnit": "21.98 kg",
    "image": "https://www.jumbo.com/dam-images/fit-in/360x360/Products/05102023_1696498562360_1696498569062_9001810011645_1.png",
    "available": true,
    "promoUntil": null
  },
  {
    "id": "192073BAK",
    "title": "Alpro Plantaardige Variatie Op Yoghurt Naturel Zonder Suiker 500g",
    "category": "Zuivel, eieren, boter",
    "price": 2.39,
    "promoPrice": null,
    "pricePerUnit": "4.78 kg",
    "image": "https://www.jumbo.com/dam-images/fit-in/360x360/Products/14082025_1755136163925_1755136169617_192073_BAK_05411188118121_C1N1.png",
    "available": true,
    "promoUntil": null
  },
  {
    "id": "593107DS",
    "title": "Knorr Bouillon Blokjes Kippen 15 tabletten",
    "category": "Conserven, soepen, sauzen, oliën",
    "price": 1.79,
    "promoPrice": null,
    "pricePerUnit": "11.93 kg",
    "image": "https://www.jumbo.com/dam-images/fit-in/360x360/Products/13012024_1705118649796_1705118684473_593107_DS_08720182759436_C1N1.png",
    "available": true,
    "promoUntil": null
  },
  {
    "id": "347556POT",
    "title": "Calvé Mayonaise De Échte 450 ml",
    "category": "Conserven, soepen, sauzen, oliën",
    "price": 3.19,
    "promoPrice": 2.39,
    "pricePerUnit": "5.31 l",
    "image": "https://www.jumbo.com/dam-images/fit-in/360x360/Products/16072025_1752632001109_1752632028861_347556_POT_08720182765789_C1N1.png",
    "available": true,
    "promoUntil": "di 30 sep"
  },
  {
    "id": "242440STK",
    "title": "Bolletje Goed Bezig! Naturel 9 Stuks 210 g",
    "category": "Koek, snoep, chocolade en chips",
    "price": 2.15,
    "promoPrice": null,
    "pricePerUnit": "10.24 kg",
    "image": "https://www.jumbo.com/dam-images/fit-in/360x360/Products/03092025_1756866093189_1756866104278_242440_STK_08710482533362_C1N1.png",
    "available": true,
    "promoUntil": null
  },
  {
    "id": "225649STK",
    "title": "Croma Smeltjus 250 g",
    "category": "Conserven, soepen, sauzen, oliën",
    "price": 2.19,
    "promoPrice": null,
    "pricePerUnit": "8.76 kg",
    "image": "https://www.jumbo.com/dam-images/fit-in/360x360/Products/09072025_1752049967847_1752049979412_8719200017429_1.png",
    "available": true,
    "promoUntil": null
  },
  {
    "id": "77643POT",
    "title": "Lotus Biscoff speculoos pasta original 720 g",
    "category": "Ontbijt, broodbeleg en bakproducten",
    "price": 5.33,
    "promoPrice": null,
    "pricePerUnit": "7.4 kg",
    "image": "https://www.jumbo.com/dam-images/fit-in/360x360/Products/08062024_1717818579780_1717818584536_77643_POT_05410126076936_C1N1.png",
    "available": true,
    "promoUntil": null
  },
  {
    "id": "208856STK",
    "title": "LiGA Milkbreak Koekjes Melk Chocolade 6 x 2 Stuks 245g",
    "category": "Koek, snoep, chocolade en chips",
    "price": 3.09,
    "promoPrice": null,
    "pricePerUnit": "12.61 kg",
    "image": "https://www.jumbo.com/dam-images/fit-in/360x360/Products/05082025_1754400783860_1754400796046_7622210411020_596.png",
    "available": true,
    "promoUntil": null
  },
  {
    "id": "691129DS",
    "title": "Jumbo's Lungo Grande Koffiecups 16 Stuks",
    "category": "Koffie en thee",
    "price": 5.67,
    "promoPrice": null,
    "pricePerUnit": "0.35 pieces",
    "image": "https://www.jumbo.com/dam-images/fit-in/360x360/Products/07072025_1751902636628_1751902644120_8718452905041_1.png",
    "available": true,
    "promoUntil": null
  },
  {
    "id": "430934CUP",
    "title": "Jumbo Yoghurt Griekse Stijl Naturel 0,1% Vet 500 g",
    "category": "Zuivel, eieren, boter",
    "price": 1.49,
    "promoPrice": null,
    "pricePerUnit": "2.98 kg",
    "image": "https://www.jumbo.com/dam-images/fit-in/360x360/Products/05022024_1707150791938_1707150801196_8718452528622_1.png",
    "available": true,
    "promoUntil": null
  },
  {
    "id": "617855POT",
    "title": "Hero Jam Zero Abrikozen 300g",
    "category": "Ontbijt, broodbeleg en bakproducten",
    "price": 3.26,
    "promoPrice": null,
    "pricePerUnit": "10.87 kg",
    "image": "https://www.jumbo.com/dam-images/fit-in/360x360/Products/17102024_1729128126475_1729128138235_617855_POT_08713500013433_C1N1.png",
    "available": true,
    "promoUntil": null
  },
  {
    "id": "623968ZK",
    "title": "Smaakt Bio Rozijnen Blue Thompson 500 g",
    "category": "Ontbijt, broodbeleg en bakproducten",
    "price": 7.99,
    "promoPrice": null,
    "pricePerUnit": "15.98 kg",
    "image": "https://www.jumbo.com/dam-images/fit-in/360x360/Products/12082025_1754994819793_1754994825901_8718215063476_1.png",
    "available": true,
    "promoUntil": null
  },
  {
    "id": "213175ZK",
    "title": "Unox Smaakfavoriet Soep In Zak Vegetarische Groente 570 ml",
    "category": "Conserven, soepen, sauzen, oliën",
    "price": 5.25,
    "promoPrice": null,
    "pricePerUnit": "9.21 l",
    "image": "https://www.jumbo.com/dam-images/fit-in/360x360/Products/17092025_1758071841101_1758071885086_213175_ZK_08711200373185_H1N1.png",
    "available": true,
    "promoUntil": null
  },
  {
    "id": "201055ZK",
    "title": "Jumbo Instant Hot Chocolate 400 g",
    "category": "Koffie en thee",
    "price": 2.69,
    "promoPrice": null,
    "pricePerUnit": "6.73 kg",
    "image": "https://www.jumbo.com/dam-images/fit-in/360x360/Products/09082023_1691584887486_1691584908935_8718452293513_1.png",
    "available": true,
    "promoUntil": null
  },
  {
    "id": "384345CUP",
    "title": "Jumbo Gedroogde Abrikoos Biologisch 250 g",
    "category": "Ontbijt, broodbeleg en bakproducten",
    "price": 4.25,
    "promoPrice": null,
    "pricePerUnit": "17.0 kg",
    "image": "https://www.jumbo.com/dam-images/fit-in/360x360/Products/09082023_1691587659008_1691587669775_8718452488513_1.png",
    "available": true,
    "promoUntil": null
  },
  {
    "id": "547429FLS",
    "title": "Müller Müllermilk Milkshake Vanilla Flavour 400 g",
    "category": "Zuivel, eieren, boter",
    "price": 2.09,
    "promoPrice": null,
    "pricePerUnit": "5.23 l",
    "image": "https://www.jumbo.com/dam-images/fit-in/360x360/Products/24062025_1750727452508_1750727476168_547429_FLS_.png",
    "available": true,
    "promoUntil": null
  },
  {
    "id": "568836POT",
    "title": "Bonne Maman Confiture Aardbei 750g",
    "category": "Ontbijt, broodbeleg en bakproducten",
    "price": 5.0,
    "promoPrice": null,
    "pricePerUnit": "6.67 kg",
    "image": "https://www.jumbo.com/dam-images/fit-in/360x360/Products/14022024_1707873496156_1707873501792_3045320014266_1.png",
    "available": true,
    "promoUntil": null
  },
  {
    "id": "709301KGR",
    "title": "Jumbo Runderpoulet ca. 260 g",
    "category": "Vlees, vis en vega",
    "price": 6.5,
    "promoPrice": null,
    "pricePerUnit": "24.99 kg",
    "image": "https://www.jumbo.com/dam-images/fit-in/360x360/Products/14072025_1752481986240_1752481993448_2379172000000_1.png",
    "available": true,
    "promoUntil": null
  },
  {
    "id": "87427POT",
    "title": "De Ruijter Bebogeen Caramelpasta 360 g",
    "category": "Ontbijt, broodbeleg en bakproducten",
    "price": 2.34,
    "promoPrice": null,
    "pricePerUnit": "6.69 kg",
    "image": "https://www.jumbo.com/dam-images/fit-in/360x360/Products/15102024_1728957738394_1728957744968_87427_POT_08710496977275_C1N1.png",
    "available": true,
    "promoUntil": null
  },
  {
    "id": "624006STK",
    "title": "Jumbo Biologisch Appelmoes 4 Cups 4 x 100 g",
    "category": "Conserven, soepen, sauzen, oliën",
    "price": 1.29,
    "promoPrice": null,
    "pricePerUnit": "3.23 kg",
    "image": "https://www.jumbo.com/dam-images/fit-in/360x360/Products/05062024_1717601668311_1717601678388_8718452831142_1.png",
    "available": true,
    "promoUntil": null
  },
  {
    "id": "600302BLK",
    "title": "Jumbo Frankfurter 10 Stuks",
    "category": "Conserven, soepen, sauzen, oliën",
    "price": 2.84,
    "promoPrice": null,
    "pricePerUnit": "9.47 kg",
    "image": "https://www.jumbo.com/dam-images/fit-in/360x360/Products/23022025_1740276274117_1740276287950_600302_BLK_08718452648665_C1N1.png",
    "available": true,
    "promoUntil": null
  },
  {
    "id": "201597BAK",
    "title": "Jumbo Shoarma 500 g",
    "category": "Vlees, vis en vega",
    "price": 5.25,
    "promoPrice": null,
    "pricePerUnit": "10.5 kg",
    "image": "https://www.jumbo.com/dam-images/fit-in/360x360/Products/05112024_1730820971659_1730820990024_8718452343171_1.png",
    "available": true,
    "promoUntil": null
  },
  {
    "id": "79504POT",
    "title": "Hak Kapucijners 715 g",
    "category": "Conserven, soepen, sauzen, oliën",
    "price": 2.99,
    "promoPrice": null,
    "pricePerUnit": "6.95 kg",
    "image": "https://www.jumbo.com/dam-images/fit-in/360x360/Products/09082023_1691591401357_1691591403767_8720600609886_1.png",
    "available": true,
    "promoUntil": null
  },
  {
    "id": "865788KRT",
    "title": "Hertog Jan - Pils - Krat - 24 x 300ML",
    "category": "Bier en wijn",
    "price": 21.32,
    "promoPrice": null,
    "pricePerUnit": "2.96 l",
    "image": "https://www.jumbo.com/dam-images/fit-in/360x360/Products/08710956101158C1N11e774dec-c164-4830-a2cf-710a48240fd6-1712227383173.png",
    "available": true,
    "promoUntil": null
  },
  {
    "id": "302283POT",
    "title": "Jumbo Wortelen 340 g",
    "category": "Conserven, soepen, sauzen, oliën",
    "price": 0.79,
    "promoPrice": null,
    "pricePerUnit": "3.59 kg",
    "image": "https://www.jumbo.com/dam-images/fit-in/360x360/Products/08052024_1715182452727_1715182460327_8718452764679_1.png",
    "available": true,
    "promoUntil": null
  },
  {
    "id": "552484TRA",
    "title": "Jumbo Rundergehakt Extra Mager 400 g",
    "category": "Vlees, vis en vega",
    "price": 7.5,
    "promoPrice": null,
    "pricePerUnit": "18.75 kg",
    "image": "https://www.jumbo.com/dam-images/fit-in/360x360/Products/23102024_1729686786299_1729686792460_8718452728763_1.png",
    "available": true,
    "promoUntil": null
  },
  {
    "id": "647865TRA",
    "title": "Jumbo Stevige Crackers Volkoren met Sesam en Lijnzaad 8 Stuks",
    "category": "Ontbijt, broodbeleg en bakproducten",
    "price": 1.8,
    "promoPrice": null,
    "pricePerUnit": "9.0 kg",
    "image": "https://www.jumbo.com/dam-images/fit-in/360x360/Products/22072025_1753191236691_1753191243642_8718452816002_1.png",
    "available": true,
    "promoUntil": null
  },
  {
    "id": "359521STK",
    "title": "Café Royal Hazelnut Flavoured Coffee 10 Capsules 50 g",
    "category": "Koffie en thee",
    "price": 4.19,
    "promoPrice": null,
    "pricePerUnit": "0.42 pieces",
    "image": "https://www.jumbo.com/dam-images/fit-in/360x360/Products/25072025_1753428858668_1753428865296_7617014189862_1.png",
    "available": true,
    "promoUntil": null
  },
  {
    "id": "151371POT",
    "title": "Heinz Sandwich spread pikante groenten 300g",
    "category": "Ontbijt, broodbeleg en bakproducten",
    "price": 2.17,
    "promoPrice": null,
    "pricePerUnit": "7.23 kg",
    "image": "https://www.jumbo.com/dam-images/fit-in/360x360/Products/17042025_1744859186020_1744859190756_151371_POT_08715700421056_C1N1.png",
    "available": true,
    "promoUntil": null
  },
  {
    "id": "204078STK",
    "title": "Arla Lacto Free Fat-Free Quark 450 g",
    "category": "Zuivel, eieren, boter",
    "price": 2.25,
    "promoPrice": null,
    "pricePerUnit": "5.0 kg",
    "image": "https://www.jumbo.com/dam-images/fit-in/360x360/Products/17062025_1750149185376_1750149189680_4016241043016_1.png",
    "available": true,
    "promoUntil": null
  },
  {
    "id": "134350FLS",
    "title": "Remia Black Jack Smokey BBQ Sauce  450ml",
    "category": "Conserven, soepen, sauzen, oliën",
    "price": 3.89,
    "promoPrice": null,
    "pricePerUnit": "8.64 l",
    "image": "https://www.jumbo.com/dam-images/fit-in/360x360/Products/09022024_1707445763649_1707445770375_134350_FLS_08710448696735_C1N1.png",
    "available": true,
    "promoUntil": null
  },
  {
    "id": "626903ZK",
    "title": "Jumbo Muesli Fruit & Noten 1 kg",
    "category": "Ontbijt, broodbeleg en bakproducten",
    "price": 4.59,
    "promoPrice": null,
    "pricePerUnit": "4.59 kg",
    "image": "https://www.jumbo.com/dam-images/fit-in/360x360/Products/16072024_1721144061190_1721144068053_8718452810727_1.png",
    "available": true,
    "promoUntil": null
  },
  {
    "id": "17144BLK",
    "title": "Unox Soep in Blik Tomatensoep 4 Porties 515 ml",
    "category": "Conserven, soepen, sauzen, oliën",
    "price": 2.89,
    "promoPrice": null,
    "pricePerUnit": "5.61 l",
    "image": "https://www.jumbo.com/dam-images/fit-in/360x360/Products/07022024_1707271723406_1707271735530_17144_BLK_08718114806129_C1N1.png",
    "available": true,
    "promoUntil": null
  },
  {
    "id": "159374DS",
    "title": "Brinta Havermout 450 g",
    "category": "Ontbijt, broodbeleg en bakproducten",
    "price": 2.0,
    "promoPrice": null,
    "pricePerUnit": "4.44 kg",
    "image": "https://www.jumbo.com/dam-images/fit-in/360x360/Products/08072025_1751940094113_1751940099738_159374_DS_08715700421797_C1N1.png",
    "available": true,
    "promoUntil": null
  },
  {
    "id": "203810STK",
    "title": "Jumbo Biologisch Houdbare Halfvolle Melk  3 x 200 ml",
    "category": "Frisdrank en sappen",
    "price": 1.29,
    "promoPrice": null,
    "pricePerUnit": "2.15 l",
    "image": "https://www.jumbo.com/dam-images/fit-in/360x360/Products/203810_8718452299126_1_T1_203810STK1691319063526.png",
    "available": true,
    "promoUntil": null
  },
  {
    "id": "473615DS",
    "title": "Jumbo Chocolade Hagel XXL Puur 380g",
    "category": "Ontbijt, broodbeleg en bakproducten",
    "price": 2.81,
    "promoPrice": null,
    "pricePerUnit": "7.39 kg",
    "image": "https://www.jumbo.com/dam-images/fit-in/360x360/Products/10082023_1691677232862_1691677241028_8718452611775_1.png",
    "available": true,
    "promoUntil": null
  },
  {
    "id": "577188BAK",
    "title": "Ehrmann Grand Dessert Double Choc 190 g",
    "category": "Zuivel, eieren, boter",
    "price": 1.19,
    "promoPrice": null,
    "pricePerUnit": "6.26 kg",
    "image": "https://www.jumbo.com/dam-images/fit-in/360x360/Products/10082023_1691675598066_1691675609111_4002971253207_1.png",
    "available": true,
    "promoUntil": null
  },
  {
    "id": "98365POT",
    "title": "Hak Rode Bieten Schijven Bio 180 g",
    "category": "Conserven, soepen, sauzen, oliën",
    "price": 2.02,
    "promoPrice": null,
    "pricePerUnit": "11.22 kg",
    "image": "https://www.jumbo.com/dam-images/fit-in/360x360/Products/27032024_1711508115103_1711508124097_98365_POT_08720600608803_H1N1.png",
    "available": true,
    "promoUntil": null
  },
  {
    "id": "578245PAK",
    "title": "Jumbo Lekker Vrij van Gluten Zaden Crackers 7 Stuks",
    "category": "Ontbijt, broodbeleg en bakproducten",
    "price": 2.99,
    "promoPrice": null,
    "pricePerUnit": "17.09 kg",
    "image": "https://www.jumbo.com/dam-images/fit-in/360x360/Products/26032025_1742992386994_1742992394108_8718452607433_1.png",
    "available": true,
    "promoUntil": null
  },
  {
    "id": "198332FLS",
    "title": "Heinz Mayonaise Original 800 ml",
    "category": "Conserven, soepen, sauzen, oliën",
    "price": 4.99,
    "promoPrice": null,
    "pricePerUnit": "6.24 l",
    "image": "https://www.jumbo.com/dam-images/fit-in/360x360/Products/08042025_1744079992966_1744079996566_198332_FLS_08715700111148_H1N1.png",
    "available": true,
    "promoUntil": null
  },
  {
    "id": "230871PAK",
    "title": "Pickwick Original Ceylon 20 x 2 g",
    "category": "Koffie en thee",
    "price": 1.39,
    "promoPrice": null,
    "pricePerUnit": "0.07 pieces",
    "image": "https://www.jumbo.com/dam-images/fit-in/360x360/Products/02042025_1743554031785_1743554035689_8711000008072_1.png",
    "available": true,
    "promoUntil": null
  },
  {
    "id": "10329BKR",
    "title": "Alpro Plantaardige Variatie Op Yoghurt Vanille 500g",
    "category": "Zuivel, eieren, boter",
    "price": 2.69,
    "promoPrice": null,
    "pricePerUnit": "5.38 kg",
    "image": "https://www.jumbo.com/dam-images/fit-in/360x360/Products/21082025_1755743220565_1755743226774_10329_BKR_05411188103387_C1N1.png",
    "available": true,
    "promoUntil": null
  },
  {
    "id": "587172SC",
    "title": "Muscle Meat High Protein Meals Kipfilet Paprika Chili Tuinerwten - Macaroni Kaas Spieropbouw 450 g",
    "category": "Verse maaltijden en gemak",
    "price": 6.79,
    "promoPrice": null,
    "pricePerUnit": "15.09 kg",
    "image": "https://www.jumbo.com/dam-images/fit-in/360x360/Products/05092025_1757068433816_1757068442324_8720726497053_1.png",
    "available": true,
    "promoUntil": null
  },
  {
    "id": "389819EM",
    "title": "Remia Satésaus kant en klaar 150g",
    "category": "Conserven, soepen, sauzen, oliën",
    "price": 1.49,
    "promoPrice": null,
    "pricePerUnit": "9.93 kg",
    "image": "https://www.jumbo.com/dam-images/fit-in/360x360/Products/20012025_1737339970015_1737339973827_389819_EM_08710448636557_C1N1.png",
    "available": true,
    "promoUntil": null
  },
  {
    "id": "302292POT",
    "title": "Jumbo Room Spinazie 330 g",
    "category": "Conserven, soepen, sauzen, oliën",
    "price": 1.89,
    "promoPrice": null,
    "pricePerUnit": "5.73 kg",
    "image": "https://www.jumbo.com/dam-images/fit-in/360x360/Products/09082023_1691586713942_1691586722797_8718452423262_1.png",
    "available": true,
    "promoUntil": null
  },
  {
    "id": "317456DS",
    "title": "Zonnatura Bio 100% Brandnetel Kruideninfusie 20 Zakjes 28 g",
    "category": "Koffie en thee",
    "price": 2.59,
    "promoPrice": null,
    "pricePerUnit": "0.13 pieces",
    "image": "https://www.jumbo.com/dam-images/fit-in/360x360/Products/25072025_1753436037377_1753436042878_8711812423162_1.png",
    "available": true,
    "promoUntil": null
  },
  {
    "id": "170952DS",
    "title": "Eat Natural Super Granola Kokosnoot, Amandelen & Cacao 425 g ",
    "category": "Ontbijt, broodbeleg en bakproducten",
    "price": 4.79,
    "promoPrice": null,
    "pricePerUnit": "11.27 kg",
    "image": "https://www.jumbo.com/dam-images/fit-in/360x360/Products/18122024_1734528814405_1734528818921_5013803000028_1.png",
    "available": true,
    "promoUntil": null
  },
  {
    "id": "681108STK",
    "title": "Jumbo Fijnproevers IJslandse Gerookte Zalm Lang Gesneden 100 g",
    "category": "Vlees, vis en vega",
    "price": 4.99,
    "promoPrice": null,
    "pricePerUnit": "49.9 kg",
    "image": "https://www.jumbo.com/dam-images/fit-in/360x360/Products/29092023_1695996142839_1695996147583_8718452660339_1.png",
    "available": true,
    "promoUntil": null
  },
  {
    "id": "674369ZK",
    "title": "Jumbo's Spinazie Pesto Pastasaus 250 g",
    "category": "Conserven, soepen, sauzen, oliën",
    "price": 2.69,
    "promoPrice": null,
    "pricePerUnit": "10.76 kg",
    "image": "https://www.jumbo.com/dam-images/fit-in/360x360/Products/20032025_1742488408778_1742488415107_8718452888481_1.png",
    "available": true,
    "promoUntil": null
  },
  {
    "id": "300814ZK",
    "title": "Unox Smaakfavoriet Soep in Zak Romige Paddenstoelen 570 ml",
    "category": "Conserven, soepen, sauzen, oliën",
    "price": 4.99,
    "promoPrice": null,
    "pricePerUnit": "8.75 l",
    "image": "https://www.jumbo.com/dam-images/fit-in/360x360/Products/15082025_1755227444949_1755227483666_300814_ZK_08717163850022_H1N1.png",
    "available": true,
    "promoUntil": null
  },
  {
    "id": "352840DS",
    "title": "Clipper Orange & Lemon Organic Infusion 20 Stuks 40 g",
    "category": "Koffie en thee",
    "price": 3.69,
    "promoPrice": null,
    "pricePerUnit": "0.18 pieces",
    "image": "https://www.jumbo.com/dam-images/fit-in/360x360/Products/24042025_1745458546851_1745458554630_352840_DS_05021991941962_H1N1.png",
    "available": true,
    "promoUntil": null
  },
  {
    "id": "440950DS",
    "title": "Starbucks® by Nespresso ® House Blend Lungo 18 Koffiecups",
    "category": "Koffie en thee",
    "price": 7.79,
    "promoPrice": null,
    "pricePerUnit": "0.43 pieces",
    "image": "https://www.jumbo.com/dam-images/fit-in/360x360/Products/06052025_1746559968181_1746559973528_7613287418890_1.png",
    "available": true,
    "promoUntil": null
  },
  {
    "id": "538454STK",
    "title": "Violife Creamy Original 150 g",
    "category": "Zuivel, eieren, boter",
    "price": 2.89,
    "promoPrice": null,
    "pricePerUnit": "19.27 kg",
    "image": "https://www.jumbo.com/dam-images/fit-in/360x360/Products/06082025_1754444221721_1754444222642_538454_STK_05202390021121_A1N1.png",
    "available": true,
    "promoUntil": null
  },
  {
    "id": "301022DS",
    "title": "Maggi Rundvlees Bouillon Voordeelpak 123 g",
    "category": "Conserven, soepen, sauzen, oliën",
    "price": 1.69,
    "promoPrice": null,
    "pricePerUnit": "13.74 kg",
    "image": "https://www.jumbo.com/dam-images/fit-in/360x360/Products/18122024_1734521561987_1734521571598_8585002443861_1.png",
    "available": true,
    "promoUntil": null
  },
  {
    "id": "185127STK",
    "title": "Nakd Notenreep met Fruit Pecan Pie 4 Repen",
    "category": "Koek, snoep, chocolade en chips",
    "price": 3.75,
    "promoPrice": null,
    "pricePerUnit": "26.79 kg",
    "image": "https://www.jumbo.com/dam-images/fit-in/360x360/Products/04092023_1693841643701_1693841654790_5060088705124_1.png",
    "available": true,
    "promoUntil": null
  },
  {
    "id": "642999PAK",
    "title": "Jumbo Vloeibaar Eiwit 500 g",
    "category": "Zuivel, eieren, boter",
    "price": 3.99,
    "promoPrice": null,
    "pricePerUnit": "7.98 kg",
    "image": "https://www.jumbo.com/dam-images/fit-in/360x360/Products/8718452811625887a92cf-9fec-4dc3-bfa8-17878a8150d1-1742473058626.png",
    "available": true,
    "promoUntil": null
  },
  {
    "id": "522697CUP",
    "title": "Canisius Echte Peren - Appelstroop uit Zuid - Limburg 450 g",
    "category": "Ontbijt, broodbeleg en bakproducten",
    "price": 2.19,
    "promoPrice": null,
    "pricePerUnit": "4.87 kg",
    "image": "https://www.jumbo.com/dam-images/fit-in/360x360/Products/17082025_1755392964315_1755392979402_522697_CUP_08710742302325_C1N1.png",
    "available": true,
    "promoUntil": null
  },
  {
    "id": "659157RP",
    "title": "Jumbo Flammkuchendeeg 280 g",
    "category": "Ontbijt, broodbeleg en bakproducten",
    "price": 2.29,
    "promoPrice": null,
    "pricePerUnit": "8.18 kg",
    "image": "https://www.jumbo.com/dam-images/fit-in/360x360/Products/29042025_1745937194335_1745937205256_8718452634262_596.png",
    "available": true,
    "promoUntil": null
  },
  {
    "id": "144278DSL",
    "title": "Alpro Sojadrink Banaan Houdbaar 4 x 1L",
    "category": "Zuivel, eieren, boter",
    "price": 11.16,
    "promoPrice": null,
    "pricePerUnit": "2.79 l",
    "image": "https://www.jumbo.com/dam-images/fit-in/360x360/Products/144278DSL4packAlproSojadrinkBanaanf87c17f8-3879-41e1-8545-fffa1e497439-1703665862369.png",
    "available": true,
    "promoUntil": null
  },
  {
    "id": "691952DS",
    "title": "NESCAFÉ Dolce Gusto, Koffiecapsules Caramel Macchiato, 30 cups, 273 gr",
    "category": "Koffie en thee",
    "price": 9.99,
    "promoPrice": null,
    "pricePerUnit": "0.33 pieces",
    "image": "https://www.jumbo.com/dam-images/fit-in/360x360/Products/04082025_1754325172570_1754325176324_8445291718616_1.png",
    "available": true,
    "promoUntil": null
  },
  {
    "id": "577674POT",
    "title": "Hero Fruitspread Zero Kersen 300 g",
    "category": "Ontbijt, broodbeleg en bakproducten",
    "price": 3.26,
    "promoPrice": null,
    "pricePerUnit": "10.87 kg",
    "image": "https://www.jumbo.com/dam-images/fit-in/360x360/Products/16102024_1729044192748_1729044205969_577674_POT_08713500013129_C1N1.png",
    "available": true,
    "promoUntil": null
  },
  {
    "id": "198270POT",
    "title": "Calvé Mayonaise Pot Licht & Romig 650 ml",
    "category": "Conserven, soepen, sauzen, oliën",
    "price": 4.99,
    "promoPrice": 3.74,
    "pricePerUnit": "5.75 l",
    "image": "https://www.jumbo.com/dam-images/fit-in/360x360/Products/12082025_1754987602016_1754987608373_8714100905920_1.png",
    "available": true,
    "promoUntil": "di 30 sep"
  },
  {
    "id": "79507POT",
    "title": "Hak Doperwtjes met Worteltjes 195 g",
    "category": "Conserven, soepen, sauzen, oliën",
    "price": 1.89,
    "promoPrice": null,
    "pricePerUnit": "15.12 kg",
    "image": "https://www.jumbo.com/dam-images/fit-in/360x360/Products/09082023_1691592349795_1691592352396_8720600608704_1.png",
    "available": true,
    "promoUntil": null
  },
  {
    "id": "195351PAK",
    "title": "Arla Biologisch Volle Yoghurt 1 L",
    "category": "Zuivel, eieren, boter",
    "price": 1.99,
    "promoPrice": null,
    "pricePerUnit": "1.99 l",
    "image": "https://www.jumbo.com/dam-images/fit-in/360x360/Products/01052025_1746124371225_1746124374467_8718166011007_1.png",
    "available": true,
    "promoUntil": null
  },
  {
    "id": "441235DS",
    "title": "Lipton Thee Earl Grey",
    "category": "Koffie en thee",
    "price": 5.19,
    "promoPrice": null,
    "pricePerUnit": "0.1 pieces",
    "image": "https://www.jumbo.com/dam-images/fit-in/360x360/Products/11072025_1752198564845_1752198570652_441235_DS_05063270102121_C1N1.png",
    "available": true,
    "promoUntil": null
  },
  {
    "id": "358735FLS",
    "title": "Becel Vlees & Jus 450 ml",
    "category": "Zuivel, eieren, boter",
    "price": 3.79,
    "promoPrice": null,
    "pricePerUnit": "8.42 l",
    "image": "https://www.jumbo.com/dam-images/fit-in/360x360/Products/25042025_1745545133870_1745545143416_358735_FLS_08719200109407_C1N1.png",
    "available": true,
    "promoUntil": null
  },
  {
    "id": "161756FLS",
    "title": "MinusL Koffieroom 165 g",
    "category": "Zuivel, eieren, boter",
    "price": 2.66,
    "promoPrice": null,
    "pricePerUnit": "16.12 kg",
    "image": "https://www.jumbo.com/dam-images/fit-in/360x360/Products/03072025_1751505244136_1751505252231_161756_FLS_04062800006206_C1N1.png",
    "available": true,
    "promoUntil": null
  },
  {
    "id": "577781STK",
    "title": "Melkunie Protein Mango Yogurt 200 g",
    "category": "Zuivel, eieren, boter",
    "price": 1.79,
    "promoPrice": null,
    "pricePerUnit": "8.95 kg",
    "image": "https://www.jumbo.com/dam-images/fit-in/360x360/Products/17062025_1750149185658_1750149191104_8718166007659_1.png",
    "available": true,
    "promoUntil": null
  },
  {
    "id": "627805ZK",
    "title": "Jumbo Granola Proteïne 325 g",
    "category": "Ontbijt, broodbeleg en bakproducten",
    "price": 2.64,
    "promoPrice": null,
    "pricePerUnit": "8.12 kg",
    "image": "https://www.jumbo.com/dam-images/fit-in/360x360/Products/12072024_1720773317842_1720773323956_8718452810697_1.png",
    "available": true,
    "promoUntil": null
  },
  {
    "id": "670949TRA",
    "title": "Jumbo Zigeuner-Gehaktschnitzel 3 Stuks",
    "category": "Vlees, vis en vega",
    "price": 3.99,
    "promoPrice": null,
    "pricePerUnit": "13.3 kg",
    "image": "https://www.jumbo.com/dam-images/fit-in/360x360/Products/14022025_1739539723758_1739539729382_8718452895175_1.png",
    "available": true,
    "promoUntil": null
  },
  {
    "id": "74955POT",
    "title": "Grand'Italia Bolognese met Rundvlees 600 g",
    "category": "Conserven, soepen, sauzen, oliën",
    "price": 4.69,
    "promoPrice": null,
    "pricePerUnit": "7.82 kg",
    "image": "https://www.jumbo.com/dam-images/fit-in/360x360/Products/08032025_1741401933093_1741401941140_74955_POT_00000080023234_H1N1.png",
    "available": true,
    "promoUntil": null
  },
  {
    "id": "390392BLK",
    "title": "Unox Soep in Blik Originele Uiensoep 800 ml",
    "category": "Conserven, soepen, sauzen, oliën",
    "price": 3.99,
    "promoPrice": null,
    "pricePerUnit": "4.99 l",
    "image": "https://www.jumbo.com/dam-images/fit-in/360x360/Products/14102023_1697247469907_1697247512999_390392_BLK_08710522675038_C1N1.png",
    "available": true,
    "promoUntil": null
  },
  {
    "id": "443516POT",
    "title": "Kesbeke Zoetzuur Amsterdamse Smul-Uitjes 495 g",
    "category": "Conserven, soepen, sauzen, oliën",
    "price": 2.25,
    "promoPrice": null,
    "pricePerUnit": "8.33 kg",
    "image": "https://www.jumbo.com/dam-images/fit-in/360x360/Products/14022024_1707872754001_1707872764434_8711271115974_1.png",
    "available": true,
    "promoUntil": null
  },
  {
    "id": "678560CUP",
    "title": "Campina Magere Milde Kwark met 'n Vleugje Vanille & Granola 225 g",
    "category": "Zuivel, eieren, boter",
    "price": 1.69,
    "promoPrice": null,
    "pricePerUnit": "7.51 kg",
    "image": "https://www.jumbo.com/dam-images/fit-in/360x360/Products/21032025_1742535419881_1742535442959_678560_CUP_08712800037439_H1N1.png",
    "available": true,
    "promoUntil": null
  },
  {
    "id": "579403KGR",
    "title": "Jumbo Gemengd Slagersgehakt Gekruid ca. 500 g",
    "category": "Vlees, vis en vega",
    "price": 6.49,
    "promoPrice": null,
    "pricePerUnit": "12.99 kg",
    "image": "https://www.jumbo.com/dam-images/fit-in/360x360/Products/17102024_1729161189345_1729161198159_2348893000000_1.png",
    "available": true,
    "promoUntil": null
  },
  {
    "id": "557683DS",
    "title": "Holie's Crunchy Muesli Chocolate 400g",
    "category": "Ontbijt, broodbeleg en bakproducten",
    "price": 3.75,
    "promoPrice": null,
    "pricePerUnit": "9.38 kg",
    "image": "https://www.jumbo.com/dam-images/fit-in/360x360/Products/11042025_1744338965988_1744338997270_557683_DS_08720256082361_C1N1.png",
    "available": true,
    "promoUntil": null
  },
  {
    "id": "484799BAK",
    "title": "Jumbo Gerookte Kipfiletreepjes  Voorgegaard 120g",
    "category": "Vlees, vis en vega",
    "price": 2.5,
    "promoPrice": null,
    "pricePerUnit": "20.83 kg",
    "image": "https://www.jumbo.com/dam-images/fit-in/360x360/Products/05112024_1730820972104_1730820980210_8718452630400_1.png",
    "available": true,
    "promoUntil": null
  },
  {
    "id": "565466ZK",
    "title": "Snack A Jacks Crispies Barbecue Paprika Rijstwafels 23 gr",
    "category": "Ontbijt, broodbeleg en bakproducten",
    "price": 0.99,
    "promoPrice": null,
    "pricePerUnit": "43.04 kg",
    "image": "https://www.jumbo.com/dam-images/fit-in/360x360/Products/14082024_1723646009828_1723646016845_8710398521545_1.png",
    "available": true,
    "promoUntil": null
  },
  {
    "id": "300136PAK",
    "title": "Vifit drinkyoghurt rode vrucht 500 ml",
    "category": "Zuivel, eieren, boter",
    "price": 1.59,
    "promoPrice": null,
    "pricePerUnit": "3.18 l",
    "image": "https://www.jumbo.com/dam-images/fit-in/360x360/Products/03072025_1751507811400_1751507821526_300136_PAK_08712800018469_H1N1.png",
    "available": true,
    "promoUntil": null
  },
  {
    "id": "188768BAK",
    "title": "Jumbo Biologisch Rundergehakt 500 g",
    "category": "Vlees, vis en vega",
    "price": 9.25,
    "promoPrice": null,
    "pricePerUnit": "18.5 kg",
    "image": "https://www.jumbo.com/dam-images/fit-in/360x360/Products/21102024_1729521186493_1729521195805_8718452601714_1.png",
    "available": true,
    "promoUntil": null
  },
  {
    "id": "154587POT",
    "title": "Lotus Biscoff speculoos pasta crunchy 400 g",
    "category": "Ontbijt, broodbeleg en bakproducten",
    "price": 3.85,
    "promoPrice": null,
    "pricePerUnit": "9.63 kg",
    "image": "https://www.jumbo.com/dam-images/fit-in/360x360/Products/20092025_1758337719508_1758337726403_154587_POT_.png",
    "available": true,
    "promoUntil": null
  },
  {
    "id": "532148ZK",
    "title": "Jumbo Bananen 5 Stuks",
    "category": "Aardappelen, groente en fruit",
    "price": 1.99,
    "promoPrice": null,
    "pricePerUnit": "0.4 pieces",
    "image": "https://www.jumbo.com/dam-images/fit-in/360x360/Products/15052025_1747312389133_1747312424807_8718452709458_9.png",
    "available": true,
    "promoUntil": null
  },
  {
    "id": "596629KGR",
    "title": "Jumbo Kipfilet ca. 215 g",
    "category": "Vlees, vis en vega",
    "price": 3.85,
    "promoPrice": null,
    "pricePerUnit": "17.89 kg",
    "image": "https://www.jumbo.com/dam-images/fit-in/360x360/Products/21032025_1742567606968_1742567613764_2378441000000_1.png",
    "available": true,
    "promoUntil": null
  },
  {
    "id": "194300ZK",
    "title": "Jumbo Pijnboompitten 30 g",
    "category": "Conserven, soepen, sauzen, oliën",
    "price": 1.99,
    "promoPrice": null,
    "pricePerUnit": "66.33 kg",
    "image": "https://www.jumbo.com/dam-images/fit-in/360x360/Products/07022025_1738945989914_1738946010015_8718452251803_1.png",
    "available": true,
    "promoUntil": null
  },
  {
    "id": "515532POT",
    "title": "Hero Jam Minder Zoet Bosvruchten 325g",
    "category": "Ontbijt, broodbeleg en bakproducten",
    "price": 2.81,
    "promoPrice": null,
    "pricePerUnit": "8.65 kg",
    "image": "https://www.jumbo.com/dam-images/fit-in/360x360/Products/16102024_1729041750577_1729041756626_515532_POT_08713500012979_C1N1.png",
    "available": true,
    "promoUntil": null
  },
  {
    "id": "576730DS",
    "title": "Kellogg's Frosties ontbijtgranen 330 g",
    "category": "Ontbijt, broodbeleg en bakproducten",
    "price": 3.41,
    "promoPrice": null,
    "pricePerUnit": "10.33 kg",
    "image": "https://www.jumbo.com/dam-images/fit-in/360x360/Products/11082025_1754912035806_1754912040506_5059319023342_1.png",
    "available": true,
    "promoUntil": null
  },
  {
    "id": "578344BKR",
    "title": "Jumbo IJskoffie Latte Macchiato 250ML",
    "category": "Zuivel, eieren, boter",
    "price": 0.75,
    "promoPrice": null,
    "pricePerUnit": "3.0 l",
    "image": "https://www.jumbo.com/dam-images/fit-in/360x360/Products/15052024_1715790912957_1715790929147_8718452729494_596.png",
    "available": true,
    "promoUntil": null
  },
  {
    "id": "620829DS",
    "title": "Bolletje Low Carb Groente Crackers Spinazie en Kidneybonen 4 x 4 Stuks 200 g",
    "category": "Ontbijt, broodbeleg en bakproducten",
    "price": 2.81,
    "promoPrice": null,
    "pricePerUnit": "14.05 kg",
    "image": "https://www.jumbo.com/dam-images/fit-in/360x360/Products/12052025_1747013328485_1747013333680_620829_DS_08710482534031_C1N1.png",
    "available": true,
    "promoUntil": null
  },
  {
    "id": "247990STK",
    "title": "Nescafé 3in1 Oploskoffie - 10 Stuks",
    "category": "Koffie en thee",
    "price": 2.79,
    "promoPrice": null,
    "pricePerUnit": "0.28 pieces",
    "image": "https://www.jumbo.com/dam-images/fit-in/360x360/Products/07082025_1754530689676_1754530705789_247990_STK_07613036900072_C1N1_s01.png",
    "available": true,
    "promoUntil": null
  },
  {
    "id": "58547PAK",
    "title": "Brinta Wake up! banaan 110 g",
    "category": "Ontbijt, broodbeleg en bakproducten",
    "price": 1.75,
    "promoPrice": null,
    "pricePerUnit": "15.91 kg",
    "image": "https://www.jumbo.com/dam-images/fit-in/360x360/Products/21122024_1734748607522_1734748612351_58547_PAK_08714700989504_C1N1.png",
    "available": true,
    "promoUntil": null
  },
  {
    "id": "175100DS",
    "title": "Clipper Chamomile & Cinnamon Organic Infusion 20 Stuks 35 g",
    "category": "Koffie en thee",
    "price": 3.69,
    "promoPrice": null,
    "pricePerUnit": "0.18 pieces",
    "image": "https://www.jumbo.com/dam-images/fit-in/360x360/Products/19032025_1742398390809_1742398417193_5021991940408_596.png",
    "available": true,
    "promoUntil": null
  },
  {
    "id": "605231DS",
    "title": "Killerbody 3-pack Protein Bars Cookies & Cream 120g",
    "category": "Koek, snoep, chocolade en chips",
    "price": 4.59,
    "promoPrice": 3.44,
    "pricePerUnit": "28.67 kg",
    "image": "https://www.jumbo.com/dam-images/fit-in/360x360/Products/06022024_1707187324180_1707187347271_605231_DS_08720618005717_C1N1.png",
    "available": true,
    "promoUntil": "di 7 okt"
  },
  {
    "id": "579069CUP",
    "title": "Jumbo IJskoffie Caramel Macchiato 250ML",
    "category": "Zuivel, eieren, boter",
    "price": 0.75,
    "promoPrice": null,
    "pricePerUnit": "3.0 l",
    "image": "https://www.jumbo.com/dam-images/fit-in/360x360/Products/14052024_1715708061253_1715708074060_8718452729524_596.png",
    "available": true,
    "promoUntil": null
  },
  {
    "id": "302272POT",
    "title": "Jumbo Tuinbonen 680 g",
    "category": "Conserven, soepen, sauzen, oliën",
    "price": 1.75,
    "promoPrice": null,
    "pricePerUnit": "4.12 kg",
    "image": "https://www.jumbo.com/dam-images/fit-in/360x360/Products/08052024_1715182452582_1715182458711_8718452764655_1.png",
    "available": true,
    "promoUntil": null
  },
  {
    "id": "11255BKR",
    "title": "Almhof Roomyoghurt Stracciatella 500 g",
    "category": "Zuivel, eieren, boter",
    "price": 2.49,
    "promoPrice": null,
    "pricePerUnit": "4.98 kg",
    "image": "https://www.jumbo.com/dam-images/fit-in/360x360/Products/12072025_1752287485090_1752287505058_11255_BKR_.png",
    "available": true,
    "promoUntil": null
  },
  {
    "id": "62217POT",
    "title": "Grand'Italia Carbonara 260 g",
    "category": "Conserven, soepen, sauzen, oliën",
    "price": 3.0,
    "promoPrice": null,
    "pricePerUnit": "11.54 kg",
    "image": "https://www.jumbo.com/dam-images/fit-in/360x360/Products/13052025_1747099908997_1747099916305_62217_POT_00000080023029_H1N1.png",
    "available": true,
    "promoUntil": null
  },
  {
    "id": "430758BKR",
    "title": "Verstegen Kant & Klaar Satésaus Origineel 500 g",
    "category": "Conserven, soepen, sauzen, oliën",
    "price": 2.99,
    "promoPrice": null,
    "pricePerUnit": "5.98 kg",
    "image": "https://www.jumbo.com/dam-images/fit-in/360x360/Products/02122023_1701497093009_1701497097995_430758_BKR_08712200088260_C1N1.png",
    "available": true,
    "promoUntil": null
  },
  {
    "id": "305326ROL",
    "title": "Zonnatura Bio Kikkererwtenwafels 100 g",
    "category": "Ontbijt, broodbeleg en bakproducten",
    "price": 3.06,
    "promoPrice": null,
    "pricePerUnit": "30.6 kg",
    "image": "https://www.jumbo.com/dam-images/fit-in/360x360/Products/23082025_1755912213748_1755912217140_305326_ROL_08711812424626_C1N1.png",
    "available": true,
    "promoUntil": null
  },
  {
    "id": "588495FLS",
    "title": "Heinz Tomato Ketchup 220 ml",
    "category": "Conserven, soepen, sauzen, oliën",
    "price": 1.99,
    "promoPrice": null,
    "pricePerUnit": "9.05 l",
    "image": "https://www.jumbo.com/dam-images/fit-in/360x360/Products/02082025_1754100140550_1754100145979_588495_FLS_08715700124780_H1N1.png",
    "available": true,
    "promoUntil": null
  },
  {
    "id": "192266STK",
    "title": "Unox Knaks Kip 400 g",
    "category": "Conserven, soepen, sauzen, oliën",
    "price": 3.5,
    "promoPrice": null,
    "pricePerUnit": "17.5 kg",
    "image": "https://www.jumbo.com/dam-images/fit-in/360x360/Products/27112024_1732677458148_1732677477915_192266_STK_08714100772911_C1N1.png",
    "available": true,
    "promoUntil": null
  },
  {
    "id": "476934FLS",
    "title": "Oliehoorn Mayonaise Vol & Romig 465 ml",
    "category": "Conserven, soepen, sauzen, oliën",
    "price": 2.79,
    "promoPrice": null,
    "pricePerUnit": "6.0 l",
    "image": "https://www.jumbo.com/dam-images/fit-in/360x360/Products/10082023_1691677979601_1691677987346_8713277158887_1.png",
    "available": true,
    "promoUntil": null
  },
  {
    "id": "548900BLK",
    "title": "Jumbo Roze Zalm 200 g",
    "category": "Conserven, soepen, sauzen, oliën",
    "price": 2.99,
    "promoPrice": null,
    "pricePerUnit": "23.92 kg",
    "image": "https://www.jumbo.com/dam-images/fit-in/360x360/Products/14022024_1707873373964_1707873389130_8718452710317_1.png",
    "available": true,
    "promoUntil": null
  },
  {
    "id": "161391DS",
    "title": "Nescafé Gold Typ Espresso 25 x 1,8 g",
    "category": "Koffie en thee",
    "price": 3.99,
    "promoPrice": null,
    "pricePerUnit": "0.16 pieces",
    "image": "https://www.jumbo.com/dam-images/fit-in/360x360/Products/23092025_1758597828458_1758597834381_161391_DS_08715000020096_C1N1_s01.png",
    "available": true,
    "promoUntil": null
  },
  {
    "id": "557695ZK",
    "title": "Jordans The Original Crunchy Tropical Fruits Granola 500 g",
    "category": "Ontbijt, broodbeleg en bakproducten",
    "price": 3.46,
    "promoPrice": null,
    "pricePerUnit": "6.92 kg",
    "image": "https://www.jumbo.com/dam-images/fit-in/360x360/Products/04062025_1749033207772_1749033215846_5010477363558_1.png",
    "available": true,
    "promoUntil": null
  },
  {
    "id": "432251FLS",
    "title": "Aquarius Orange Daily Hydration 500 ml",
    "category": "Frisdrank en sappen",
    "price": 1.75,
    "promoPrice": null,
    "pricePerUnit": "3.5 l",
    "image": "https://www.jumbo.com/dam-images/fit-in/360x360/Products/24082023_1692839387818_1692839390873_432251_FLS_05000112648546_H1N1.png",
    "available": true,
    "promoUntil": null
  },
  {
    "id": "609526DS",
    "title": "Clipper Chamomile & Peach Organic Infusion 20 Zakjes 30 g",
    "category": "Koffie en thee",
    "price": 3.69,
    "promoPrice": null,
    "pricePerUnit": "0.18 pieces",
    "image": "https://www.jumbo.com/dam-images/fit-in/360x360/Products/06082025_1754443762042_1754443771965_609526_DS_05021991943232_C1N1.png",
    "available": true,
    "promoUntil": null
  },
  {
    "id": "432390FLS",
    "title": "Jumbo Direct van de Boerderij Volle Melk 1L",
    "category": "Zuivel, eieren, boter",
    "price": 1.99,
    "promoPrice": null,
    "pricePerUnit": "1.99 l",
    "image": "https://www.jumbo.com/dam-images/fit-in/360x360/Products/14022024_1707873571733_1707873580371_8718452752799_596.png",
    "available": true,
    "promoUntil": null
  },
  {
    "id": "160102POT",
    "title": "Zonnatura Biologische Fruitspread 75% Aardbei 250 g",
    "category": "Ontbijt, broodbeleg en bakproducten",
    "price": 4.45,
    "promoPrice": null,
    "pricePerUnit": "17.8 kg",
    "image": "https://www.jumbo.com/dam-images/fit-in/360x360/Products/05062025_1749089934440_1749089943654_160102_POT_08711812415730_H1N1.png",
    "available": true,
    "promoUntil": null
  },
  {
    "id": "380600PAK",
    "title": "Jumbo Amandeldrink Naturel 1 L",
    "category": "Zuivel, eieren, boter",
    "price": 1.49,
    "promoPrice": null,
    "pricePerUnit": "1.49 l",
    "image": "https://www.jumbo.com/dam-images/fit-in/360x360/Products/02062025_1748860407623_1748860417322_8718452876297_596.png",
    "available": true,
    "promoUntil": null
  },
  {
    "id": "603609CUP",
    "title": "Ísey Skyr Cherry - Chocolate 125 g",
    "category": "Zuivel, eieren, boter",
    "price": 1.69,
    "promoPrice": null,
    "pricePerUnit": "13.52 kg",
    "image": "https://www.jumbo.com/dam-images/fit-in/360x360/Products/11082025_1754901215491_1754901222300_5690845002205_596.png",
    "available": true,
    "promoUntil": null
  },
  {
    "id": "596715KGR",
    "title": "Jumbo Kip Drumsticks ca. 1 Kg",
    "category": "Vlees, vis en vega",
    "price": 6.5,
    "promoPrice": null,
    "pricePerUnit": "6.19 kg",
    "image": "https://www.jumbo.com/dam-images/fit-in/360x360/Products/21032025_1742571168604_1742571176033_2378588000000_1.png",
    "available": true,
    "promoUntil": null
  },
  {
    "id": "82454FLS",
    "title": "Yildriz Noorse Mosterd Dille Saus  265ml",
    "category": "Conserven, soepen, sauzen, oliën",
    "price": 2.96,
    "promoPrice": null,
    "pricePerUnit": "11.17 l",
    "image": "https://www.jumbo.com/dam-images/fit-in/360x360/Products/09082023_1691588185378_1691588229759_8717903962459_1.png",
    "available": true,
    "promoUntil": null
  },
  {
    "id": "196776BKR",
    "title": "Arla Biologisch Skyr Naturel 450 g",
    "category": "Zuivel, eieren, boter",
    "price": 2.59,
    "promoPrice": null,
    "pricePerUnit": "5.76 kg",
    "image": "https://www.jumbo.com/dam-images/fit-in/360x360/Products/12052025_1747038794983_1747038800165_8718166007666_1.png",
    "available": true,
    "promoUntil": null
  },
  {
    "id": "644467POT",
    "title": "Jumbo's Extra Jam Framboos 430 g",
    "category": "Ontbijt, broodbeleg en bakproducten",
    "price": 1.89,
    "promoPrice": null,
    "pricePerUnit": "4.4 kg",
    "image": "https://www.jumbo.com/dam-images/fit-in/360x360/Products/10122024_1733830368640_1733830376193_8718452811410_1.png",
    "available": true,
    "promoUntil": null
  },
  {
    "id": "523342FLS",
    "title": "Roosvicee Fruitkracht Ferro Siroop, 500 ml",
    "category": "Ontbijt, broodbeleg en bakproducten",
    "price": 3.75,
    "promoPrice": null,
    "pricePerUnit": "7.5 l",
    "image": "https://www.jumbo.com/dam-images/fit-in/360x360/Products/04072025_1751595259497_1751595265243_523342_FLS_08710395942466_H1N1.png",
    "available": true,
    "promoUntil": null
  },
  {
    "id": "198349BLK",
    "title": "Unox Ragout Kip 400 g",
    "category": "Conserven, soepen, sauzen, oliën",
    "price": 2.47,
    "promoPrice": null,
    "pricePerUnit": "6.18 kg",
    "image": "https://www.jumbo.com/dam-images/fit-in/360x360/Products/15082025_1755224973563_1755224994482_198349_BLK_08712100379536_H1N1.png",
    "available": true,
    "promoUntil": null
  },
  {
    "id": "477403FLS",
    "title": "Oliehoorn Brander Mayonaise met Mosterd en Peper 750 ml",
    "category": "Conserven, soepen, sauzen, oliën",
    "price": 4.49,
    "promoPrice": null,
    "pricePerUnit": "5.99 l",
    "image": "https://www.jumbo.com/dam-images/fit-in/360x360/Products/14082025_1755136953039_1755136957870_477403_FLS_08713277730212_C1N1.png",
    "available": true,
    "promoUntil": null
  },
  {
    "id": "686545DS",
    "title": "Jumbo Mueslireep Hazelnoot 6 Stuks",
    "category": "Ontbijt, broodbeleg en bakproducten",
    "price": 1.48,
    "promoPrice": null,
    "pricePerUnit": "9.87 kg",
    "image": "https://www.jumbo.com/dam-images/fit-in/360x360/Products/22042025_1745335948914_1745335975307_8718452887217_596.png",
    "available": true,
    "promoUntil": null
  },
  {
    "id": "672537DS",
    "title": "Choca Vlokken 200g",
    "category": "Ontbijt, broodbeleg en bakproducten",
    "price": 1.97,
    "promoPrice": null,
    "pricePerUnit": "9.85 kg",
    "image": "https://www.jumbo.com/dam-images/fit-in/360x360/Products/09012025_1736426949863_1736426955729_672537_DS_08715700127965_H1N1.png",
    "available": true,
    "promoUntil": null
  },
  {
    "id": "199326BLK",
    "title": "John West Tonijnstukken in Water 145g",
    "category": "Conserven, soepen, sauzen, oliën",
    "price": 2.5,
    "promoPrice": null,
    "pricePerUnit": "24.51 kg",
    "image": "https://www.jumbo.com/dam-images/fit-in/360x360/Products/18092024_1726628971158_1726628978335_199326_BLK_05000171061911_C1N1.png",
    "available": true,
    "promoUntil": null
  },
  {
    "id": "514963TRA",
    "title": "Jumbo Kip Boomstam 2 Stuks",
    "category": "Vlees, vis en vega",
    "price": 3.0,
    "promoPrice": null,
    "pricePerUnit": "15.0 kg",
    "image": "https://www.jumbo.com/dam-images/fit-in/360x360/Products/04072025_1751617992967_1751617997470_8718452688265_1.png",
    "available": true,
    "promoUntil": null
  },
  {
    "id": "596858KGR",
    "title": "Jumbo Gerookte Kipfilet Voorgegaard 1 Stuk",
    "category": "Vlees, vis en vega",
    "price": 3.95,
    "promoPrice": null,
    "pricePerUnit": "21.95 kg",
    "image": "https://www.jumbo.com/dam-images/fit-in/360x360/Products/05112024_1730820973015_1730820989331_2379216000000_1.png",
    "available": true,
    "promoUntil": null
  },
  {
    "id": "391457DS",
    "title": "Unox Cup-a-Soup Hongaarse Goulash 3 x 175ml",
    "category": "Conserven, soepen, sauzen, oliën",
    "price": 2.09,
    "promoPrice": null,
    "pricePerUnit": "43.54 kg",
    "image": "https://www.jumbo.com/dam-images/fit-in/360x360/Products/28092023_1695863972974_1695864014726_391457_DS_08710522778777_C1N1.png",
    "available": true,
    "promoUntil": null
  },
  {
    "id": "358685ZK",
    "title": "Unox Good Noodles Groente 70 g",
    "category": "Conserven, soepen, sauzen, oliën",
    "price": 1.15,
    "promoPrice": null,
    "pricePerUnit": "16.43 kg",
    "image": "https://www.jumbo.com/dam-images/fit-in/360x360/Products/08062025_1749348304787_1749348341085_358685_ZK_08720182874481_H1N1.png",
    "available": true,
    "promoUntil": null
  },
  {
    "id": "86935KST",
    "title": "Alpro Amandeldrink Houdbaar 1L",
    "category": "Zuivel, eieren, boter",
    "price": 3.19,
    "promoPrice": null,
    "pricePerUnit": "3.19 l",
    "image": "https://www.jumbo.com/dam-images/fit-in/360x360/Products/14022024_1707872837946_1707872841812_5411188110835_1.png",
    "available": true,
    "promoUntil": null
  },
  {
    "id": "699256POT",
    "title": "Lindahls Protein Mango-Passievruchtsmaak 450 g",
    "category": "Zuivel, eieren, boter",
    "price": 2.79,
    "promoPrice": null,
    "pricePerUnit": "6.2 kg",
    "image": "https://www.jumbo.com/dam-images/fit-in/360x360/Products/16072025_1752680048267_1752680051591_3023290095126_1.png",
    "available": true,
    "promoUntil": null
  },
  {
    "id": "10759DS",
    "title": "Pickwick Rooibos Citrus 20 x 1,5 g",
    "category": "Koffie en thee",
    "price": 1.99,
    "promoPrice": null,
    "pricePerUnit": "0.1 pieces",
    "image": "https://www.jumbo.com/dam-images/fit-in/360x360/Products/02042025_1743554030988_1743554041162_8711000245057_1.png",
    "available": true,
    "promoUntil": null
  },
  {
    "id": "444831POT",
    "title": "Calvé Pindakaas 100% Stukjes Pinda 600 g",
    "category": "Ontbijt, broodbeleg en bakproducten",
    "price": 6.33,
    "promoPrice": null,
    "pricePerUnit": "10.55 kg",
    "image": "https://www.jumbo.com/dam-images/fit-in/360x360/Products/22082025_1755829102249_1755829136250_444831_POT_08720182161970_H1N1.png",
    "available": true,
    "promoUntil": null
  },
  {
    "id": "305324BLK",
    "title": "John West Wilde Roze Zalm 418g",
    "category": "Conserven, soepen, sauzen, oliën",
    "price": 6.72,
    "promoPrice": null,
    "pricePerUnit": "16.08 kg",
    "image": "https://www.jumbo.com/dam-images/fit-in/360x360/Products/24052025_1748050251845_1748050267161_305324_BLK_05000171059499_C1N1.png",
    "available": true,
    "promoUntil": null
  },
  {
    "id": "527063PAK",
    "title": "Campina Vla Hopjes Smaak 500 ml",
    "category": "Zuivel, eieren, boter",
    "price": 1.49,
    "promoPrice": null,
    "pricePerUnit": "2.98 l",
    "image": "https://www.jumbo.com/dam-images/fit-in/360x360/Products/04102024_1728008221606_1728008231354_527063_PAK_08712800000716_H1N1.png",
    "available": true,
    "promoUntil": null
  },
  {
    "id": "173676ZK",
    "title": "Wasa Goudbruin 245 g",
    "category": "Ontbijt, broodbeleg en bakproducten",
    "price": 1.5,
    "promoPrice": null,
    "pricePerUnit": "6.12 kg",
    "image": "https://www.jumbo.com/dam-images/fit-in/360x360/Products/02092025_1756778489114_1756778493046_173676_ZK_07300400481717_C1N1.png",
    "available": true,
    "promoUntil": null
  },
  {
    "id": "377343ZK",
    "title": "Jumbo Gedroogde Pruimen Zonder Pit 250 g",
    "category": "Ontbijt, broodbeleg en bakproducten",
    "price": 2.49,
    "promoPrice": null,
    "pricePerUnit": "9.96 kg",
    "image": "https://www.jumbo.com/dam-images/fit-in/360x360/Products/09082023_1691587590608_1691587602097_8718452469338_1.png",
    "available": true,
    "promoUntil": null
  },
  {
    "id": "87861BAK",
    "title": "Jumbo Gemengd Gehakt Gekruid 500 g",
    "category": "Vlees, vis en vega",
    "price": 5.99,
    "promoPrice": null,
    "pricePerUnit": "11.98 kg",
    "image": "https://www.jumbo.com/dam-images/fit-in/360x360/Products/21112024_1732217599802_1732217606061_8718452864614_1.png",
    "available": true,
    "promoUntil": null
  },
  {
    "id": "581965KGR",
    "title": "Jumbo Hele Kip 1 Stuk ca. 1500 g",
    "category": "Vlees, vis en vega",
    "price": 12.43,
    "promoPrice": null,
    "pricePerUnit": "8.29 kg",
    "image": "https://www.jumbo.com/dam-images/fit-in/360x360/Products/05112024_1730817307355_1730817315186_2348624000000_1.png",
    "available": true,
    "promoUntil": null
  },
  {
    "id": "128202DSL",
    "title": "Nescafé Dolce Gusto Caffe Lungo Intenso - 3 x 16 koffiecups",
    "category": "Koffie en thee",
    "price": 17.97,
    "promoPrice": null,
    "pricePerUnit": "0.37 pieces",
    "image": "https://www.jumbo.com/dam-images/fit-in/360x360/Products/128202DSL-1692362653130.png",
    "available": true,
    "promoUntil": null
  },
  {
    "id": "578697STK",
    "title": "Ísey Skyr Gebakken Appel 170g",
    "category": "Zuivel, eieren, boter",
    "price": 1.89,
    "promoPrice": null,
    "pricePerUnit": "11.12 kg",
    "image": "https://www.jumbo.com/dam-images/fit-in/360x360/Products/30072025_1753889672648_1753889691662_5690527993302_596.png",
    "available": true,
    "promoUntil": null
  },
  {
    "id": "161814FLS",
    "title": "Go-Tan Sriracha 215ml",
    "category": "Conserven, soepen, sauzen, oliën",
    "price": 2.69,
    "promoPrice": null,
    "pricePerUnit": "12.51 l",
    "image": "https://www.jumbo.com/dam-images/fit-in/360x360/Products/04062024_1717463711712_1717463716561_161814_FLS_08710605030051_C1N1.png",
    "available": true,
    "promoUntil": null
  },
  {
    "id": "674156ZK",
    "title": "Jumbo Chiazaad Zwart 250 g",
    "category": "Ontbijt, broodbeleg en bakproducten",
    "price": 3.19,
    "promoPrice": null,
    "pricePerUnit": "12.76 kg",
    "image": "https://www.jumbo.com/dam-images/fit-in/360x360/Products/14042025_1744644770304_1744644776911_8718452870745_1.png",
    "available": true,
    "promoUntil": null
  },
  {
    "id": "658710FLS",
    "title": "Jumbo Biologisch Dressing Crema di Balsamico 250ML",
    "category": "Conserven, soepen, sauzen, oliën",
    "price": 3.49,
    "promoPrice": null,
    "pricePerUnit": "13.96 l",
    "image": "https://www.jumbo.com/dam-images/fit-in/360x360/Products/28112024_1732807997048_1732808001578_8718452839667_1.png",
    "available": true,
    "promoUntil": null
  },
  {
    "id": "674368ZK",
    "title": "Jumbo's Pastasaus 5 Kazen 250 g",
    "category": "Conserven, soepen, sauzen, oliën",
    "price": 2.69,
    "promoPrice": null,
    "pricePerUnit": "10.76 kg",
    "image": "https://www.jumbo.com/dam-images/fit-in/360x360/Products/21032025_1742571169624_1742571175231_8718452888511_1.png",
    "available": true,
    "promoUntil": null
  },
  {
    "id": "577350BKR",
    "title": "Douwe Egberts Ice Cappuccino Ijskoffie 230 ml",
    "category": "Zuivel, eieren, boter",
    "price": 1.59,
    "promoPrice": 1.0,
    "pricePerUnit": "4.35 l",
    "image": "https://www.jumbo.com/dam-images/fit-in/360x360/Products/14022024_1707872894797_1707872900829_8711000870198_1.png",
    "available": true,
    "promoUntil": "di 30 sep"
  },
  {
    "id": "483729ZK",
    "title": "Jumbo Pompoenpitten Biologisch 500 g",
    "category": "Ontbijt, broodbeleg en bakproducten",
    "price": 6.01,
    "promoPrice": null,
    "pricePerUnit": "12.02 kg",
    "image": "https://www.jumbo.com/dam-images/fit-in/360x360/Products/10082023_1691676436221_1691676452281_8718452617753_1.png",
    "available": true,
    "promoUntil": null
  },
  {
    "id": "517385BLK",
    "title": "Jumbo Kippensoep 300ML",
    "category": "Conserven, soepen, sauzen, oliën",
    "price": 0.89,
    "promoPrice": null,
    "pricePerUnit": "2.97 l",
    "image": "https://www.jumbo.com/dam-images/fit-in/360x360/Products/30072025_1753886059531_1753886082372_8718452730957_596.png",
    "available": true,
    "promoUntil": null
  },
  {
    "id": "673145FLS",
    "title": "Jumbo Dressing Yoghurt 450ML",
    "category": "Conserven, soepen, sauzen, oliën",
    "price": 1.85,
    "promoPrice": null,
    "pricePerUnit": "4.11 l",
    "image": "https://www.jumbo.com/dam-images/fit-in/360x360/Products/17042025_1744878791208_1744878795718_8718452895564_1.png",
    "available": true,
    "promoUntil": null
  },
  {
    "id": "385527POT",
    "title": "Jumbo Gebroken Sperziebonen 340g",
    "category": "Conserven, soepen, sauzen, oliën",
    "price": 0.79,
    "promoPrice": null,
    "pricePerUnit": "4.27 kg",
    "image": "https://www.jumbo.com/dam-images/fit-in/360x360/Products/08052024_1715182453204_1715182459594_8718452764549_1.png",
    "available": true,
    "promoUntil": null
  },
  {
    "id": "672252EM",
    "title": "De Uitstovers Traditionele Stoofperen 400 g",
    "category": "Conserven, soepen, sauzen, oliën",
    "price": 3.39,
    "promoPrice": null,
    "pricePerUnit": "8.48 kg",
    "image": "https://www.jumbo.com/dam-images/fit-in/360x360/Products/07012025_1736263717654_1736263723492_672252_EM_08716018001121_C1N1.png",
    "available": true,
    "promoUntil": null
  },
  {
    "id": "454429FLS",
    "title": "Taylor & Colledge biologisch Bourbon-vanille-extract 50 ml",
    "category": "Ontbijt, broodbeleg en bakproducten",
    "price": 5.82,
    "promoPrice": null,
    "pricePerUnit": "116.4 l",
    "image": "https://www.jumbo.com/dam-images/fit-in/360x360/Products/17042025_1744856765953_1744856770284_454429_FLS_08710466314024_C1N1_s01.png",
    "available": true,
    "promoUntil": null
  },
  {
    "id": "708565FLS",
    "title": "Carbonell extra vierge olijfolie",
    "category": "Conserven, soepen, sauzen, oliën",
    "price": 12.59,
    "promoPrice": null,
    "pricePerUnit": "12.59 l",
    "image": "https://www.jumbo.com/dam-images/fit-in/360x360/Products/11092025_1757588654673_1757588661570_8410010283003_596.png",
    "available": true,
    "promoUntil": null
  },
  {
    "id": "707511CUP",
    "title": "Arla Skyr Peach & Passionfruit 450 g",
    "category": "Zuivel, eieren, boter",
    "price": 2.19,
    "promoPrice": null,
    "pricePerUnit": "4.87 kg",
    "image": "https://www.jumbo.com/dam-images/fit-in/360x360/Products/01072025_1751394790561_1751394796515_4016241050991_1.png",
    "available": true,
    "promoUntil": null
  },
  {
    "id": "493508ZK",
    "title": "Holie's Granola Nuts & Seeds Hazelnuts, Almonds & Pecans 350g",
    "category": "Ontbijt, broodbeleg en bakproducten",
    "price": 3.95,
    "promoPrice": null,
    "pricePerUnit": "11.29 kg",
    "image": "https://www.jumbo.com/dam-images/fit-in/360x360/Products/05032025_1741140194289_1741140202254_493508_ZK_08719327044353_C1N1.png",
    "available": true,
    "promoUntil": null
  },
  {
    "id": "691127DS",
    "title": "Jumbo's Lungo Intenso Koffiecups 16 Stuks",
    "category": "Koffie en thee",
    "price": 5.67,
    "promoPrice": null,
    "pricePerUnit": "0.35 pieces",
    "image": "https://www.jumbo.com/dam-images/fit-in/360x360/Products/07072025_1751902636584_1751902644453_8718452905126_1.png",
    "available": true,
    "promoUntil": null
  },
  {
    "id": "295218ZK",
    "title": "Jumbo Lekker Vrij van Gluten Havermout 450 g",
    "category": "Ontbijt, broodbeleg en bakproducten",
    "price": 2.62,
    "promoPrice": null,
    "pricePerUnit": "5.82 kg",
    "image": "https://www.jumbo.com/dam-images/fit-in/360x360/Products/11032025_1741710792239_1741710800235_8718452410088_1.png",
    "available": true,
    "promoUntil": null
  },
  {
    "id": "180613DS",
    "title": "Dr. Oetker Kloppudding Aardbeien 74 g",
    "category": "Ontbijt, broodbeleg en bakproducten",
    "price": 0.99,
    "promoPrice": null,
    "pricePerUnit": "13.38 kg",
    "image": "https://www.jumbo.com/dam-images/fit-in/360x360/Products/17042025_1744861786521_1744861791771_180613_DS_08710466276827_C1N1_s01.png",
    "available": true,
    "promoUntil": null
  },
  {
    "id": "665883FLS",
    "title": "Jumbo Olijf Culinair voor Bakken, Koken en Roerbakken 500 ml",
    "category": "Zuivel, eieren, boter",
    "price": 2.5,
    "promoPrice": null,
    "pricePerUnit": "5.0 l",
    "image": "https://www.jumbo.com/dam-images/fit-in/360x360/Products/27062025_1751023968006_1751023972203_8718452880713_1.png",
    "available": true,
    "promoUntil": null
  },
  {
    "id": "679082TRA",
    "title": "Jumbo Spekblokjes Mager 250g",
    "category": "Vlees, vis en vega",
    "price": 4.45,
    "promoPrice": null,
    "pricePerUnit": "17.8 kg",
    "image": "https://www.jumbo.com/dam-images/fit-in/360x360/Products/12122024_1734021200744_1734021207979_8718452543410_1.png",
    "available": true,
    "promoUntil": null
  },
  {
    "id": "692591PAK",
    "title": "Jumbo Biologische Maïs Korrels 400 g",
    "category": "Conserven, soepen, sauzen, oliën",
    "price": 1.49,
    "promoPrice": null,
    "pricePerUnit": "3.82 l",
    "image": "https://www.jumbo.com/dam-images/fit-in/360x360/Products/03062025_1748943149390_1748943164258_8718452878024_596.png",
    "available": true,
    "promoUntil": null
  },
  {
    "id": "599251PAK",
    "title": "Hak Mais 390 g",
    "category": "Conserven, soepen, sauzen, oliën",
    "price": 1.79,
    "promoPrice": null,
    "pricePerUnit": "7.16 kg",
    "image": "https://www.jumbo.com/dam-images/fit-in/360x360/Products/28032024_1711648868408_1711648877016_8720600663840_596.png",
    "available": true,
    "promoUntil": null
  },
  {
    "id": "619616CUP",
    "title": "Zuivelhoeve Boer'n Hopjesvla 450g",
    "category": "Zuivel, eieren, boter",
    "price": 1.99,
    "promoPrice": null,
    "pricePerUnit": "4.42 kg",
    "image": "https://www.jumbo.com/dam-images/fit-in/360x360/Products/19032024_1710816519537_1710816524913_619616_CUP_08711399023694_C1N1.png",
    "available": true,
    "promoUntil": null
  },
  {
    "id": "432954STK",
    "title": "Dr. Oetker Backin Bakpoeder 16 g",
    "category": "Ontbijt, broodbeleg en bakproducten",
    "price": 0.89,
    "promoPrice": null,
    "pricePerUnit": "11.13 kg",
    "image": "https://www.jumbo.com/dam-images/fit-in/360x360/Products/17042025_1744857206941_1744857215143_432954_STK_05410231103404_C1N1_s04.png",
    "available": true,
    "promoUntil": null
  },
  {
    "id": "575266ZK",
    "title": "Unox Extra Rijkgevuld Soep In Zak Bruine Bonen 570 ml",
    "category": "Conserven, soepen, sauzen, oliën",
    "price": 4.69,
    "promoPrice": null,
    "pricePerUnit": "8.23 l",
    "image": "https://www.jumbo.com/dam-images/fit-in/360x360/Products/29032025_1743218994924_1743219013244_575266_ZK_08720182659910_C1N1.png",
    "available": true,
    "promoUntil": null
  },
  {
    "id": "420844FLS",
    "title": "Calvé Knijpfles De Echte Mayonaise 430 ml",
    "category": "Conserven, soepen, sauzen, oliën",
    "price": 3.25,
    "promoPrice": 2.43,
    "pricePerUnit": "5.65 l",
    "image": "https://www.jumbo.com/dam-images/fit-in/360x360/Products/19082025_1755568107599_1755568157544_420844_FLS_08720182771100_H1N1.png",
    "available": true,
    "promoUntil": "di 30 sep"
  },
  {
    "id": "622897FLS",
    "title": "Jumbo Whisky Cocktail Saus 300 ml",
    "category": "Conserven, soepen, sauzen, oliën",
    "price": 1.35,
    "promoPrice": null,
    "pricePerUnit": "4.5 l",
    "image": "https://www.jumbo.com/dam-images/fit-in/360x360/Products/31052024_1717151660906_1717151664209_8718452804955_1.png",
    "available": true,
    "promoUntil": null
  },
  {
    "id": "610242DS",
    "title": "HomeMade Complete Mix voor Muffins 275 g",
    "category": "Ontbijt, broodbeleg en bakproducten",
    "price": 2.45,
    "promoPrice": null,
    "pricePerUnit": "8.91 kg",
    "image": "https://www.jumbo.com/dam-images/fit-in/360x360/Products/25032024_1711381816766_1711381830706_8719678030869_1.png",
    "available": true,
    "promoUntil": null
  },
  {
    "id": "620994TRA",
    "title": "Jumbo BBQ Speklap Smokey 2 Stuks",
    "category": "Vlees, vis en vega",
    "price": 3.0,
    "promoPrice": null,
    "pricePerUnit": "15.0 kg",
    "image": "https://www.jumbo.com/dam-images/fit-in/360x360/Products/07022025_1738956792864_1738956804598_8718452811519_1.png",
    "available": true,
    "promoUntil": null
  },
  {
    "id": "305325BLK",
    "title": "John West Wilde Roze Zalm Zonder Vel en Graat 170g",
    "category": "Conserven, soepen, sauzen, oliën",
    "price": 6.62,
    "promoPrice": null,
    "pricePerUnit": "38.94 kg",
    "image": "https://www.jumbo.com/dam-images/fit-in/360x360/Products/16052025_1747360446932_1747360464818_305325_BLK_05000171059451_C1N1.png",
    "available": true,
    "promoUntil": null
  },
  {
    "id": "619650TRA",
    "title": "Muscle Meat High Protein Meals Rundergehakt Taco Mezze Penne - Ratatouille Spieropbouw 450 g",
    "category": "Ontbijt, broodbeleg en bakproducten",
    "price": 6.79,
    "promoPrice": null,
    "pricePerUnit": "15.09 kg",
    "image": "https://www.jumbo.com/dam-images/fit-in/360x360/Products/05092025_1757064774858_1757064783192_8721008247038_1.png",
    "available": true,
    "promoUntil": null
  },
  {
    "id": "565896FLS",
    "title": "Blue Band Finesse voor koken",
    "category": "Zuivel, eieren, boter",
    "price": 1.49,
    "promoPrice": null,
    "pricePerUnit": "5.96 l",
    "image": "https://www.jumbo.com/dam-images/fit-in/360x360/Products/02042025_1743586390139_1743586393826_8719200067578_1.png",
    "available": true,
    "promoUntil": null
  },
  {
    "id": "687051DS",
    "title": "Jumbo Honing Rings 500 g",
    "category": "Ontbijt, broodbeleg en bakproducten",
    "price": 1.59,
    "promoPrice": null,
    "pricePerUnit": "3.18 kg",
    "image": "https://www.jumbo.com/dam-images/fit-in/360x360/Products/08052025_1746714771705_1746714788115_8718452913589_596.png",
    "available": true,
    "promoUntil": null
  },
  {
    "id": "521380DS",
    "title": "Honig Basis voor Indiase Kerriesoep 108 g",
    "category": "Conserven, soepen, sauzen, oliën",
    "price": 1.99,
    "promoPrice": null,
    "pricePerUnit": "18.43 kg",
    "image": "https://www.jumbo.com/dam-images/fit-in/360x360/Products/22082024_1724290973275_1724290982498_521380_DS_08714700170612_H1N1.png",
    "available": true,
    "promoUntil": null
  },
  {
    "id": "227462POT",
    "title": "Jumbo Witte Bonen in Tomatensaus 340 g",
    "category": "Conserven, soepen, sauzen, oliën",
    "price": 0.67,
    "promoPrice": null,
    "pricePerUnit": "1.97 kg",
    "image": "https://www.jumbo.com/dam-images/fit-in/360x360/Products/29052024_1717000393541_1717000401448_8718452835966_1.png",
    "available": true,
    "promoUntil": null
  },
  {
    "id": "560630DS",
    "title": "Caffè Perrucci Cappuccino 170,4 g",
    "category": "Koffie en thee",
    "price": 3.99,
    "promoPrice": null,
    "pricePerUnit": "0.25 pieces",
    "image": "https://www.jumbo.com/dam-images/fit-in/360x360/Products/09082023_1691593427557_1691593442273_8720938111013_1.png",
    "available": true,
    "promoUntil": null
  },
  {
    "id": "638128ZK",
    "title": "Jumbo Biologisch Volkoren Havervlokken 500 g",
    "category": "Ontbijt, broodbeleg en bakproducten",
    "price": 1.08,
    "promoPrice": null,
    "pricePerUnit": "2.16 kg",
    "image": "https://www.jumbo.com/dam-images/fit-in/360x360/Products/13092024_1726245199698_1726245208818_8718452842223_1.png",
    "available": true,
    "promoUntil": null
  },
  {
    "id": "82846POT",
    "title": "Remia Tosti Quick saus 350ml",
    "category": "Ontbijt, broodbeleg en bakproducten",
    "price": 1.97,
    "promoPrice": null,
    "pricePerUnit": "5.63 l",
    "image": "https://www.jumbo.com/dam-images/fit-in/360x360/Products/08122023_1702007207136_1702007219529_82846_POT_08710448695103_C1N1.png",
    "available": true,
    "promoUntil": null
  },
  {
    "id": "144277DSL",
    "title": "Alpro Sojadrink Chocolade Smaak Houdbaar 4 x 1L",
    "category": "Zuivel, eieren, boter",
    "price": 11.16,
    "promoPrice": null,
    "pricePerUnit": "2.79 l",
    "image": "https://www.jumbo.com/dam-images/fit-in/360x360/Products/144277DSL4packAlproSojadrinkChocolade92dd192d-ea46-48d2-a20d-ee223e594129-1692960585377.png",
    "available": true,
    "promoUntil": null
  },
  {
    "id": "191901DSL",
    "title": "L'OR Espresso Lungo Profondo Gemalen Koffie 20 Stuks 104 g",
    "category": "Koffie en thee",
    "price": 77.9,
    "promoPrice": null,
    "pricePerUnit": "0.39 pieces",
    "image": "https://www.jumbo.com/dam-images/fit-in/360x360/Products/8711000360330e34c804c-076b-4082-9651-61c037bf9b65-1751886355698.png",
    "available": true,
    "promoUntil": null
  },
  {
    "id": "160097POT",
    "title": "Zonnatura Biologische Groente Spread Spinazie 135 g",
    "category": "Ontbijt, broodbeleg en bakproducten",
    "price": 2.96,
    "promoPrice": null,
    "pricePerUnit": "21.93 kg",
    "image": "https://www.jumbo.com/dam-images/fit-in/360x360/Products/28072025_1753713236371_1753713246927_8711812422882_596.png",
    "available": true,
    "promoUntil": null
  },
  {
    "id": "682376KGR",
    "title": "Jumbo Zalmfilet Zonder Huid Naturel ca. 450 g",
    "category": "Vlees, vis en vega",
    "price": 13.36,
    "promoPrice": null,
    "pricePerUnit": "29.69 kg",
    "image": "https://www.jumbo.com/dam-images/fit-in/360x360/Products/02042025_1743604411579_1743604418457_2348803000000_1.png",
    "available": true,
    "promoUntil": null
  },
  {
    "id": "578378CUP",
    "title": "Neuburger Coupe Danube Chocoladesmaak 200 g",
    "category": "Zuivel, eieren, boter",
    "price": 0.34,
    "promoPrice": null,
    "pricePerUnit": "1.7 kg",
    "image": "https://www.jumbo.com/dam-images/fit-in/360x360/Products/18042025_1744942092142_1744942101400_578378_CUP_00000040365671_C1N1.png",
    "available": true,
    "promoUntil": null
  },
  {
    "id": "677374CUP",
    "title": "Jumbo Cookie Gelato 75 g - Bevat Alcohol",
    "category": "Zuivel, eieren, boter",
    "price": 1.39,
    "promoPrice": null,
    "pricePerUnit": "18.53 kg",
    "image": "https://www.jumbo.com/dam-images/fit-in/360x360/Products/31032025_1743427966649_1743427974540_87333985_1.png",
    "available": true,
    "promoUntil": null
  },
  {
    "id": "306000DS",
    "title": "Jumbo Spices Zoethout 20 Stuks",
    "category": "Koffie en thee",
    "price": 1.05,
    "promoPrice": null,
    "pricePerUnit": "0.05 pieces",
    "image": "https://www.jumbo.com/dam-images/fit-in/360x360/Products/09082023_1691586622479_1691586633945_8718452402793_1.png",
    "available": true,
    "promoUntil": null
  },
  {
    "id": "101281DS",
    "title": "Pickwick Spices Zoethout Zwarte Thee 20 Stuks",
    "category": "Koffie en thee",
    "price": 2.17,
    "promoPrice": null,
    "pricePerUnit": "0.11 pieces",
    "image": "https://www.jumbo.com/dam-images/fit-in/360x360/Products/15082025_1755282780682_1755282787204_8711000018538_1.png",
    "available": true,
    "promoUntil": null
  },
  {
    "id": "358686DSL",
    "title": "Unox Good Noodles Cup Kip 8 x 65 g",
    "category": "Conserven, soepen, sauzen, oliën",
    "price": 16.72,
    "promoPrice": null,
    "pricePerUnit": "32.15 kg",
    "image": "https://www.jumbo.com/dam-images/fit-in/360x360/Products/872018285153620b7d174-13a9-4856-8fc4-4bacd0577e14-1743771612054.png",
    "available": true,
    "promoUntil": null
  },
  {
    "id": "432250FLS",
    "title": "Aquarius Lemon Daily Hydration 500 ml",
    "category": "Frisdrank en sappen",
    "price": 1.75,
    "promoPrice": null,
    "pricePerUnit": "3.5 l",
    "image": "https://www.jumbo.com/dam-images/fit-in/360x360/Products/24082023_1692839381903_1692839385327_432250_FLS_05000112648607_H1N1.png",
    "available": true,
    "promoUntil": null
  },
  {
    "id": "317450DS",
    "title": "Zonnatura Bio 100% Kamille 20 Zakjes 28 g",
    "category": "Koffie en thee",
    "price": 2.59,
    "promoPrice": null,
    "pricePerUnit": "0.13 pieces",
    "image": "https://www.jumbo.com/dam-images/fit-in/360x360/Products/15092025_1757943177509_1757943187852_8711812423025_596.png",
    "available": true,
    "promoUntil": null
  },
  {
    "id": "354418KGR",
    "title": "Jumbo Biefstuk Rund 2 Stuks ca. 300 g",
    "category": "Vlees, vis en vega",
    "price": 9.9,
    "promoPrice": null,
    "pricePerUnit": "32.99 kg",
    "image": "https://www.jumbo.com/dam-images/fit-in/360x360/Products/24092025_1758717259796_1758717265889_2333287000000_1.png",
    "available": true,
    "promoUntil": null
  },
  {
    "id": "681226STK",
    "title": "Jumbo Noorse Zalm Hout Gerookt 200 g",
    "category": "Vlees, vis en vega",
    "price": 7.99,
    "promoPrice": null,
    "pricePerUnit": "39.95 kg",
    "image": "https://www.jumbo.com/dam-images/fit-in/360x360/Products/10082023_1691677663738_1691677677353_8718452671304_1.png",
    "available": true,
    "promoUntil": null
  },
  {
    "id": "514567STK",
    "title": "Weetabix 430 g",
    "category": "Ontbijt, broodbeleg en bakproducten",
    "price": 4.35,
    "promoPrice": null,
    "pricePerUnit": "10.12 kg",
    "image": "https://www.jumbo.com/dam-images/fit-in/360x360/Products/08122023_1702007138846_1702007162921_514567_STK_05010029000023_C1N1.png",
    "available": true,
    "promoUntil": null
  },
  {
    "id": "577757TUB",
    "title": "Melkunie Breaker Originals Cherry Yoghurt with Sunflower Seeds 200 g",
    "category": "Zuivel, eieren, boter",
    "price": 1.59,
    "promoPrice": null,
    "pricePerUnit": "7.95 kg",
    "image": "https://www.jumbo.com/dam-images/fit-in/360x360/Products/12122024_1733995954644_1733995961990_8718166030862_1.png",
    "available": true,
    "promoUntil": null
  },
  {
    "id": "425240FLS",
    "title": "Remia American Fritessaus 500 ml",
    "category": "Conserven, soepen, sauzen, oliën",
    "price": 2.09,
    "promoPrice": null,
    "pricePerUnit": "4.18 l",
    "image": "https://www.jumbo.com/dam-images/fit-in/360x360/Products/20012025_1737339302088_1737339306243_425240_FLS_08710448636922_C1N1.png",
    "available": true,
    "promoUntil": null
  },
  {
    "id": "403878FLS",
    "title": "YFood Gebalanceerde Drinkmaaltijd Smooth Vanilla 500 ml",
    "category": "Zuivel, eieren, boter",
    "price": 4.39,
    "promoPrice": null,
    "pricePerUnit": "8.78 l",
    "image": "https://www.jumbo.com/dam-images/fit-in/360x360/Products/31052025_1748657802769_1748657804883_403878_FLS_04260556631738_C1N1.png",
    "available": true,
    "promoUntil": null
  },
  {
    "id": "480068DS",
    "title": "MAGGI Kub Or Bouillonblokjes voordeel 256g",
    "category": "Conserven, soepen, sauzen, oliën",
    "price": 3.19,
    "promoPrice": null,
    "pricePerUnit": "12.46 kg",
    "image": "https://www.jumbo.com/dam-images/fit-in/360x360/Products/15092025_1757954050418_1757954058417_8585002443670_1.png",
    "available": true,
    "promoUntil": null
  },
  {
    "id": "605387FLS",
    "title": "Bertolli Originale extra vierge olijfolie ",
    "category": "Conserven, soepen, sauzen, oliën",
    "price": 9.0,
    "promoPrice": null,
    "pricePerUnit": "18.0 l",
    "image": "https://www.jumbo.com/dam-images/fit-in/360x360/Products/22092025_1758540896535_1758540902515_8002470032378_596.png",
    "available": true,
    "promoUntil": null
  },
  {
    "id": "527093PAK",
    "title": "Campina Dubbelvla Chocolade Vanille Smaak 1 L",
    "category": "Zuivel, eieren, boter",
    "price": 2.49,
    "promoPrice": null,
    "pricePerUnit": "2.49 l",
    "image": "https://www.jumbo.com/dam-images/fit-in/360x360/Products/04102024_1728008866739_1728008879365_527093_PAK_08712800001348_H1N1.png",
    "available": true,
    "promoUntil": null
  },
  {
    "id": "560629DS",
    "title": "Caffè Perrucci Café au Lait 16 x 10 g",
    "category": "Koffie en thee",
    "price": 3.99,
    "promoPrice": null,
    "pricePerUnit": "0.25 pieces",
    "image": "https://www.jumbo.com/dam-images/fit-in/360x360/Products/09082023_1691593427519_1691593442459_8720938111020_1.png",
    "available": true,
    "promoUntil": null
  },
  {
    "id": "595833PAK",
    "title": "Kokosbrood 275 g",
    "category": "Ontbijt, broodbeleg en bakproducten",
    "price": 1.77,
    "promoPrice": null,
    "pricePerUnit": "6.44 kg",
    "image": "https://www.jumbo.com/dam-images/fit-in/360x360/Products/12122024_1734014962245_1734014968112_8710754202750_1.png",
    "available": true,
    "promoUntil": null
  },
  {
    "id": "568358CUP",
    "title": "Jumbo Biologische Kwarktoetjes Aardbei, Abrikoos, Banaan 6 Stuks",
    "category": "Zuivel, eieren, boter",
    "price": 1.45,
    "promoPrice": null,
    "pricePerUnit": "4.83 kg",
    "image": "https://www.jumbo.com/dam-images/fit-in/360x360/Products/05022025_1738769588613_1738769597245_8718452629268_1.png",
    "available": true,
    "promoUntil": null
  },
  {
    "id": "563039DS",
    "title": "Céréal Zonder Suikers Koekjes Sesam & Vanillesmaak 132 g",
    "category": "Ontbijt, broodbeleg en bakproducten",
    "price": 3.75,
    "promoPrice": null,
    "pricePerUnit": "28.41 kg",
    "image": "https://www.jumbo.com/dam-images/fit-in/360x360/Products/24052025_1748048725407_1748048728813_563039_DS_05410063024335_C1N1.png",
    "available": true,
    "promoUntil": null
  },
  {
    "id": "494075POT",
    "title": "Del Monte Ananasschijven op Sap 220 g",
    "category": "Conserven, soepen, sauzen, oliën",
    "price": 1.49,
    "promoPrice": null,
    "pricePerUnit": "10.64 kg",
    "image": "https://www.jumbo.com/dam-images/fit-in/360x360/Products/12122024_1734014422770_1734014428902_24000001669_1.png",
    "available": true,
    "promoUntil": null
  },
  {
    "id": "635510CUP",
    "title": "Jumbo High Protein Pudding Chocoladesmaak 200 g",
    "category": "Zuivel, eieren, boter",
    "price": 1.29,
    "promoPrice": null,
    "pricePerUnit": "6.45 kg",
    "image": "https://www.jumbo.com/dam-images/fit-in/360x360/Products/8718452838035T596e95bfb1a-582f-4d3d-a359-00aa87366dcb-1732809329867.png",
    "available": true,
    "promoUntil": null
  },
  {
    "id": "521108DS",
    "title": "Honig Maaltijdmix voor Juliennesoep 40 g",
    "category": "Conserven, soepen, sauzen, oliën",
    "price": 1.99,
    "promoPrice": null,
    "pricePerUnit": "49.75 kg",
    "image": "https://www.jumbo.com/dam-images/fit-in/360x360/Products/09052025_1746755891106_1746755904046_521108_DS_08714700170803_H1N1.png",
    "available": true,
    "promoUntil": null
  },
  {
    "id": "164990ZK",
    "title": "Conimex Soep in Zak Tom Kha Kai 570 ml",
    "category": "Conserven, soepen, sauzen, oliën",
    "price": 3.89,
    "promoPrice": null,
    "pricePerUnit": "6.82 l",
    "image": "https://www.jumbo.com/dam-images/fit-in/360x360/Products/08042025_1744081220194_1744081250340_164990_ZK_08712100807046_C1N1.png",
    "available": true,
    "promoUntil": null
  },
  {
    "id": "480462BLK",
    "title": "Unox Smac Worst Mager 250 g",
    "category": "Conserven, soepen, sauzen, oliën",
    "price": 3.75,
    "promoPrice": null,
    "pricePerUnit": "15.0 kg",
    "image": "https://www.jumbo.com/dam-images/fit-in/360x360/Products/15082025_1755227073437_1755227091228_480462_BLK_08720182301499_C1N1.png",
    "available": true,
    "promoUntil": null
  },
  {
    "id": "359572CUP",
    "title": "Unox Good Noodles Cup Groente 65 g",
    "category": "Conserven, soepen, sauzen, oliën",
    "price": 2.09,
    "promoPrice": null,
    "pricePerUnit": "32.15 kg",
    "image": "https://www.jumbo.com/dam-images/fit-in/360x360/Products/18072025_1752801818892_1752801877098_359572_CUP_08720182850027_H1N1.png",
    "available": true,
    "promoUntil": null
  },
  {
    "id": "505179DS",
    "title": "Clipper Classic Chai Organic Infusion 20 stuks 44g",
    "category": "Koffie en thee",
    "price": 3.69,
    "promoPrice": null,
    "pricePerUnit": "0.18 pieces",
    "image": "https://www.jumbo.com/dam-images/fit-in/360x360/Products/24042025_1745458609382_1745458617632_505179_DS_05021991943225_H1N1.png",
    "available": true,
    "promoUntil": null
  },
  {
    "id": "478256CUP",
    "title": "HiPRO Protein Skyr Stijl Vanille 450g",
    "category": "Zuivel, eieren, boter",
    "price": 2.99,
    "promoPrice": 2.24,
    "pricePerUnit": "4.98 kg",
    "image": "https://www.jumbo.com/dam-images/fit-in/360x360/Products/14022025_1739508716016_1739508718749_478256_CUP_08713788123541_H1N1.png",
    "available": true,
    "promoUntil": "di 7 okt"
  },
  {
    "id": "545962STK",
    "title": "Jumbo Oude Wijven Ontbijtkoek 350 g",
    "category": "Ontbijt, broodbeleg en bakproducten",
    "price": 1.89,
    "promoPrice": null,
    "pricePerUnit": "5.4 kg",
    "image": "https://www.jumbo.com/dam-images/fit-in/360x360/Products/14022024_1707872891872_1707872899936_8718452674046_1.png",
    "available": true,
    "promoUntil": null
  },
  {
    "id": "390388BLK",
    "title": "Unox Soep In Blik Stevige Erwtensoep 300 ml",
    "category": "Conserven, soepen, sauzen, oliën",
    "price": 1.99,
    "promoPrice": null,
    "pricePerUnit": "6.63 l",
    "image": "https://www.jumbo.com/dam-images/fit-in/360x360/Products/28112024_1732763414717_1732763453182_390388_BLK_08710522674635_C1N1.png",
    "available": true,
    "promoUntil": null
  },
  {
    "id": "408949PAK",
    "title": "Chocomel 0% Suiker Toegevoegd Voordeelpak 1,5 L",
    "category": "Zuivel, eieren, boter",
    "price": 3.65,
    "promoPrice": null,
    "pricePerUnit": "2.43 l",
    "image": "https://www.jumbo.com/dam-images/fit-in/360x360/Products/02082025_1754097990704_1754097998800_408949_PAK_08712800037385_C1N1.png",
    "available": true,
    "promoUntil": null
  },
  {
    "id": "391123CUP",
    "title": "Alpro Plantaardige Variatie Op Kwark Vanille Smaak 400g",
    "category": "Zuivel, eieren, boter",
    "price": 2.89,
    "promoPrice": null,
    "pricePerUnit": "7.23 kg",
    "image": "https://www.jumbo.com/dam-images/fit-in/360x360/Products/10072025_1752113253638_1752113260022_391123_CUP_05411188133414_C1N1.png",
    "available": true,
    "promoUntil": null
  },
  {
    "id": "110212POT",
    "title": "Kühne Gurken Viertel Zoetzuur 670 g",
    "category": "Conserven, soepen, sauzen, oliën",
    "price": 2.37,
    "promoPrice": null,
    "pricePerUnit": "6.58 kg",
    "image": "https://www.jumbo.com/dam-images/fit-in/360x360/Products/20092025_1758337640800_1758337653977_110212_POT_00000040198460_C1N1.png",
    "available": true,
    "promoUntil": null
  },
  {
    "id": "337552PAK",
    "title": "Pickwick Original Earl Grey 20 x 4 g",
    "category": "Koffie en thee",
    "price": 1.99,
    "promoPrice": null,
    "pricePerUnit": "0.1 pieces",
    "image": "https://www.jumbo.com/dam-images/fit-in/360x360/Products/02042025_1743554032442_1743554035247_8711000008119_1.png",
    "available": true,
    "promoUntil": null
  },
  {
    "id": "81166POT",
    "title": "Hak Veldertjes Jonge Kapucijners 685 g",
    "category": "Conserven, soepen, sauzen, oliën",
    "price": 3.49,
    "promoPrice": null,
    "pricePerUnit": "7.76 kg",
    "image": "https://www.jumbo.com/dam-images/fit-in/360x360/Products/10082023_1691677733608_1691677768298_8720600609985_1.png",
    "available": true,
    "promoUntil": null
  },
  {
    "id": "302972STK",
    "title": "Activia Yoghurt Granen 4 x 125 g",
    "category": "Zuivel, eieren, boter",
    "price": 2.99,
    "promoPrice": null,
    "pricePerUnit": "5.98 kg",
    "image": "https://www.jumbo.com/dam-images/fit-in/360x360/Products/25022025_1740455788728_1740455793473_302972_STK_08713788122742_C1N1.png",
    "available": true,
    "promoUntil": null
  },
  {
    "id": "681338TRA",
    "title": "Jumbo Vegetarische Kaasschnitzel 4 Stuks",
    "category": "Vlees, vis en vega",
    "price": 4.19,
    "promoPrice": null,
    "pricePerUnit": "10.48 kg",
    "image": "https://www.jumbo.com/dam-images/fit-in/360x360/Products/06032025_1741249973702_1741249984007_8718452742639_1.png",
    "available": true,
    "promoUntil": null
  },
  {
    "id": "515020BAK",
    "title": "Jumbo Kipfilethaasjes 300 g",
    "category": "Vlees, vis en vega",
    "price": 4.99,
    "promoPrice": null,
    "pricePerUnit": "16.63 kg",
    "image": "https://www.jumbo.com/dam-images/fit-in/360x360/Products/04072025_1751618004968_1751618009277_8718452688531_1.png",
    "available": true,
    "promoUntil": null
  },
  {
    "id": "198254BAK",
    "title": "Jumbo New York Style Burgers 2 Stuks",
    "category": "Vlees, vis en vega",
    "price": 3.99,
    "promoPrice": null,
    "pricePerUnit": "15.96 kg",
    "image": "https://www.jumbo.com/dam-images/fit-in/360x360/Products/26052025_1748251947003_1748251952515_8718452923052_1.png",
    "available": true,
    "promoUntil": null
  },
  {
    "id": "546642PAK",
    "title": "Oatly The Original No Sugar Haver 1 L",
    "category": "Zuivel, eieren, boter",
    "price": 2.89,
    "promoPrice": null,
    "pricePerUnit": "2.89 l",
    "image": "https://www.jumbo.com/dam-images/fit-in/360x360/Products/14072025_1752485585316_1752485590264_7394376620904_1.png",
    "available": true,
    "promoUntil": null
  },
  {
    "id": "550759FLS",
    "title": "Remia Tomaten Ketchup Zero Added Sugar 500 ml",
    "category": "Conserven, soepen, sauzen, oliën",
    "price": 2.59,
    "promoPrice": null,
    "pricePerUnit": "5.18 l",
    "image": "https://www.jumbo.com/dam-images/fit-in/360x360/Products/19012025_1737252376589_1737252379541_550759_FLS_08710448639190_C1N1.png",
    "available": true,
    "promoUntil": null
  },
  {
    "id": "414107FLS",
    "title": "Maggi Smaakverfijner 810 ml",
    "category": "Conserven, soepen, sauzen, oliën",
    "price": 5.89,
    "promoPrice": null,
    "pricePerUnit": "7.36 l",
    "image": "https://www.jumbo.com/dam-images/fit-in/360x360/Products/09042025_1744168878473_1744168883483_414107_FLS_08445291683112_C1N1_s01.png",
    "available": true,
    "promoUntil": null
  },
  {
    "id": "31679BAK",
    "title": "Mennel Fromage Frais Battu 3,2% Vet 1 kg",
    "category": "Zuivel, eieren, boter",
    "price": 2.59,
    "promoPrice": null,
    "pricePerUnit": "2.59 kg",
    "image": "https://www.jumbo.com/dam-images/fit-in/360x360/Products/15042025_1744723967728_1744723975285_3175241105009_1.png",
    "available": true,
    "promoUntil": null
  },
  {
    "id": "699351KGR",
    "title": "Jumbo Biefstuk 3 Stuks ca. 390 g\n",
    "category": "Vlees, vis en vega",
    "price": 11.11,
    "promoPrice": null,
    "pricePerUnit": "28.49 kg",
    "image": "https://www.jumbo.com/dam-images/fit-in/360x360/Products/24092025_1758717260426_1758717265283_2336172000000_1.png",
    "available": true,
    "promoUntil": null
  },
  {
    "id": "391076FLS",
    "title": "Inproba Sweet Chilli Saus 850 ml",
    "category": "Conserven, soepen, sauzen, oliën",
    "price": 1.69,
    "promoPrice": null,
    "pricePerUnit": "1.99 l",
    "image": "https://www.jumbo.com/dam-images/fit-in/360x360/Products/20122023_1703066330827_1703066334904_391076_FLS_08710518734428_C1N1.png",
    "available": true,
    "promoUntil": null
  },
  {
    "id": "312484POT",
    "title": "Jumbo Haricots Verts 660 g",
    "category": "Conserven, soepen, sauzen, oliën",
    "price": 3.58,
    "promoPrice": null,
    "pricePerUnit": "10.23 kg",
    "image": "https://www.jumbo.com/dam-images/fit-in/360x360/Products/05122023_1701794045388_1701794058112_8718452417674_1.png",
    "available": true,
    "promoUntil": null
  },
  {
    "id": "145206PAK",
    "title": "Bros Mousse Luchtige Melkchocolade met Chocoladesaus 4 x 59 g",
    "category": "Zuivel, eieren, boter",
    "price": 2.29,
    "promoPrice": null,
    "pricePerUnit": "9.7 kg",
    "image": "https://www.jumbo.com/dam-images/fit-in/360x360/Products/11042025_1744335839415_1744335847740_145206_PAK_03023290111680_C1N1.png",
    "available": true,
    "promoUntil": null
  },
  {
    "id": "623959DS",
    "title": "Jumbo Choco Chips Ontbijtgranen 500 g",
    "category": "Ontbijt, broodbeleg en bakproducten",
    "price": 1.59,
    "promoPrice": null,
    "pricePerUnit": "3.18 kg",
    "image": "https://www.jumbo.com/dam-images/fit-in/360x360/Products/16052024_1715866523133_1715866540031_8718452807352_596.png",
    "available": true,
    "promoUntil": null
  },
  {
    "id": "240368STK",
    "title": "Bolletje Goed Bezig! Cranberry 9 Stuks 210 g",
    "category": "Koek, snoep, chocolade en chips",
    "price": 2.15,
    "promoPrice": null,
    "pricePerUnit": "10.24 kg",
    "image": "https://www.jumbo.com/dam-images/fit-in/360x360/Products/01092025_1756733705750_1756733717935_8710482533829_1.png",
    "available": true,
    "promoUntil": null
  },
  {
    "id": "425242FLS",
    "title": "Remia Mosterdsaus 500 ml",
    "category": "Conserven, soepen, sauzen, oliën",
    "price": 2.39,
    "promoPrice": null,
    "pricePerUnit": "4.78 l",
    "image": "https://www.jumbo.com/dam-images/fit-in/360x360/Products/09082023_1691590098243_1691590177432_8710448636953_1.png",
    "available": true,
    "promoUntil": null
  },
  {
    "id": "79520POT",
    "title": "Hak Worteltjes 350 g",
    "category": "Conserven, soepen, sauzen, oliën",
    "price": 1.99,
    "promoPrice": null,
    "pricePerUnit": "9.26 kg",
    "image": "https://www.jumbo.com/dam-images/fit-in/360x360/Products/79520_8720600609046_1_T1_79520POT1691391975429.png",
    "available": true,
    "promoUntil": null
  },
  {
    "id": "645666DS",
    "title": "Nakd. Protein Caramel 3x45g",
    "category": "Ontbijt, broodbeleg en bakproducten",
    "price": 3.71,
    "promoPrice": null,
    "pricePerUnit": "27.48 kg",
    "image": "https://www.jumbo.com/dam-images/fit-in/360x360/Products/5060088700136017b6c9c-0de4-41b1-9692-a1a73a4262fc-1728031398677.png",
    "available": true,
    "promoUntil": null
  },
  {
    "id": "483732ZK",
    "title": "Jumbo Dadels Biologisch 500 g",
    "category": "Ontbijt, broodbeleg en bakproducten",
    "price": 4.95,
    "promoPrice": null,
    "pricePerUnit": "9.9 kg",
    "image": "https://www.jumbo.com/dam-images/fit-in/360x360/Products/10082023_1691676436396_1691676453486_8718452617784_1.png",
    "available": true,
    "promoUntil": null
  },
  {
    "id": "639187BKR",
    "title": "Jumbo High Protein Kwark Vanille Smaak 200 g",
    "category": "Zuivel, eieren, boter",
    "price": 1.19,
    "promoPrice": null,
    "pricePerUnit": "5.95 kg",
    "image": "https://www.jumbo.com/dam-images/fit-in/360x360/Products/14022025_1739539721852_1739539732696_8718452858897_596.png",
    "available": true,
    "promoUntil": null
  },
  {
    "id": "636899BAK",
    "title": "Jumbo Gehaktbal Gebraden Varken 3 Stuks",
    "category": "Vlees, vis en vega",
    "price": 5.5,
    "promoPrice": null,
    "pricePerUnit": "18.33 kg",
    "image": "https://www.jumbo.com/dam-images/fit-in/360x360/Products/12122024_1734014942821_1734014947772_8718452361960_1.png",
    "available": true,
    "promoUntil": null
  },
  {
    "id": "586716FLS",
    "title": "Verstegen Guilt Free Sweet Chili Sauce 285 ml",
    "category": "Conserven, soepen, sauzen, oliën",
    "price": 2.81,
    "promoPrice": null,
    "pricePerUnit": "9.86 l",
    "image": "https://www.jumbo.com/dam-images/fit-in/360x360/Products/18072024_1721316913423_1721316917151_8712200985774_1.png",
    "available": true,
    "promoUntil": null
  },
  {
    "id": "680651TRA",
    "title": "Jumbo Angus Burger Premium Rundvlees 2 Stuks",
    "category": "Vlees, vis en vega",
    "price": 4.39,
    "promoPrice": null,
    "pricePerUnit": "21.95 kg",
    "image": "https://www.jumbo.com/dam-images/fit-in/360x360/Products/09042025_1744198387901_1744198393416_8718452911066_1.png",
    "available": true,
    "promoUntil": null
  },
  {
    "id": "624546BAK",
    "title": "Jumbo Kipsaucijs 4 Stuks",
    "category": "Vlees, vis en vega",
    "price": 4.26,
    "promoPrice": null,
    "pricePerUnit": "13.31 kg",
    "image": "https://www.jumbo.com/dam-images/fit-in/360x360/Products/05112024_1730820973061_1730821013400_8718452850471_1.png",
    "available": true,
    "promoUntil": null
  },
  {
    "id": "493509ZK",
    "title": "Holie's Granola Protein Crunch 350g",
    "category": "Ontbijt, broodbeleg en bakproducten",
    "price": 3.75,
    "promoPrice": null,
    "pricePerUnit": "10.71 kg",
    "image": "https://www.jumbo.com/dam-images/fit-in/360x360/Products/18072025_1752800553023_1752800561606_493509_ZK_08719327097649_C1N1.png",
    "available": true,
    "promoUntil": null
  },
  {
    "id": "72225POT",
    "title": "Hak Appelcompote 355 g",
    "category": "Conserven, soepen, sauzen, oliën",
    "price": 2.99,
    "promoPrice": null,
    "pricePerUnit": "8.31 kg",
    "image": "https://www.jumbo.com/dam-images/fit-in/360x360/Products/09082023_1691591292427_1691591303334_8720600608193_1.png",
    "available": true,
    "promoUntil": null
  },
  {
    "id": "523884DS",
    "title": "De Ruijter Anijs Hagel 300g",
    "category": "Ontbijt, broodbeleg en bakproducten",
    "price": 2.27,
    "promoPrice": null,
    "pricePerUnit": "7.57 kg",
    "image": "https://www.jumbo.com/dam-images/fit-in/360x360/Products/29042025_1745892110188_1745892115019_523884_DS_08710496978630_H1N1.png",
    "available": true,
    "promoUntil": null
  },
  {
    "id": "419892POT",
    "title": "Jumbo Jalapeño Peper Plakjes 225 g",
    "category": "Conserven, soepen, sauzen, oliën",
    "price": 1.8,
    "promoPrice": null,
    "pricePerUnit": "8.0 kg",
    "image": "https://www.jumbo.com/dam-images/fit-in/360x360/Products/09082023_1691588124320_1691588216699_8718452551897_1.png",
    "available": true,
    "promoUntil": null
  },
  {
    "id": "464974ZK",
    "title": "Nongshim Kimchi Noodle 120 g",
    "category": "Conserven, soepen, sauzen, oliën",
    "price": 1.59,
    "promoPrice": null,
    "pricePerUnit": "13.25 kg",
    "image": "https://www.jumbo.com/dam-images/fit-in/360x360/Products/01032025_1740798813882_1740798821801_464974_ZK_08801043157742_C1N1.png",
    "available": true,
    "promoUntil": null
  },
  {
    "id": "213256STK",
    "title": "Kellogg's Special K Pure Chocolade 300 g",
    "category": "Ontbijt, broodbeleg en bakproducten",
    "price": 3.94,
    "promoPrice": null,
    "pricePerUnit": "13.13 kg",
    "image": "https://www.jumbo.com/dam-images/fit-in/360x360/Products/11082025_1754912034778_1754912039081_3159470202166_1.png",
    "available": true,
    "promoUntil": null
  },
  {
    "id": "87441KRT",
    "title": "Heineken Premium Pilsener Bier Fles 24 x 300ml Krat",
    "category": "Bier en wijn",
    "price": 19.32,
    "promoPrice": 14.49,
    "pricePerUnit": "2.01 l",
    "image": "https://www.jumbo.com/dam-images/fit-in/360x360/Products/27122024_1735291730291_1735291734660_8712000033040_1.png",
    "available": true,
    "promoUntil": "di 30 sep"
  },
  {
    "id": "678566FLS",
    "title": "Zonnatura Biologische Bietensap 750 ml",
    "category": "Ontbijt, broodbeleg en bakproducten",
    "price": 3.26,
    "promoPrice": null,
    "pricePerUnit": "4.35 l",
    "image": "https://www.jumbo.com/dam-images/fit-in/360x360/Products/19092025_1758288803753_1758288809695_8711812410841_596.png",
    "available": true,
    "promoUntil": null
  },
  {
    "id": "645667DS",
    "title": "Nakd. Protein Cocoa Hazelnut 3x45g",
    "category": "Ontbijt, broodbeleg en bakproducten",
    "price": 3.71,
    "promoPrice": null,
    "pricePerUnit": "27.48 kg",
    "image": "https://www.jumbo.com/dam-images/fit-in/360x360/Products/50600887001121e7e62ab-61f0-496e-b0a8-807c54ca07c1-1728031398235.png",
    "available": true,
    "promoUntil": null
  },
  {
    "id": "164969ZK",
    "title": "Conimex Pindasoep Zak 570 ml",
    "category": "Conserven, soepen, sauzen, oliën",
    "price": 3.89,
    "promoPrice": null,
    "pricePerUnit": "6.82 l",
    "image": "https://www.jumbo.com/dam-images/fit-in/360x360/Products/19122023_1702956804341_1702956817489_164969_ZK_08712100807008_C1N1.png",
    "available": true,
    "promoUntil": null
  },
  {
    "id": "525042STK",
    "title": "Jumbo Carpaccio Truffel met Parmezaanse Kaas, Saus en Pijnboompitten 143 g",
    "category": "Vleeswaren, kaas en tapas",
    "price": 4.15,
    "promoPrice": null,
    "pricePerUnit": "29.02 kg",
    "image": "https://www.jumbo.com/dam-images/fit-in/360x360/Products/29012024_1706538843423_1706538856728_8718452686865_1.png",
    "available": true,
    "promoUntil": null
  },
  {
    "id": "68485PAK",
    "title": "De Ruijter Kleintjes Extra Jam 12 x 25 g",
    "category": "Ontbijt, broodbeleg en bakproducten",
    "price": 2.99,
    "promoPrice": null,
    "pricePerUnit": "9.97 kg",
    "image": "https://www.jumbo.com/dam-images/fit-in/360x360/Products/26042025_1745637435035_1745637449841_68485_PAK_08710496978821_H1N1.png",
    "available": true,
    "promoUntil": null
  },
  {
    "id": "521374DS",
    "title": "Honig Maaltijdmix voor Boeren Groentesoep 41 g",
    "category": "Conserven, soepen, sauzen, oliën",
    "price": 1.99,
    "promoPrice": null,
    "pricePerUnit": "48.54 kg",
    "image": "https://www.jumbo.com/dam-images/fit-in/360x360/Products/18072025_1752806773844_1752806786383_521374_DS_08714700170568_H1N1.png",
    "available": true,
    "promoUntil": null
  },
  {
    "id": "144279PAK",
    "title": "Alpro Sojadrink Macchiato Houdbaar 1L",
    "category": "Zuivel, eieren, boter",
    "price": 2.79,
    "promoPrice": null,
    "pricePerUnit": "2.79 l",
    "image": "https://www.jumbo.com/dam-images/fit-in/360x360/Products/25062025_1750813281308_1750813292144_144279_PAK_05411188116882_H1N1.png",
    "available": true,
    "promoUntil": null
  },
  {
    "id": "675282PAK",
    "title": "Alvalle Gazpacho Original Tomaten Soep 1 L",
    "category": "Conserven, soepen, sauzen, oliën",
    "price": 4.99,
    "promoPrice": null,
    "pricePerUnit": "4.99 l",
    "image": "https://www.jumbo.com/dam-images/fit-in/360x360/Products/27012025_1738006367040_1738006371638_8422174010029_1.png",
    "available": true,
    "promoUntil": null
  },
  {
    "id": "578690DSL",
    "title": "HiPRO Protein Kwark Bosvruchten 6 x  200 g",
    "category": "Zuivel, eieren, boter",
    "price": 11.94,
    "promoPrice": null,
    "pricePerUnit": "9.95 kg",
    "image": "https://www.jumbo.com/dam-images/fit-in/360x360/Products/1871378812363017b6bd350-b90c-47d4-8fd1-1549b47ff2f5-1746193105497.png",
    "available": true,
    "promoUntil": null
  },
  {
    "id": "144291DSL",
    "title": "Alpro Sojadrink Rode Vruchten Houdbaar 4 x 1 L",
    "category": "Zuivel, eieren, boter",
    "price": 11.16,
    "promoPrice": null,
    "pricePerUnit": "2.79 l",
    "image": "https://www.jumbo.com/dam-images/fit-in/360x360/Products/144291DSL4packAlproSojadrinkRodeVruchten00d3ece7-6b16-4dab-85fd-53cd6b0c6a98-1703665925635.png",
    "available": true,
    "promoUntil": null
  },
  {
    "id": "634513PAK",
    "title": "Oatly! The Original Barista Edition Oat Drink Large Format 1,5 L",
    "category": "Zuivel, eieren, boter",
    "price": 3.89,
    "promoPrice": null,
    "pricePerUnit": "2.59 l",
    "image": "https://www.jumbo.com/dam-images/fit-in/360x360/Products/25022025_1740490385699_1740490389732_7394376621932_1.png",
    "available": true,
    "promoUntil": null
  },
  {
    "id": "647864TRA",
    "title": "Jumbo Dunne Crackers Spelt 10 Stuks 175 g ",
    "category": "Ontbijt, broodbeleg en bakproducten",
    "price": 2.46,
    "promoPrice": null,
    "pricePerUnit": "14.06 kg",
    "image": "https://www.jumbo.com/dam-images/fit-in/360x360/Products/28072025_1753713236841_1753713243465_8718452816019_1.png",
    "available": true,
    "promoUntil": null
  },
  {
    "id": "466595CUP",
    "title": "Canisius Echte Rinse Appelstroop uit Limburg 450 g",
    "category": "Ontbijt, broodbeleg en bakproducten",
    "price": 1.72,
    "promoPrice": null,
    "pricePerUnit": "3.82 kg",
    "image": "https://www.jumbo.com/dam-images/fit-in/360x360/Products/26072025_1753492078768_1753492095512_466595_CUP_08710742302318_C1N1.png",
    "available": true,
    "promoUntil": null
  },
  {
    "id": "418267FLS",
    "title": "Jumbo Olijfolie Mild 250 ml",
    "category": "Conserven, soepen, sauzen, oliën",
    "price": 3.18,
    "promoPrice": null,
    "pricePerUnit": "12.72 l",
    "image": "https://www.jumbo.com/dam-images/fit-in/360x360/Products/09082023_1691588918571_1691588923050_8718452541188_1.png",
    "available": true,
    "promoUntil": null
  },
  {
    "id": "646532ZK",
    "title": "Jumbo's Light Roast Ethiopia Bloemig & Complex 500 g",
    "category": "Koffie en thee",
    "price": 12.79,
    "promoPrice": null,
    "pricePerUnit": "25.58 kg",
    "image": "https://www.jumbo.com/dam-images/fit-in/360x360/Products/12122024_1734003202495_1734003211696_8718452850204_1.png",
    "available": true,
    "promoUntil": null
  },
  {
    "id": "352838DS",
    "title": "Clipper Jasmine & Lemon Organic Green Tea 20 Stuks 34 g",
    "category": "Koffie en thee",
    "price": 3.69,
    "promoPrice": null,
    "pricePerUnit": "0.18 pieces",
    "image": "https://www.jumbo.com/dam-images/fit-in/360x360/Products/24042025_1745458186065_1745458196125_352838_DS_05021991941955_H1N1.png",
    "available": true,
    "promoUntil": null
  },
  {
    "id": "305990DS",
    "title": "Jumbo Kruidenthee Munt 15 Stuks",
    "category": "Koffie en thee",
    "price": 0.79,
    "promoPrice": null,
    "pricePerUnit": "0.05 pieces",
    "image": "https://www.jumbo.com/dam-images/fit-in/360x360/Products/18092023_1695038164343_1695038175486_8718452402816_1.png",
    "available": true,
    "promoUntil": null
  },
  {
    "id": "412064BAK",
    "title": "Jumbo Pasta Gehakt Rund 350 g",
    "category": "Vlees, vis en vega",
    "price": 5.29,
    "promoPrice": null,
    "pricePerUnit": "15.11 kg",
    "image": "https://www.jumbo.com/dam-images/fit-in/360x360/Products/17042025_1744878789942_1744878796174_8718452914081_1.png",
    "available": true,
    "promoUntil": null
  },
  {
    "id": "576944CUP",
    "title": "Ehrmann High Protein Chocolate & Topping with Protein 200 g",
    "category": "Zuivel, eieren, boter",
    "price": 1.85,
    "promoPrice": null,
    "pricePerUnit": "9.25 kg",
    "image": "https://www.jumbo.com/dam-images/fit-in/360x360/Products/09082023_1691590101957_1691590205399_4002971247503_1.png",
    "available": true,
    "promoUntil": null
  },
  {
    "id": "212930STK",
    "title": "Splenda True Taste Stevia 240 g",
    "category": "Koffie en thee",
    "price": 5.19,
    "promoPrice": null,
    "pricePerUnit": "21.63 kg",
    "image": "https://www.jumbo.com/dam-images/fit-in/360x360/Products/18092023_1695057605570_1695057611717_8718226400123_1.png",
    "available": true,
    "promoUntil": null
  },
  {
    "id": "610081DS",
    "title": "HomeMade Complete Mix voor Brownies 300 g",
    "category": "Ontbijt, broodbeleg en bakproducten",
    "price": 2.96,
    "promoPrice": null,
    "pricePerUnit": "9.87 kg",
    "image": "https://www.jumbo.com/dam-images/fit-in/360x360/Products/25032024_1711381816700_1711381832821_8719678030821_1.png",
    "available": true,
    "promoUntil": null
  },
  {
    "id": "81164POT",
    "title": "Hak Doperwtjes 195 g",
    "category": "Conserven, soepen, sauzen, oliën",
    "price": 1.99,
    "promoPrice": null,
    "pricePerUnit": "15.31 kg",
    "image": "https://www.jumbo.com/dam-images/fit-in/360x360/Products/09082023_1691591928531_1691591936600_8720600608674_1.png",
    "available": true,
    "promoUntil": null
  },
  {
    "id": "572936FLS",
    "title": "Jumbo Sport Drank Isotonic Bosbessensmaak 500 ml",
    "category": "Frisdrank en sappen",
    "price": 0.69,
    "promoPrice": null,
    "pricePerUnit": "1.38 l",
    "image": "https://www.jumbo.com/dam-images/fit-in/360x360/Products/14022024_1707872893740_1707872897673_8718452712144_1.png",
    "available": true,
    "promoUntil": null
  },
  {
    "id": "177323DS",
    "title": "Jumbo  Biologisch Rooibos Thee 20 Stuks",
    "category": "Koffie en thee",
    "price": 1.79,
    "promoPrice": null,
    "pricePerUnit": "0.09 pieces",
    "image": "https://www.jumbo.com/dam-images/fit-in/360x360/Products/29092023_1695995408215_1695995416489_8718452581146_1.png",
    "available": true,
    "promoUntil": null
  },
  {
    "id": "612766FLS",
    "title": "Oliehoorn Truffel Mayonaise 270 ml",
    "category": "Conserven, soepen, sauzen, oliën",
    "price": 3.39,
    "promoPrice": null,
    "pricePerUnit": "12.56 l",
    "image": "https://www.jumbo.com/dam-images/fit-in/360x360/Products/21062025_1750472322198_1750472327325_612766_FLS_08713277135277_C1N1.png",
    "available": true,
    "promoUntil": null
  },
  {
    "id": "884731BLK",
    "title": "Heinz Beanz Tomatensaus 415 g",
    "category": "Conserven, soepen, sauzen, oliën",
    "price": 1.29,
    "promoPrice": null,
    "pricePerUnit": "3.11 kg",
    "image": "https://www.jumbo.com/dam-images/fit-in/360x360/Products/26042025_1745633279725_1745633284856_884731_BLK_08715700131207_H1N1.png",
    "available": true,
    "promoUntil": null
  },
  {
    "id": "293849EM",
    "title": "Jumbo Yoghurt Turkse Stijl Naturel 10% Vet 1 kg",
    "category": "Zuivel, eieren, boter",
    "price": 2.39,
    "promoPrice": null,
    "pricePerUnit": "2.39 kg",
    "image": "https://www.jumbo.com/dam-images/fit-in/360x360/Products/25112024_1732545256978_1732545262416_8718452394869_1.png",
    "available": true,
    "promoUntil": null
  },
  {
    "id": "473616DS",
    "title": "Jumbo Duo Hagel XXL Mix 380 g",
    "category": "Ontbijt, broodbeleg en bakproducten",
    "price": 2.59,
    "promoPrice": null,
    "pricePerUnit": "6.82 kg",
    "image": "https://www.jumbo.com/dam-images/fit-in/360x360/Products/10082023_1691677232914_1691677241780_8718452611782_1.png",
    "available": true,
    "promoUntil": null
  },
  {
    "id": "296723DS",
    "title": "Jumbo Biologisch Ruwe Rietsuiker 500 g",
    "category": "Ontbijt, broodbeleg en bakproducten",
    "price": 1.79,
    "promoPrice": null,
    "pricePerUnit": "3.58 kg",
    "image": "https://www.jumbo.com/dam-images/fit-in/360x360/Products/01082024_1722504868770_1722504891205_8718452628261_596.png",
    "available": true,
    "promoUntil": null
  },
  {
    "id": "681017TRA",
    "title": "Jumbo Vegetarische Kipstukjes Naturel 350 g",
    "category": "Vlees, vis en vega",
    "price": 4.0,
    "promoPrice": null,
    "pricePerUnit": "11.43 kg",
    "image": "https://www.jumbo.com/dam-images/fit-in/360x360/Products/09042025_1744212808695_1744212815418_8718452903436_1.png",
    "available": true,
    "promoUntil": null
  },
  {
    "id": "366683POT",
    "title": "Hak Rode Kool met Stukjes Appel 180 g",
    "category": "Conserven, soepen, sauzen, oliën",
    "price": 2.09,
    "promoPrice": null,
    "pricePerUnit": "11.61 kg",
    "image": "https://www.jumbo.com/dam-images/fit-in/360x360/Products/06022025_1738808605383_1738808613648_366683_POT_08720600619700_H1N1.png",
    "available": true,
    "promoUntil": null
  },
  {
    "id": "484985FLS",
    "title": "Jumbo Mix voor Pannenkoeken Compleet 200 g",
    "category": "Ontbijt, broodbeleg en bakproducten",
    "price": 1.49,
    "promoPrice": null,
    "pricePerUnit": "7.45 kg",
    "image": "https://www.jumbo.com/dam-images/fit-in/360x360/Products/07032025_1741354387806_1741354402018_8718452890095_596.png",
    "available": true,
    "promoUntil": null
  },
  {
    "id": "300464DS",
    "title": "Jumbo Meergranenbiscuits Bosvruchten 6 x 2 Stuks",
    "category": "Koek, snoep, chocolade en chips",
    "price": 1.19,
    "promoPrice": null,
    "pricePerUnit": "5.29 kg",
    "image": "https://www.jumbo.com/dam-images/fit-in/360x360/Products/18092023_1695037974390_1695037981783_8718452402458_1.png",
    "available": true,
    "promoUntil": null
  },
  {
    "id": "582812STK",
    "title": "Jumbo Goudse Kaas Jong 48+ Plakken Voordeelverpakking 400 g",
    "category": "Vleeswaren, kaas en tapas",
    "price": 3.59,
    "promoPrice": null,
    "pricePerUnit": "8.98 kg",
    "image": "https://www.jumbo.com/dam-images/fit-in/360x360/Products/22122023_1703262905173_1703262913998_8718452695058_1.png",
    "available": true,
    "promoUntil": null
  },
  {
    "id": "567735DS",
    "title": "Clipper Mango & Citrus Organic Infusion 20 Stuks 36 g",
    "category": "Koffie en thee",
    "price": 3.69,
    "promoPrice": null,
    "pricePerUnit": "0.18 pieces",
    "image": "https://www.jumbo.com/dam-images/fit-in/360x360/Products/24042025_1745459229974_1745459238039_567735_DS_05021991944536_H1N1.png",
    "available": true,
    "promoUntil": null
  },
  {
    "id": "686529DS",
    "title": "Jumbo Mueslireep Pure Chocolade 6 Stuks",
    "category": "Ontbijt, broodbeleg en bakproducten",
    "price": 1.65,
    "promoPrice": null,
    "pricePerUnit": "11.0 kg",
    "image": "https://www.jumbo.com/dam-images/fit-in/360x360/Products/22042025_1745332346695_1745332369917_8718452887224_596.png",
    "available": true,
    "promoUntil": null
  },
  {
    "id": "81169POT",
    "title": "Hak Gesneden Bonen Bio 670 g",
    "category": "Conserven, soepen, sauzen, oliën",
    "price": 2.85,
    "promoPrice": null,
    "pricePerUnit": "7.4 kg",
    "image": "https://www.jumbo.com/dam-images/fit-in/360x360/Products/11032025_1741661891602_1741661904889_81169_POT_08720600609879_H1N1.png",
    "available": true,
    "promoUntil": null
  },
  {
    "id": "448036CUP",
    "title": "Unox Good Pasta 4 Kazen 66 g",
    "category": "Conserven, soepen, sauzen, oliën",
    "price": 2.19,
    "promoPrice": null,
    "pricePerUnit": "33.18 kg",
    "image": "https://www.jumbo.com/dam-images/fit-in/360x360/Products/16072025_1752632672440_1752632734307_448036_CUP_08720182035660_H1N1.png",
    "available": true,
    "promoUntil": null
  },
  {
    "id": "660843CUP",
    "title": "XXL FIT Yoghurt Granola Vanille 200g",
    "category": "Zuivel, eieren, boter",
    "price": 1.99,
    "promoPrice": null,
    "pricePerUnit": "9.95 kg",
    "image": "https://www.jumbo.com/dam-images/fit-in/360x360/Products/20092025_1758335564308_1758335567722_660843_CUP_08711399024752_C1N1.png",
    "available": true,
    "promoUntil": null
  },
  {
    "id": "135233TRL",
    "title": "Two Cows Instant Full Cream Milk Powder 6 x 400 g",
    "category": "Zuivel, eieren, boter",
    "price": 37.14,
    "promoPrice": null,
    "pricePerUnit": "15.48 kg",
    "image": "https://www.jumbo.com/dam-images/fit-in/360x360/Products/135233TRL-1692279553579.png",
    "available": true,
    "promoUntil": null
  },
  {
    "id": "844489BLK",
    "title": "John West Zalmpaté 125g",
    "category": "Conserven, soepen, sauzen, oliën",
    "price": 3.0,
    "promoPrice": null,
    "pricePerUnit": "24.0 kg",
    "image": "https://www.jumbo.com/dam-images/fit-in/360x360/Products/05022025_1738722986192_1738722994180_844489_BLK_05000171033079_C1N1.png",
    "available": true,
    "promoUntil": null
  },
  {
    "id": "644312DS",
    "title": "Honig Basis voor Lente-Uisoep Romige 102 g",
    "category": "Conserven, soepen, sauzen, oliën",
    "price": 1.99,
    "promoPrice": null,
    "pricePerUnit": "19.51 kg",
    "image": "https://www.jumbo.com/dam-images/fit-in/360x360/Products/10072025_1752113240431_1752113245645_644312_DS_08714700170742_A1N1.png",
    "available": true,
    "promoUntil": null
  },
  {
    "id": "183537STK",
    "title": "Bros Krakendemousse 4 x 57 g",
    "category": "Zuivel, eieren, boter",
    "price": 2.99,
    "promoPrice": null,
    "pricePerUnit": "13.11 kg",
    "image": "https://www.jumbo.com/dam-images/fit-in/360x360/Products/17092025_1758071218931_1758071226403_183537_STK_03023290081662_C1N1.png",
    "available": true,
    "promoUntil": null
  },
  {
    "id": "674367ZK",
    "title": "Jumbo's Funghi Pastasaus 250 g",
    "category": "Conserven, soepen, sauzen, oliën",
    "price": 2.69,
    "promoPrice": null,
    "pricePerUnit": "10.76 kg",
    "image": "https://www.jumbo.com/dam-images/fit-in/360x360/Products/20032025_1742488408752_1742488415561_8718452888504_1.png",
    "available": true,
    "promoUntil": null
  },
  {
    "id": "473648DS",
    "title": "Jumbo Scharrel Kwarteleieren 12 Stuks",
    "category": "Zuivel, eieren, boter",
    "price": 3.49,
    "promoPrice": null,
    "pricePerUnit": "0.29 pieces",
    "image": "https://www.jumbo.com/dam-images/fit-in/360x360/Products/08710946479007A1N1970b2b96-1fae-4c87-925d-f48b5124a956-1718350732988.png",
    "available": true,
    "promoUntil": null
  },
  {
    "id": "224539KGR",
    "title": "Jumbo Fijnproevers Biefstuk Gerijpt ca. 280 g",
    "category": "Vlees, vis en vega",
    "price": 14.83,
    "promoPrice": null,
    "pricePerUnit": "42.99 kg",
    "image": "https://www.jumbo.com/dam-images/fit-in/360x360/Products/24102024_1729787647502_1729787655124_2335641000000_1.png",
    "available": true,
    "promoUntil": null
  },
  {
    "id": "686035BAK",
    "title": "Jumbo Biologisch Spekreepjes 2 x 100 g",
    "category": "Vleeswaren, kaas en tapas",
    "price": 4.94,
    "promoPrice": null,
    "pricePerUnit": "24.7 kg",
    "image": "https://www.jumbo.com/dam-images/fit-in/360x360/Products/08052025_1746721987667_1746721995253_8718452895908_1.png",
    "available": true,
    "promoUntil": null
  },
  {
    "id": "158329BKR",
    "title": "Katharos Yoghurt Griekse Stijl Naturel 500 g",
    "category": "Zuivel, eieren, boter",
    "price": 1.99,
    "promoPrice": null,
    "pricePerUnit": "3.98 kg",
    "image": "https://www.jumbo.com/dam-images/fit-in/360x360/Products/14022024_1707873975686_1707873981207_8717948145053_1.png",
    "available": true,
    "promoUntil": null
  },
  {
    "id": "225655FLS",
    "title": "Croma Mild met Olijfolie 450 ml",
    "category": "Zuivel, eieren, boter",
    "price": 4.29,
    "promoPrice": null,
    "pricePerUnit": "9.53 l",
    "image": "https://www.jumbo.com/dam-images/fit-in/360x360/Products/02042025_1743582811357_1743582817093_8719200017603_1.png",
    "available": true,
    "promoUntil": null
  },
  {
    "id": "706891STK",
    "title": "Rio Mare Tonijnmoot in Olijfolie MSC 2 x 120 g",
    "category": "Conserven, soepen, sauzen, oliën",
    "price": 8.8,
    "promoPrice": null,
    "pricePerUnit": "36.67 kg",
    "image": "https://www.jumbo.com/dam-images/fit-in/360x360/Products/16082025_1755306350634_1755306359123_706891_STK_08004030271753_A1N1.png",
    "available": true,
    "promoUntil": null
  },
  {
    "id": "578578DSL",
    "title": "HiPRO Protein Kwark Banaan 6 x 200 g",
    "category": "Zuivel, eieren, boter",
    "price": 11.94,
    "promoPrice": null,
    "pricePerUnit": "9.95 kg",
    "image": "https://www.jumbo.com/dam-images/fit-in/360x360/Products/1871378812361612e47bae8-8480-4fce-9f16-5551555bda1b-1746193105646.png",
    "available": true,
    "promoUntil": null
  },
  {
    "id": "269030STK",
    "title": "MAGGI Basis voor Soep Groente 485 ml",
    "category": "Conserven, soepen, sauzen, oliën",
    "price": 2.89,
    "promoPrice": null,
    "pricePerUnit": "5.96 l",
    "image": "https://www.jumbo.com/dam-images/fit-in/360x360/Products/22052025_1747878155473_1747878170555_269030_STK_07613036951371_C1N1_s01.png",
    "available": true,
    "promoUntil": null
  },
  {
    "id": "515019BAK",
    "title": "Jumbo Kip Gehakt 300 g",
    "category": "Vlees, vis en vega",
    "price": 3.75,
    "promoPrice": null,
    "pricePerUnit": "12.5 kg",
    "image": "https://www.jumbo.com/dam-images/fit-in/360x360/Products/04072025_1751617993121_1751617997525_8718452688449_1.png",
    "available": true,
    "promoUntil": null
  },
  {
    "id": "563545CUP",
    "title": "Alpro Plantaardige Variatie Op Griekse Stijl Yoghurt 3.4% Vet 400g",
    "category": "Zuivel, eieren, boter",
    "price": 2.39,
    "promoPrice": null,
    "pricePerUnit": "5.98 kg",
    "image": "https://www.jumbo.com/dam-images/fit-in/360x360/Products/25052024_1716603717615_1716603726778_563545_CUP_05411188138617_H1N1.png",
    "available": true,
    "promoUntil": null
  },
  {
    "id": "291689BKR",
    "title": "Almhof roomyoghurt mango special edition 500 g",
    "category": "Zuivel, eieren, boter",
    "price": 2.49,
    "promoPrice": null,
    "pricePerUnit": "4.98 kg",
    "image": "https://www.jumbo.com/dam-images/fit-in/360x360/Products/15042025_1744727548961_1744727555230_8717982003036_1.png",
    "available": true,
    "promoUntil": null
  },
  {
    "id": "381167STK",
    "title": "Céréal Hazelnootpasta 200 g",
    "category": "Ontbijt, broodbeleg en bakproducten",
    "price": 4.74,
    "promoPrice": null,
    "pricePerUnit": "23.7 kg",
    "image": "https://www.jumbo.com/dam-images/fit-in/360x360/Products/18122024_1734494009883_1734494017171_381167_STK_08723700213526_C1N1.png",
    "available": true,
    "promoUntil": null
  },
  {
    "id": "75727PAK",
    "title": "Chocomel Dark 1 L",
    "category": "Zuivel, eieren, boter",
    "price": 2.65,
    "promoPrice": null,
    "pricePerUnit": "2.65 l",
    "image": "https://www.jumbo.com/dam-images/fit-in/360x360/Products/01072025_1751365986959_1751365991141_8712800188346_1.png",
    "available": true,
    "promoUntil": null
  },
  {
    "id": "291700STK",
    "title": "Arla Lactofree Houdbare Halfvolle Melk 6 x 200 ml",
    "category": "Frisdrank en sappen",
    "price": 3.49,
    "promoPrice": null,
    "pricePerUnit": "2.91 l",
    "image": "https://www.jumbo.com/dam-images/fit-in/360x360/Products/13082025_1755051194029_1755051196141_291700_STK_05711953104923_C1N1.png",
    "available": true,
    "promoUntil": null
  },
  {
    "id": "626035KGR",
    "title": "Jumbo Varkenshaas Kort 2 Stuks",
    "category": "Vlees, vis en vega",
    "price": 5.11,
    "promoPrice": null,
    "pricePerUnit": "15.5 kg",
    "image": "https://www.jumbo.com/dam-images/fit-in/360x360/Products/04082025_1754310790723_1754310797057_2349024000000_1.png",
    "available": true,
    "promoUntil": null
  },
  {
    "id": "589267FLS",
    "title": "YFood Gebalanceerde Drinkmaaltijd Crazy Coconut 500 ml",
    "category": "Zuivel, eieren, boter",
    "price": 4.39,
    "promoPrice": null,
    "pricePerUnit": "8.78 l",
    "image": "https://www.jumbo.com/dam-images/fit-in/360x360/Products/30052025_1748568836743_1748568838801_589267_FLS_04260556631813_C1N1.png",
    "available": true,
    "promoUntil": null
  },
  {
    "id": "441233DS",
    "title": "Lipton Groene Thee intense Mint",
    "category": "Koffie en thee",
    "price": 2.89,
    "promoPrice": null,
    "pricePerUnit": "0.14 pieces",
    "image": "https://www.jumbo.com/dam-images/fit-in/360x360/Products/07092023_1694097693005_1694097698611_8711327515727_1.png",
    "available": true,
    "promoUntil": null
  },
  {
    "id": "418995POT",
    "title": "Jumbo Crème Honing 450 g",
    "category": "Koffie en thee",
    "price": 2.24,
    "promoPrice": null,
    "pricePerUnit": "4.98 kg",
    "image": "https://www.jumbo.com/dam-images/fit-in/360x360/Products/18092023_1695049362461_1695049371035_8718452543625_1.png",
    "available": true,
    "promoUntil": null
  },
  {
    "id": "187473BAK",
    "title": "Jumbo BBQ Magere Chipolataworst Rund 5 Stuks",
    "category": "Vlees, vis en vega",
    "price": 4.79,
    "promoPrice": null,
    "pricePerUnit": "0.96 pieces",
    "image": "https://www.jumbo.com/dam-images/fit-in/360x360/Products/07052025_1746628386761_1746628392632_8718452860272_1.png",
    "available": true,
    "promoUntil": null
  },
  {
    "id": "151741BAK",
    "title": "Jumbo Biologisch Rundergehakt 300 g",
    "category": "Vlees, vis en vega",
    "price": 6.25,
    "promoPrice": null,
    "pricePerUnit": "20.83 kg",
    "image": "https://www.jumbo.com/dam-images/fit-in/360x360/Products/01052025_1746091946811_1746091953511_8718452601653_1.png",
    "available": true,
    "promoUntil": null
  },
  {
    "id": "599245PAK",
    "title": "Hak Linzen 380 g",
    "category": "Conserven, soepen, sauzen, oliën",
    "price": 1.29,
    "promoPrice": null,
    "pricePerUnit": "5.61 kg",
    "image": "https://www.jumbo.com/dam-images/fit-in/360x360/Products/30082024_1724984148179_1724984157033_599245_PAK_08720600624506_H1N1.png",
    "available": true,
    "promoUntil": null
  },
  {
    "id": "340705TRA",
    "title": "Jumbo Biologisch Hamburger Rund 2 Stuks",
    "category": "Vlees, vis en vega",
    "price": 4.05,
    "promoPrice": null,
    "pricePerUnit": "22.5 kg",
    "image": "https://www.jumbo.com/dam-images/fit-in/360x360/Products/10042025_1744299168567_1744299174156_8718452874323_1.png",
    "available": true,
    "promoUntil": null
  },
  {
    "id": "180589DS",
    "title": "Dr. Oetker Kloppudding Banaan 74 g",
    "category": "Ontbijt, broodbeleg en bakproducten",
    "price": 0.99,
    "promoPrice": null,
    "pricePerUnit": "13.38 kg",
    "image": "https://www.jumbo.com/dam-images/fit-in/360x360/Products/17042025_1744854525694_1744854532813_180589_DS_08710466276926_C1N1_s01.png",
    "available": true,
    "promoUntil": null
  },
  {
    "id": "495133FLS",
    "title": "YFood Gebalanceerde Drinkmaaltijd Fresh Berry 500 ml",
    "category": "Zuivel, eieren, boter",
    "price": 4.39,
    "promoPrice": null,
    "pricePerUnit": "8.78 l",
    "image": "https://www.jumbo.com/dam-images/fit-in/360x360/Products/30052025_1748570082770_1748570084849_495133_FLS_04260556631790_C1N1.png",
    "available": true,
    "promoUntil": null
  },
  {
    "id": "142112BLK",
    "title": "Hak Taart & Vlaaifruit Aardbeien 430 g",
    "category": "Ontbijt, broodbeleg en bakproducten",
    "price": 2.99,
    "promoPrice": null,
    "pricePerUnit": "6.95 kg",
    "image": "https://www.jumbo.com/dam-images/fit-in/360x360/Products/10082023_1691678323881_1691678330742_8720600612169_1.png",
    "available": true,
    "promoUntil": null
  },
  {
    "id": "589506KGR",
    "title": "Jumbo Hamlappen ca. 600 g",
    "category": "Vlees, vis en vega",
    "price": 7.19,
    "promoPrice": null,
    "pricePerUnit": "11.98 kg",
    "image": "https://www.jumbo.com/dam-images/fit-in/360x360/Products/05112024_1730817307629_1730817319110_2348643000000_1.png",
    "available": true,
    "promoUntil": null
  },
  {
    "id": "552018POT",
    "title": "Jumbo Cookie Chocopasta 400 g",
    "category": "Ontbijt, broodbeleg en bakproducten",
    "price": 2.69,
    "promoPrice": null,
    "pricePerUnit": "6.73 kg",
    "image": "https://www.jumbo.com/dam-images/fit-in/360x360/Products/17092024_1726580062139_1726580071950_8718452717125_1.png",
    "available": true,
    "promoUntil": null
  },
  {
    "id": "576948CUP",
    "title": "Ehrmann High Protein Pudding Topping vanille 200 g",
    "category": "Zuivel, eieren, boter",
    "price": 1.85,
    "promoPrice": null,
    "pricePerUnit": "9.25 kg",
    "image": "https://www.jumbo.com/dam-images/fit-in/360x360/Products/09082023_1691590102023_1691590191623_4002971247602_1.png",
    "available": true,
    "promoUntil": null
  },
  {
    "id": "168835POT",
    "title": "Calve Pindasaus Mild 650 g",
    "category": "Conserven, soepen, sauzen, oliën",
    "price": 5.69,
    "promoPrice": null,
    "pricePerUnit": "8.75 kg",
    "image": "https://www.jumbo.com/dam-images/fit-in/360x360/Products/22082025_1755828608114_1755828656834_168835_POT_08710908921841_C1N1.png",
    "available": true,
    "promoUntil": null
  },
  {
    "id": "603608CUP",
    "title": "Ísey Skyr Banana - Toffee 125 g",
    "category": "Zuivel, eieren, boter",
    "price": 1.69,
    "promoPrice": null,
    "pricePerUnit": "13.52 kg",
    "image": "https://www.jumbo.com/dam-images/fit-in/360x360/Products/11082025_1754901215387_1754901222722_5690845002229_596.png",
    "available": true,
    "promoUntil": null
  },
  {
    "id": "200600STK",
    "title": "Zonnatura Amandel Drink Suikervrij 1 L",
    "category": "Zuivel, eieren, boter",
    "price": 3.36,
    "promoPrice": null,
    "pricePerUnit": "3.36 l",
    "image": "https://www.jumbo.com/dam-images/fit-in/360x360/Products/19092025_1758285196602_1758285204957_8711812419370_596.png",
    "available": true,
    "promoUntil": null
  },
  {
    "id": "648627ZK",
    "title": "Jumbo Stevige Crackers Spelt 8 Stuks",
    "category": "Ontbijt, broodbeleg en bakproducten",
    "price": 1.89,
    "promoPrice": null,
    "pricePerUnit": "9.0 kg",
    "image": "https://www.jumbo.com/dam-images/fit-in/360x360/Products/08072025_1751963567979_1751963575447_8718452816118_1.png",
    "available": true,
    "promoUntil": null
  },
  {
    "id": "194715DS",
    "title": "Zonnatura Bio 100% Gember Citroengras 20 Zakjes 30 g",
    "category": "Koffie en thee",
    "price": 2.59,
    "promoPrice": null,
    "pricePerUnit": "0.13 pieces",
    "image": "https://www.jumbo.com/dam-images/fit-in/360x360/Products/19092025_1758288802424_1758288806802_8711812414184_1.png",
    "available": true,
    "promoUntil": null
  },
  {
    "id": "440947DS",
    "title": "Starbucks® by Nespresso ® Espresso Roast 18 Koffiecups",
    "category": "Koffie en thee",
    "price": 7.79,
    "promoPrice": null,
    "pricePerUnit": "0.43 pieces",
    "image": "https://www.jumbo.com/dam-images/fit-in/360x360/Products/23092025_1758598918217_1758598925693_440947_DS_07613287414236_C1N1_s01.png",
    "available": true,
    "promoUntil": null
  },
  {
    "id": "678567FLS",
    "title": "Zonnatura Biologische Wortelsap 750 ml",
    "category": "Ontbijt, broodbeleg en bakproducten",
    "price": 2.76,
    "promoPrice": null,
    "pricePerUnit": "3.68 l",
    "image": "https://www.jumbo.com/dam-images/fit-in/360x360/Products/19082025_1755613976784_1755613981793_8711812410636_596.png",
    "available": true,
    "promoUntil": null
  },
  {
    "id": "192505PAK",
    "title": "Melkunie Protein Raspberry & Strawberry Flavoured Shake 225 ml",
    "category": "Zuivel, eieren, boter",
    "price": 1.69,
    "promoPrice": null,
    "pricePerUnit": "7.51 l",
    "image": "https://www.jumbo.com/dam-images/fit-in/360x360/Products/11062025_1749638026863_1749638033037_8718166007918_1.png",
    "available": true,
    "promoUntil": null
  },
  {
    "id": "145377DS",
    "title": "Knorr Saus in Pak Peper Roomsaus 300 ml",
    "category": "Conserven, soepen, sauzen, oliën",
    "price": 2.55,
    "promoPrice": null,
    "pricePerUnit": "8.5 l",
    "image": "https://www.jumbo.com/dam-images/fit-in/360x360/Products/26042025_1745629928675_1745630011094_145377_DS_08712100634529_H1N1.png",
    "available": true,
    "promoUntil": null
  },
  {
    "id": "633660DS",
    "title": "Koopmans Brood uit de Pan Italiaans flatbread bakmix",
    "category": "Ontbijt, broodbeleg en bakproducten",
    "price": 2.66,
    "promoPrice": null,
    "pricePerUnit": "6.65 kg",
    "image": "https://www.jumbo.com/dam-images/fit-in/360x360/Products/17042025_1744861895777_1744861902755_633660_DS_08710466325327_C1N1_s02.png",
    "available": true,
    "promoUntil": null
  },
  {
    "id": "201573TRA",
    "title": "Jumbo Ambachtelijke Slavinken 2 Stuks",
    "category": "Vlees, vis en vega",
    "price": 2.99,
    "promoPrice": null,
    "pricePerUnit": "13.59 kg",
    "image": "https://www.jumbo.com/dam-images/fit-in/360x360/Products/10042025_1744299168386_1744299174485_8718452894154_1.png",
    "available": true,
    "promoUntil": null
  },
  {
    "id": "580791TRA",
    "title": "Jumbo Varkens Wokblokjes 350g",
    "category": "Vlees, vis en vega",
    "price": 4.29,
    "promoPrice": null,
    "pricePerUnit": "12.26 kg",
    "image": "https://www.jumbo.com/dam-images/fit-in/360x360/Products/05112024_1730820972690_1730820997105_8718452764846_1.png",
    "available": true,
    "promoUntil": null
  },
  {
    "id": "582443PAK",
    "title": "Peijnenburg ontbijtkoek dubbel lekker 4-pack per stuk verpakt",
    "category": "Ontbijt, broodbeleg en bakproducten",
    "price": 2.47,
    "promoPrice": null,
    "pricePerUnit": "12.6 kg",
    "image": "https://www.jumbo.com/dam-images/fit-in/360x360/Products/14022024_1707873741412_1707873745707_8710397121722_1.png",
    "available": true,
    "promoUntil": null
  },
  {
    "id": "177324DS",
    "title": "Jumbo Groene Thee Biologisch 20 Stuks",
    "category": "Koffie en thee",
    "price": 1.79,
    "promoPrice": null,
    "pricePerUnit": "0.09 pieces",
    "image": "https://www.jumbo.com/dam-images/fit-in/360x360/Products/29092023_1695995408268_1695995414274_8718452581153_1.png",
    "available": true,
    "promoUntil": null
  },
  {
    "id": "455619FLS",
    "title": "Friesche Vlag Halvamel Halfvolle Koffiemelk 140 ml",
    "category": "Koffie en thee",
    "price": 0.85,
    "promoPrice": null,
    "pricePerUnit": "6.07 l",
    "image": "https://www.jumbo.com/dam-images/fit-in/360x360/Products/13092024_1726219995471_1726220003642_8712800100928_1.png",
    "available": true,
    "promoUntil": null
  },
  {
    "id": "484801BAK",
    "title": "Jumbo Kipfiletplakjes Italiaanse Stijl Voorgegaard Kip 135 g",
    "category": "Vlees, vis en vega",
    "price": 2.5,
    "promoPrice": null,
    "pricePerUnit": "18.52 kg",
    "image": "https://www.jumbo.com/dam-images/fit-in/360x360/Products/31012025_1738337549232_1738337556288_8718452884575_1.png",
    "available": true,
    "promoUntil": null
  },
  {
    "id": "571137DS",
    "title": "Kinder Choco Fresh 5 Stuks 102,5 g",
    "category": "Zuivel, eieren, boter",
    "price": 2.99,
    "promoPrice": null,
    "pricePerUnit": "29.03 kg",
    "image": "https://www.jumbo.com/dam-images/fit-in/360x360/Products/31122024_1735637606956_1735637614138_8000500309469_1.png",
    "available": true,
    "promoUntil": null
  },
  {
    "id": "476933FLS",
    "title": "Oliehoorn Fritessaus Fris & Kruidig 465 ml",
    "category": "Conserven, soepen, sauzen, oliën",
    "price": 2.49,
    "promoPrice": null,
    "pricePerUnit": "5.35 l",
    "image": "https://www.jumbo.com/dam-images/fit-in/360x360/Products/14082025_1755139180139_1755139184978_476933_FLS_08713277065550_C1N1.png",
    "available": true,
    "promoUntil": null
  },
  {
    "id": "635375FLS",
    "title": "Soilmates Oil Avocado Olie 500ml",
    "category": "Conserven, soepen, sauzen, oliën",
    "price": 8.36,
    "promoPrice": null,
    "pricePerUnit": "16.72 l",
    "image": "https://www.jumbo.com/dam-images/fit-in/360x360/Products/30112024_1732934520043_1732934523433_635375_FLS_08720299223202_C1N1.png",
    "available": true,
    "promoUntil": null
  },
  {
    "id": "160103POT",
    "title": "Zonnatura Biologische Fruitspread 75% Woudvruchten 250 g",
    "category": "Ontbijt, broodbeleg en bakproducten",
    "price": 4.45,
    "promoPrice": null,
    "pricePerUnit": "17.8 kg",
    "image": "https://www.jumbo.com/dam-images/fit-in/360x360/Products/05062025_1749089990732_1749089999278_160103_POT_08711812416157_H1N1.png",
    "available": true,
    "promoUntil": null
  },
  {
    "id": "672403DS",
    "title": "Servero Tropical Thrill Smoothie Fruit to Go Appel, Guave, Mango Voordeelpak 4 x 100 g",
    "category": "Conserven, soepen, sauzen, oliën",
    "price": 3.59,
    "promoPrice": null,
    "pricePerUnit": "8.98 kg",
    "image": "https://www.jumbo.com/dam-images/fit-in/360x360/Products/30012025_1738222365124_1738222373006_4008596504298_1.png",
    "available": true,
    "promoUntil": null
  },
  {
    "id": "543719ZK",
    "title": "Bertolli Kruidig Pastasaus 460 g",
    "category": "Conserven, soepen, sauzen, oliën",
    "price": 2.99,
    "promoPrice": null,
    "pricePerUnit": "6.5 kg",
    "image": "https://www.jumbo.com/dam-images/fit-in/360x360/Products/30102024_1730262351483_1730262360815_543719_ZK_08720791220044_C1N1.png",
    "available": true,
    "promoUntil": null
  },
  {
    "id": "647863ZK",
    "title": "Jumbo Dunne Crackers Kaas & Pompoenpitten 10 Stuks",
    "category": "Ontbijt, broodbeleg en bakproducten",
    "price": 2.59,
    "promoPrice": null,
    "pricePerUnit": "14.8 kg",
    "image": "https://www.jumbo.com/dam-images/fit-in/360x360/Products/14072025_1752503579336_1752503585739_8718452816026_1.png",
    "available": true,
    "promoUntil": null
  },
  {
    "id": "681341KGR",
    "title": "Jumbo Kabeljauwfilet Naturel ca. 260 g",
    "category": "Vlees, vis en vega",
    "price": 7.25,
    "promoPrice": null,
    "pricePerUnit": "27.9 kg",
    "image": "https://www.jumbo.com/dam-images/fit-in/360x360/Products/28072025_1753713236805_1753713243384_2369282000000_1.png",
    "available": true,
    "promoUntil": null
  },
  {
    "id": "71499NET",
    "title": "Jumbo Mandarijnen 1 kg",
    "category": "Aardappelen, groente en fruit",
    "price": 2.55,
    "promoPrice": null,
    "pricePerUnit": "2.55 kg",
    "image": "https://www.jumbo.com/dam-images/fit-in/360x360/Products/10082023_1691674955180_1691674959535_8711715881847_1.png",
    "available": true,
    "promoUntil": null
  },
  {
    "id": "547428FLS",
    "title": "Müller Müllermilk Milkshake Strawberry Flavour 400 g",
    "category": "Zuivel, eieren, boter",
    "price": 1.99,
    "promoPrice": null,
    "pricePerUnit": "4.98 l",
    "image": "https://www.jumbo.com/dam-images/fit-in/360x360/Products/24062025_1750727460548_1750727484876_547428_FLS_.png",
    "available": true,
    "promoUntil": null
  },
  {
    "id": "541159BLK",
    "title": "Douwe Egberts Ijskoffie Ice Cappuccino 250 ml",
    "category": "Zuivel, eieren, boter",
    "price": 1.39,
    "promoPrice": 1.0,
    "pricePerUnit": "4.0 l",
    "image": "https://www.jumbo.com/dam-images/fit-in/360x360/Products/18102024_1729221242788_1729221247931_541159_BLK_08711000675298_C1N1.png",
    "available": true,
    "promoUntil": "di 30 sep"
  },
  {
    "id": "136031TUB",
    "title": "Hela Kruiden Ketchup Curry Superieur 800 ml",
    "category": "Conserven, soepen, sauzen, oliën",
    "price": 4.69,
    "promoPrice": null,
    "pricePerUnit": "5.86 l",
    "image": "https://www.jumbo.com/dam-images/fit-in/360x360/Products/14022024_1707873913511_1707873916873_4027400148930_1.png",
    "available": true,
    "promoUntil": null
  },
  {
    "id": "412065TRA",
    "title": "Jumbo Varken Saucijs 2 Stuks",
    "category": "Vlees, vis en vega",
    "price": 2.29,
    "promoPrice": null,
    "pricePerUnit": "9.54 kg",
    "image": "https://www.jumbo.com/dam-images/fit-in/360x360/Products/05112024_1730820971820_1730820992113_8718452396979_1.png",
    "available": true,
    "promoUntil": null
  },
  {
    "id": "635300TRA",
    "title": "Jumbo Gourmetschotel Populair 645 g",
    "category": "Vlees, vis en vega",
    "price": 10.0,
    "promoPrice": null,
    "pricePerUnit": "15.5 kg",
    "image": "https://www.jumbo.com/dam-images/fit-in/360x360/Products/11122024_1733931196287_1733931205956_8718452852581_1.png",
    "available": true,
    "promoUntil": null
  },
  {
    "id": "302175POT",
    "title": "Jumbo Doperwten Wortelen 340 g",
    "category": "Conserven, soepen, sauzen, oliën",
    "price": 0.49,
    "promoPrice": null,
    "pricePerUnit": "2.23 kg",
    "image": "https://www.jumbo.com/dam-images/fit-in/360x360/Products/05122023_1701794044875_1701794061945_8718452764747_1.png",
    "available": true,
    "promoUntil": null
  },
  {
    "id": "517391BLK",
    "title": "Jumbo Groentesoep met Soepballen en Vermicelli 300ML",
    "category": "Conserven, soepen, sauzen, oliën",
    "price": 0.99,
    "promoPrice": null,
    "pricePerUnit": "3.3 l",
    "image": "https://www.jumbo.com/dam-images/fit-in/360x360/Products/30072025_1753886059850_1753886076420_8718452722440_596.png",
    "available": true,
    "promoUntil": null
  },
  {
    "id": "72223PAK",
    "title": "Snelle Jelle (Te) Krachtige Chocokoek 4 Stuks 214 g",
    "category": "Ontbijt, broodbeleg en bakproducten",
    "price": 2.79,
    "promoPrice": null,
    "pricePerUnit": "13.04 kg",
    "image": "https://www.jumbo.com/dam-images/fit-in/360x360/Products/14022024_1707873497468_1707873505586_8710432241934_1.png",
    "available": true,
    "promoUntil": null
  },
  {
    "id": "496995BKR",
    "title": "Orinoko Boterhampasta met Cacao 350 g",
    "category": "Ontbijt, broodbeleg en bakproducten",
    "price": 1.99,
    "promoPrice": null,
    "pricePerUnit": "5.69 kg",
    "image": "https://www.jumbo.com/dam-images/fit-in/360x360/Products/06032025_1741275174455_1741275185080_87172812_1.png",
    "available": true,
    "promoUntil": null
  },
  {
    "id": "452147POT",
    "title": "Jumbo Pindakaas met Stukjes Pinda 350 g",
    "category": "Ontbijt, broodbeleg en bakproducten",
    "price": 1.83,
    "promoPrice": null,
    "pricePerUnit": "5.23 kg",
    "image": "https://www.jumbo.com/dam-images/fit-in/360x360/Products/09082023_1691590336961_1691590420160_8718452584482_1.png",
    "available": true,
    "promoUntil": null
  },
  {
    "id": "319600PAK",
    "title": "Vifit drinkyoghurt perzik 500 ml",
    "category": "Zuivel, eieren, boter",
    "price": 1.59,
    "promoPrice": null,
    "pricePerUnit": "3.18 l",
    "image": "https://www.jumbo.com/dam-images/fit-in/360x360/Products/03072025_1751506998732_1751507008905_319600_PAK_08712800020400_H1N1.png",
    "available": true,
    "promoUntil": null
  },
  {
    "id": "575264ZK",
    "title": "Unox Extra Rijkgevuld Soep In Zak Tomaten Pasta 570 ml",
    "category": "Conserven, soepen, sauzen, oliën",
    "price": 4.59,
    "promoPrice": null,
    "pricePerUnit": "8.05 l",
    "image": "https://www.jumbo.com/dam-images/fit-in/360x360/Products/18122024_1734492793169_1734492810246_575264_ZK_08720182638922_C1N1.png",
    "available": true,
    "promoUntil": null
  },
  {
    "id": "420942DS",
    "title": "Pickwick Herbal Super Blends Shine Kruidenthee",
    "category": "Koffie en thee",
    "price": 2.39,
    "promoPrice": null,
    "pricePerUnit": "0.16 pieces",
    "image": "https://www.jumbo.com/dam-images/fit-in/360x360/Products/25032024_1711381275805_1711381285632_8711000484241_1.png",
    "available": true,
    "promoUntil": null
  },
  {
    "id": "69330POT",
    "title": "Grand'Italia Sugocasa Aglio met Knoflook 690 g",
    "category": "Conserven, soepen, sauzen, oliën",
    "price": 3.55,
    "promoPrice": null,
    "pricePerUnit": "5.14 kg",
    "image": "https://www.jumbo.com/dam-images/fit-in/360x360/Products/22052024_1716348626939_1716348629639_69330_POT_08000050016275_H1N1.png",
    "available": true,
    "promoUntil": null
  },
  {
    "id": "533150TRA",
    "title": "Coca-Cola Original Taste 24 x 330 ML",
    "category": "Frisdrank en sappen",
    "price": 20.77,
    "promoPrice": null,
    "pricePerUnit": "2.62 l",
    "image": "https://www.jumbo.com/dam-images/fit-in/360x360/Products/09082023_1691592915296_1691592922259_5000112659177_1.png",
    "available": true,
    "promoUntil": null
  },
  {
    "id": "198229POT",
    "title": "Jean Bâton Mayonnaise Belgian Recipe 720 ml",
    "category": "Conserven, soepen, sauzen, oliën",
    "price": 5.99,
    "promoPrice": null,
    "pricePerUnit": "9.22 kg",
    "image": "https://www.jumbo.com/dam-images/fit-in/360x360/Products/25072025_1753411458121_1753411469859_198229_POT_08718403012477_C1N1.png",
    "available": true,
    "promoUntil": null
  },
  {
    "id": "196400CUP",
    "title": "Unox Good Pasta Bolognese 68 g",
    "category": "Conserven, soepen, sauzen, oliën",
    "price": 2.19,
    "promoPrice": null,
    "pricePerUnit": "32.21 kg",
    "image": "https://www.jumbo.com/dam-images/fit-in/360x360/Products/15082025_1755223828647_1755223891160_196400_CUP_08720182878854_H1N1.png",
    "available": true,
    "promoUntil": null
  },
  {
    "id": "672533DS",
    "title": "De Ruijter Chocoladevlokken Puur 200g",
    "category": "Ontbijt, broodbeleg en bakproducten",
    "price": 2.56,
    "promoPrice": null,
    "pricePerUnit": "12.8 kg",
    "image": "https://www.jumbo.com/dam-images/fit-in/360x360/Products/09012025_1736426894132_1736426901939_672533_DS_08715700127927_H1N1.png",
    "available": true,
    "promoUntil": null
  },
  {
    "id": "674153ZK",
    "title": "Jumbo Lijnzaad Gebroken 500 g",
    "category": "Ontbijt, broodbeleg en bakproducten",
    "price": 2.96,
    "promoPrice": null,
    "pricePerUnit": "5.92 kg",
    "image": "https://www.jumbo.com/dam-images/fit-in/360x360/Products/10042025_1744295587133_1744295592614_8718452870677_1.png",
    "available": true,
    "promoUntil": null
  },
  {
    "id": "155665POT",
    "title": "Calvé Pindasaus Mild 350 g",
    "category": "Conserven, soepen, sauzen, oliën",
    "price": 3.55,
    "promoPrice": null,
    "pricePerUnit": "10.14 kg",
    "image": "https://www.jumbo.com/dam-images/fit-in/360x360/Products/30072025_1753889671003_1753889679363_8712100759772_1.png",
    "available": true,
    "promoUntil": null
  },
  {
    "id": "201105POT",
    "title": "Nescafé Gold Decaf 100 g",
    "category": "Koffie en thee",
    "price": 6.99,
    "promoPrice": null,
    "pricePerUnit": "69.9 kg",
    "image": "https://www.jumbo.com/dam-images/fit-in/360x360/Products/21062025_1750471266934_1750471296369_201105_POT_07613036314367_C1N1_s01.png",
    "available": true,
    "promoUntil": null
  },
  {
    "id": "533227TRA",
    "title": "Coca-Cola Zero Sugar 24 x 330 ml",
    "category": "Frisdrank en sappen",
    "price": 19.36,
    "promoPrice": null,
    "pricePerUnit": "2.44 l",
    "image": "https://www.jumbo.com/dam-images/fit-in/360x360/Products/09082023_1691594667271_1691594678778_5000112659184_1.png",
    "available": true,
    "promoUntil": null
  },
  {
    "id": "355321POT",
    "title": "Bonne Maman Abrikozen Confiture 370 g",
    "category": "Ontbijt, broodbeleg en bakproducten",
    "price": 2.5,
    "promoPrice": null,
    "pricePerUnit": "6.76 kg",
    "image": "https://www.jumbo.com/dam-images/fit-in/360x360/Products/24052024_1716514088309_1716514100460_355321_POT_03045320082593_C1N1.png",
    "available": true,
    "promoUntil": null
  },
  {
    "id": "709278KGR",
    "title": "Jumbo Ossenhaas ca. 280 g",
    "category": "Vlees, vis en vega",
    "price": 19.6,
    "promoPrice": null,
    "pricePerUnit": "69.99 kg",
    "image": "https://www.jumbo.com/dam-images/fit-in/360x360/Products/14072025_1752481986017_1752481991730_2353218000000_1.png",
    "available": true,
    "promoUntil": null
  },
  {
    "id": "609548DS",
    "title": "Pickwick Herbal Ginger Goodness met Honingsmaak 15 x 1,75 g",
    "category": "Koffie en thee",
    "price": 2.39,
    "promoPrice": null,
    "pricePerUnit": "0.16 pieces",
    "image": "https://www.jumbo.com/dam-images/fit-in/360x360/Products/25032024_1711381578141_1711381617760_8711000565483_1.png",
    "available": true,
    "promoUntil": null
  },
  {
    "id": "397028POT",
    "title": "Jean Bâton Mayonnaise Organic No Sugar 385 ml",
    "category": "Conserven, soepen, sauzen, oliën",
    "price": 4.27,
    "promoPrice": null,
    "pricePerUnit": "11.09 l",
    "image": "https://www.jumbo.com/dam-images/fit-in/360x360/Products/25072025_1753405242348_1753405253198_397028_POT_08718403014525_C1N1.png",
    "available": true,
    "promoUntil": null
  },
  {
    "id": "452678BAK",
    "title": "Jumbo Robuuste Havercrackers 125 g",
    "category": "Ontbijt, broodbeleg en bakproducten",
    "price": 2.81,
    "promoPrice": null,
    "pricePerUnit": "22.48 kg",
    "image": "https://www.jumbo.com/dam-images/fit-in/360x360/Products/452678_8718452593682_1_T1_452678BAK1691161465165.png",
    "available": true,
    "promoUntil": null
  },
  {
    "id": "237947STK",
    "title": "Verstegen Mix voor Koek & Speculaas 34 g",
    "category": "Wereldkeukens, kruiden, pasta en rijst",
    "price": 3.69,
    "promoPrice": null,
    "pricePerUnit": "108.53 kg",
    "image": "https://www.jumbo.com/dam-images/fit-in/360x360/Products/30082024_1724984584180_1724984587874_237947_STK_08712200365033_C1N1.png",
    "available": true,
    "promoUntil": null
  },
  {
    "id": "481085BKR",
    "title": "Almhof Roomyoghurt Walnoot Griekse Honing 500 g",
    "category": "Zuivel, eieren, boter",
    "price": 2.59,
    "promoPrice": null,
    "pricePerUnit": "5.18 kg",
    "image": "https://www.jumbo.com/dam-images/fit-in/360x360/Products/08052025_1746666106638_1746666115203_481085_BKR_.png",
    "available": true,
    "promoUntil": null
  },
  {
    "id": "636950STK",
    "title": "Jumbo Varken Verse Knakworst  320 g",
    "category": "Vlees, vis en vega",
    "price": 4.99,
    "promoPrice": null,
    "pricePerUnit": "15.59 kg",
    "image": "https://www.jumbo.com/dam-images/fit-in/360x360/Products/12122024_1734014942890_1734014950323_8718452531875_1.png",
    "available": true,
    "promoUntil": null
  },
  {
    "id": "646559POT",
    "title": "Jumbo's Rode Vruchten Fruitspread 335 g",
    "category": "Ontbijt, broodbeleg en bakproducten",
    "price": 2.69,
    "promoPrice": null,
    "pricePerUnit": "8.03 kg",
    "image": "https://www.jumbo.com/dam-images/fit-in/360x360/Products/12122024_1734003203071_1734003210156_8718452850860_1.png",
    "available": true,
    "promoUntil": null
  },
  {
    "id": "583112ZK",
    "title": "Unox Extra Rijkgevuld Soep In Zak Paprika Tomaten 570 ml",
    "category": "Conserven, soepen, sauzen, oliën",
    "price": 4.99,
    "promoPrice": null,
    "pricePerUnit": "8.75 l",
    "image": "https://www.jumbo.com/dam-images/fit-in/360x360/Products/29032025_1743222057443_1743222084927_583112_ZK_08720182646309_H1N1.png",
    "available": true,
    "promoUntil": null
  },
  {
    "id": "706675DS",
    "title": "Koopmans Tompoucecake Met Room En Glazuur 350 g",
    "category": "Ontbijt, broodbeleg en bakproducten",
    "price": 3.46,
    "promoPrice": 2.59,
    "pricePerUnit": "7.4 kg",
    "image": "https://www.jumbo.com/dam-images/fit-in/360x360/Products/25062025_1750852733043_1750852742157_706675_DS_08710466330420_C1N1_s01.png",
    "available": true,
    "promoUntil": "di 7 okt"
  },
  {
    "id": "24994DS",
    "title": "Wasa Original Crisp 200 g",
    "category": "Ontbijt, broodbeleg en bakproducten",
    "price": 2.78,
    "promoPrice": null,
    "pricePerUnit": "13.9 kg",
    "image": "https://www.jumbo.com/dam-images/fit-in/360x360/Products/31052024_1717121768458_1717121774443_24994_DS_07300400317801_C1N1.png",
    "available": true,
    "promoUntil": null
  },
  {
    "id": "403879FLS",
    "title": "YFood Gebalanceerde Drinkmaaltijd Classic Choco 500 ml",
    "category": "Zuivel, eieren, boter",
    "price": 4.39,
    "promoPrice": null,
    "pricePerUnit": "8.78 l",
    "image": "https://www.jumbo.com/dam-images/fit-in/360x360/Products/29052025_1748487248226_1748487250380_403879_FLS_04260556631745_C1N1.png",
    "available": true,
    "promoUntil": null
  },
  {
    "id": "560531PAK",
    "title": "Oddlygood Barista Oat Drink 1 L",
    "category": "Koffie en thee",
    "price": 2.39,
    "promoPrice": null,
    "pricePerUnit": "2.39 l",
    "image": "https://www.jumbo.com/dam-images/fit-in/360x360/Products/13082024_1723512071089_1723512074659_560531_PAK_06408432000157_C1N1.png",
    "available": true,
    "promoUntil": null
  },
  {
    "id": "695841ZK",
    "title": "Jumbo Gekookte Hamblokjes 2 x 125 g",
    "category": "Vlees, vis en vega",
    "price": 3.95,
    "promoPrice": null,
    "pricePerUnit": "15.8 kg",
    "image": "https://www.jumbo.com/dam-images/fit-in/360x360/Products/26062025_1750948395532_1750948401762_8718452895748_1.png",
    "available": true,
    "promoUntil": null
  },
  {
    "id": "615320FLS",
    "title": "Gouda's Glorie Slasaus Halfvol 500ML",
    "category": "Conserven, soepen, sauzen, oliën",
    "price": 1.68,
    "promoPrice": null,
    "pricePerUnit": "3.36 l",
    "image": "https://www.jumbo.com/dam-images/fit-in/360x360/Products/17092025_1758071832436_1758071837296_615320_FLS_08710448641100_C1N1.png",
    "available": true,
    "promoUntil": null
  },
  {
    "id": "73589POT",
    "title": "Grand'Italia Basilico met Basilicum 400 g",
    "category": "Conserven, soepen, sauzen, oliën",
    "price": 3.95,
    "promoPrice": null,
    "pricePerUnit": "9.88 kg",
    "image": "https://www.jumbo.com/dam-images/fit-in/360x360/Products/08032025_1741400153590_1741400156675_73589_POT_00000080023180_H1N1.png",
    "available": true,
    "promoUntil": null
  },
  {
    "id": "608187FLS",
    "title": "Powerade Mountain Blast Isotonic Sports Drink 500 ml",
    "category": "Frisdrank en sappen",
    "price": 1.75,
    "promoPrice": null,
    "pricePerUnit": "3.5 l",
    "image": "https://www.jumbo.com/dam-images/fit-in/360x360/Products/01032025_1740800873614_1740800878782_608187_FLS_05000112668353_H1N1.png",
    "available": true,
    "promoUntil": null
  },
  {
    "id": "593943CUP",
    "title": "Melkunie Protein Vanilla Quark 200 g",
    "category": "Ontbijt, broodbeleg en bakproducten",
    "price": 1.49,
    "promoPrice": null,
    "pricePerUnit": "7.45 kg",
    "image": "https://www.jumbo.com/dam-images/fit-in/360x360/Products/17062025_1750156466102_1750156469368_4016241040886_1.png",
    "available": true,
    "promoUntil": null
  },
  {
    "id": "624605TRA",
    "title": "Jumbo Kipburger",
    "category": "Vlees, vis en vega",
    "price": 3.59,
    "promoPrice": null,
    "pricePerUnit": "14.36 kg",
    "image": "https://www.jumbo.com/dam-images/fit-in/360x360/Products/21102024_1729521186774_1729521192959_8718452836086_1.png",
    "available": true,
    "promoUntil": null
  },
  {
    "id": "185051STK",
    "title": "Valess Vegetarische Gouda Schnitzel 2 Stuks 180 g",
    "category": "Vlees, vis en vega",
    "price": 3.69,
    "promoPrice": null,
    "pricePerUnit": "20.5 kg",
    "image": "https://www.jumbo.com/dam-images/fit-in/360x360/Products/12092025_1757680395650_1757680402480_8710912064725_1.png",
    "available": true,
    "promoUntil": null
  },
  {
    "id": "672532DS",
    "title": "De Ruijter Chocoladevlokken Melk 200g",
    "category": "Ontbijt, broodbeleg en bakproducten",
    "price": 2.47,
    "promoPrice": null,
    "pricePerUnit": "12.35 kg",
    "image": "https://www.jumbo.com/dam-images/fit-in/360x360/Products/09012025_1736426880799_1736426888237_672532_DS_08715700127910_H1N1.png",
    "available": true,
    "promoUntil": null
  },
  {
    "id": "681360TRA",
    "title": "Jumbo Vegan Gehakt Rul Gegaard 400 g",
    "category": "Vlees, vis en vega",
    "price": 2.55,
    "promoPrice": null,
    "pricePerUnit": "6.38 kg",
    "image": "https://www.jumbo.com/dam-images/fit-in/360x360/Products/06032025_1741249974329_1741249982497_8718452839858_1.png",
    "available": true,
    "promoUntil": null
  },
  {
    "id": "330390POT",
    "title": "Krüger Theedrank Citroensmaak 400 g",
    "category": "Koffie en thee",
    "price": 1.89,
    "promoPrice": null,
    "pricePerUnit": "4.73 kg",
    "image": "https://www.jumbo.com/dam-images/fit-in/360x360/Products/29092023_1695995089073_1695995099356_4052700013954_1.png",
    "available": true,
    "promoUntil": null
  },
  {
    "id": "578066ZK",
    "title": "Jumbo Yoghurt Griekse Stijl Aardbei 200 g",
    "category": "Zuivel, eieren, boter",
    "price": 1.39,
    "promoPrice": null,
    "pricePerUnit": "6.95 kg",
    "image": "https://www.jumbo.com/dam-images/fit-in/360x360/Products/10082023_1691677982771_1691677990560_8718452558322_1.png",
    "available": true,
    "promoUntil": null
  },
  {
    "id": "483818ZK",
    "title": "Jumbo Verse Rookworst Fijn 250 g",
    "category": "Vlees, vis en vega",
    "price": 3.5,
    "promoPrice": null,
    "pricePerUnit": "14.0 kg",
    "image": "https://www.jumbo.com/dam-images/fit-in/360x360/Products/25102024_1729856105829_1729856112933_8718452603169_1.png",
    "available": true,
    "promoUntil": null
  },
  {
    "id": "222817DS",
    "title": "Jumbo Special Flakes Pure Chocolade 300 g",
    "category": "Ontbijt, broodbeleg en bakproducten",
    "price": 1.4,
    "promoPrice": null,
    "pricePerUnit": "4.67 kg",
    "image": "https://www.jumbo.com/dam-images/fit-in/360x360/Products/16082024_1723815322992_1723815329436_8718452802975_1.png",
    "available": true,
    "promoUntil": null
  },
  {
    "id": "112750KP",
    "title": "Remia Vlees Jus 175 ml",
    "category": "Conserven, soepen, sauzen, oliën",
    "price": 2.02,
    "promoPrice": null,
    "pricePerUnit": "11.54 l",
    "image": "https://www.jumbo.com/dam-images/fit-in/360x360/Products/08122023_1702005539053_1702005543972_112750_KP_08710448685616_C1N1.png",
    "available": true,
    "promoUntil": null
  },
  {
    "id": "552361ZK",
    "title": "Jumbo Toiletpapier Zacht & Sterk 3-Laags Voordeelverpakking 24 Rollen",
    "category": "Huishouden en dieren",
    "price": 7.41,
    "promoPrice": null,
    "pricePerUnit": "0.31 pieces",
    "image": "https://www.jumbo.com/dam-images/fit-in/360x360/Products/09082023_1691593426898_1691593439177_8718452717255_1.png",
    "available": true,
    "promoUntil": null
  },
  {
    "id": "64668PAK",
    "title": "Vifit drinkyoghurt aardbei 500 ml",
    "category": "Zuivel, eieren, boter",
    "price": 1.59,
    "promoPrice": null,
    "pricePerUnit": "3.18 l",
    "image": "https://www.jumbo.com/dam-images/fit-in/360x360/Products/03072025_1751509605387_1751509614929_64668_PAK_08712800036029_H1N1.png",
    "available": true,
    "promoUntil": null
  },
  {
    "id": "565462ZK",
    "title": "TastyBasics Low Carb - High Protein Cracker Zonnebloem",
    "category": "Ontbijt, broodbeleg en bakproducten",
    "price": 3.0,
    "promoPrice": null,
    "pricePerUnit": "15.0 kg",
    "image": "https://www.jumbo.com/dam-images/fit-in/360x360/Products/10072025_1752110195742_1752110204973_565462_ZK_08718868678287_C1N1.png",
    "available": true,
    "promoUntil": null
  },
  {
    "id": "495132FLS",
    "title": "YFood Gebalanceerde Drinkmaaltijd Happy Banana 500 ml",
    "category": "Zuivel, eieren, boter",
    "price": 4.39,
    "promoPrice": null,
    "pricePerUnit": "8.78 l",
    "image": "https://www.jumbo.com/dam-images/fit-in/360x360/Products/30052025_1748570067957_1748570070041_495132_FLS_04260556631806_C1N1.png",
    "available": true,
    "promoUntil": null
  },
  {
    "id": "194043STK",
    "title": "Alpro Sojadrink Banaan Houdbaar 3 x 250 ml",
    "category": "Zuivel, eieren, boter",
    "price": 2.49,
    "promoPrice": null,
    "pricePerUnit": "3.32 l",
    "image": "https://www.jumbo.com/dam-images/fit-in/360x360/Products/25032024_1711381811237_1711381817976_5411188122029_1.png",
    "available": true,
    "promoUntil": null
  },
  {
    "id": "454588DS",
    "title": "Eat Natural Super Granola Volkoren Haver, Kokosnoot & Zaden 425 g",
    "category": "Ontbijt, broodbeleg en bakproducten",
    "price": 4.64,
    "promoPrice": null,
    "pricePerUnit": "10.92 kg",
    "image": "https://www.jumbo.com/dam-images/fit-in/360x360/Products/17012024_1705467061651_1705467065600_454588_DS_05013803001117_C1N1.png",
    "available": true,
    "promoUntil": null
  },
  {
    "id": "568830PAK",
    "title": "Heinz Tomato Frito Original 350 g",
    "category": "Conserven, soepen, sauzen, oliën",
    "price": 1.35,
    "promoPrice": null,
    "pricePerUnit": "3.86 kg",
    "image": "https://www.jumbo.com/dam-images/fit-in/360x360/Products/02082025_1754098836542_1754098844370_568830_PAK_08410066139231_H1N1.png",
    "available": true,
    "promoUntil": null
  },
  {
    "id": "597484DS",
    "title": "Caffè Perrucci Latte Caramel 164 g",
    "category": "Koffie en thee",
    "price": 3.69,
    "promoPrice": null,
    "pricePerUnit": "0.23 pieces",
    "image": "https://www.jumbo.com/dam-images/fit-in/360x360/Products/18012024_1705592042674_1705592055513_8720938111136_1.png",
    "available": true,
    "promoUntil": null
  },
  {
    "id": "613261FLS",
    "title": "Hellmann's Mayonaise Saus Truffel 250 ml",
    "category": "Conserven, soepen, sauzen, oliën",
    "price": 3.59,
    "promoPrice": 2.69,
    "pricePerUnit": "10.76 l",
    "image": "https://www.jumbo.com/dam-images/fit-in/360x360/Products/21082025_1755768843168_1755768848499_8720182745118_1.png",
    "available": true,
    "promoUntil": "di 30 sep"
  },
  {
    "id": "363969STK",
    "title": "Milka Chocopasta Chocolade Hazelnoot 350 g",
    "category": "Ontbijt, broodbeleg en bakproducten",
    "price": 3.85,
    "promoPrice": null,
    "pricePerUnit": "11.0 kg",
    "image": "https://www.jumbo.com/dam-images/fit-in/360x360/Products/11092025_1757553824459_1757553845138_363969_STK_07622201400958_C1N1_s01.png",
    "available": true,
    "promoUntil": null
  },
  {
    "id": "441230DS",
    "title": "Lipton Zwarte Thee Orange Arancia 20 stuks",
    "category": "Koffie en thee",
    "price": 2.99,
    "promoPrice": null,
    "pricePerUnit": "0.15 pieces",
    "image": "https://www.jumbo.com/dam-images/fit-in/360x360/Products/11072025_1752197896675_1752197901710_441230_DS_05063270109809_C1N1.png",
    "available": true,
    "promoUntil": null
  },
  {
    "id": "384698CUP",
    "title": "Jumbo Sesamzaad 100 g ",
    "category": "Ontbijt, broodbeleg en bakproducten",
    "price": 2.96,
    "promoPrice": null,
    "pricePerUnit": "29.6 kg",
    "image": "https://www.jumbo.com/dam-images/fit-in/360x360/Products/23122024_1734949995697_1734950005822_8718452831685_1.png",
    "available": true,
    "promoUntil": null
  },
  {
    "id": "615461DS",
    "title": "De Ruijter Feest Muisjes 330g",
    "category": "Ontbijt, broodbeleg en bakproducten",
    "price": 2.96,
    "promoPrice": null,
    "pricePerUnit": "8.97 kg",
    "image": "https://www.jumbo.com/dam-images/fit-in/360x360/Products/17042025_1744852962873_1744852969541_615461_DS_08715700126159_H1N1.png",
    "available": true,
    "promoUntil": null
  },
  {
    "id": "610246DS",
    "title": "HomeMade Complete Mix voor Wafels 400 g",
    "category": "Ontbijt, broodbeleg en bakproducten",
    "price": 2.43,
    "promoPrice": null,
    "pricePerUnit": "6.08 kg",
    "image": "https://www.jumbo.com/dam-images/fit-in/360x360/Products/25032024_1711381816939_1711381834270_8719678031361_1.png",
    "available": true,
    "promoUntil": null
  },
  {
    "id": "422547PAK",
    "title": "Lavazza Caffè Dek Classico (decaf) gemalen / filterkoffie 250 g",
    "category": "Koffie en thee",
    "price": 5.99,
    "promoPrice": null,
    "pricePerUnit": "23.96 kg",
    "image": "https://www.jumbo.com/dam-images/fit-in/360x360/Products/05042025_1743815316704_1743815326202_422547_PAK_08000070011878_C1N1.png",
    "available": true,
    "promoUntil": null
  },
  {
    "id": "602397BLK",
    "title": "Jumbo Knakworst Mager 10 Stuks",
    "category": "Conserven, soepen, sauzen, oliën",
    "price": 1.86,
    "promoPrice": null,
    "pricePerUnit": "9.3 kg",
    "image": "https://www.jumbo.com/dam-images/fit-in/360x360/Products/23022025_1740276407945_1740276424149_602397_BLK_08718452648603_C1N1.png",
    "available": true,
    "promoUntil": null
  },
  {
    "id": "624773DS",
    "title": "Jumbo Hartige Biscuits Italiaanse Kruiden & Tomaat 4 x 41,4 g",
    "category": "Koek, snoep, chocolade en chips",
    "price": 1.99,
    "promoPrice": null,
    "pricePerUnit": "11.99 kg",
    "image": "https://www.jumbo.com/dam-images/fit-in/360x360/Products/01112024_1730464446813_1730464465937_8718452885534_596.png",
    "available": true,
    "promoUntil": null
  },
  {
    "id": "634028ZK",
    "title": "Jumbo Robuust Beschuit Meergranen 230 g",
    "category": "Ontbijt, broodbeleg en bakproducten",
    "price": 2.43,
    "promoPrice": null,
    "pricePerUnit": "10.57 kg",
    "image": "https://www.jumbo.com/dam-images/fit-in/360x360/Products/04092024_1725460584082_1725460589169_8718452837908_1.png",
    "available": true,
    "promoUntil": null
  },
  {
    "id": "164007KGR",
    "title": "Jumbo Varkensrollade Gekruid ca. 700 g",
    "category": "Vlees, vis en vega",
    "price": 9.09,
    "promoPrice": null,
    "pricePerUnit": "12.99 kg",
    "image": "https://www.jumbo.com/dam-images/fit-in/360x360/Products/28072025_1753691630356_1753691635398_2346728000000_1.png",
    "available": true,
    "promoUntil": null
  },
  {
    "id": "358924POT",
    "title": "Bonne Maman Viervruchten Confiture 370 g",
    "category": "Ontbijt, broodbeleg en bakproducten",
    "price": 2.5,
    "promoPrice": null,
    "pricePerUnit": "6.76 kg",
    "image": "https://www.jumbo.com/dam-images/fit-in/360x360/Products/08122023_1702018295357_1702018306671_358924_POT_03045320082630_C1N1.png",
    "available": true,
    "promoUntil": null
  },
  {
    "id": "599208PAK",
    "title": "Hak Bonen Mix 380 g",
    "category": "Conserven, soepen, sauzen, oliën",
    "price": 1.29,
    "promoPrice": null,
    "pricePerUnit": "5.61 kg",
    "image": "https://www.jumbo.com/dam-images/fit-in/360x360/Products/15012024_1705322044896_1705322051049_8720600625107_1.png",
    "available": true,
    "promoUntil": null
  },
  {
    "id": "578663TRL",
    "title": "Jumbo Vlaatje Flip 6 x 200 g",
    "category": "Zuivel, eieren, boter",
    "price": 8.94,
    "promoPrice": null,
    "pricePerUnit": "7.45 kg",
    "image": "https://www.jumbo.com/dam-images/fit-in/360x360/Products/578663_8718449089983_1_T1_138625TRL1691150155412.png",
    "available": true,
    "promoUntil": null
  },
  {
    "id": "680147TRA",
    "title": "Jumbo Speklap à la Minute 5 Stuks",
    "category": "Vlees, vis en vega",
    "price": 5.25,
    "promoPrice": null,
    "pricePerUnit": "14.0 kg",
    "image": "https://www.jumbo.com/dam-images/fit-in/360x360/Products/14042025_1744644770562_1744644778348_8718452914029_1.png",
    "available": true,
    "promoUntil": null
  },
  {
    "id": "609431TRA",
    "title": "Jumbo Kipfilethaasjes Voorgegaard 6 Stuks",
    "category": "Vlees, vis en vega",
    "price": 4.25,
    "promoPrice": null,
    "pricePerUnit": "14.17 kg",
    "image": "https://www.jumbo.com/dam-images/fit-in/360x360/Products/21022025_1740151973618_1740151980651_8718452886951_1.png",
    "available": true,
    "promoUntil": null
  },
  {
    "id": "606759PAK",
    "title": "Oatly! The Original Bio Barista Hafer Oat 1 L",
    "category": "Zuivel, eieren, boter",
    "price": 2.89,
    "promoPrice": null,
    "pricePerUnit": "2.89 l",
    "image": "https://www.jumbo.com/dam-images/fit-in/360x360/Products/01082024_1722526454848_1722526457578_7394376621680_1.png",
    "available": true,
    "promoUntil": null
  },
  {
    "id": "526991STK",
    "title": "Jumbo Komkommer",
    "category": "Aardappelen, groente en fruit",
    "price": 0.85,
    "promoPrice": null,
    "pricePerUnit": "0.85 pieces",
    "image": "https://www.jumbo.com/dam-images/fit-in/360x360/Products/302238_8711715882257_1_T2_129647STK1691488476819.png",
    "available": true,
    "promoUntil": null
  },
  {
    "id": "441219DS",
    "title": "Lipton Groene Thee spectacular Sencha",
    "category": "Koffie en thee",
    "price": 2.89,
    "promoPrice": null,
    "pricePerUnit": "0.14 pieces",
    "image": "https://www.jumbo.com/dam-images/fit-in/360x360/Products/07092023_1694097692846_1694097702132_8711327515765_1.png",
    "available": true,
    "promoUntil": null
  },
  {
    "id": "675862ZK",
    "title": "Jumbo Romige Tomatensoep 570ML",
    "category": "Conserven, soepen, sauzen, oliën",
    "price": 2.45,
    "promoPrice": null,
    "pricePerUnit": "4.3 l",
    "image": "https://www.jumbo.com/dam-images/fit-in/360x360/Products/25042025_1745580811794_1745580829325_8718452872879_596.png",
    "available": true,
    "promoUntil": null
  },
  {
    "id": "698702DSL",
    "title": "Campina Halfvolle Melk 6 x 1L Pak",
    "category": "Zuivel, eieren, boter",
    "price": 8.88,
    "promoPrice": null,
    "pricePerUnit": "1.48 l",
    "image": "https://www.jumbo.com/dam-images/fit-in/360x360/Products/871280050929558ae3774-30b0-4e80-a2de-2604f7176e46-1750757084904.png",
    "available": true,
    "promoUntil": null
  },
  {
    "id": "712417PAK",
    "title": "Coca-Cola Original Taste 5+1 Gratis - Fles - 6 x 1,5 L",
    "category": "Frisdrank en sappen",
    "price": 14.45,
    "promoPrice": null,
    "pricePerUnit": "1.61 l",
    "image": "https://www.jumbo.com/dam-images/fit-in/360x360/Products/04082025_1754291244832_1754291254136_712417_PAK_05000112620559_H1N1.png",
    "available": true,
    "promoUntil": null
  },
  {
    "id": "147464KRT",
    "title": "Grolsch - Pils - Krat - 24 x 300ML",
    "category": "Bier en wijn",
    "price": 19.29,
    "promoPrice": null,
    "pricePerUnit": "2.68 l",
    "image": "https://www.jumbo.com/dam-images/fit-in/360x360/Products/08716700027200H1N17f0086ee-23d1-4b10-8263-ac2ee8272e1a-1758097709312.png",
    "available": true,
    "promoUntil": null
  },
  {
    "id": "214881ZK",
    "title": "Segafredo Zanetti Selezione Espresso Koffiebonen 500 g",
    "category": "Koffie en thee",
    "price": 10.99,
    "promoPrice": null,
    "pricePerUnit": "21.98 kg",
    "image": "https://www.jumbo.com/dam-images/fit-in/360x360/Products/05102023_1696498562649_1696498568658_9001810011546_1.png",
    "available": true,
    "promoUntil": null
  },
  {
    "id": "430566PAK",
    "title": "Lavazza Qualità Oro Mountain Grown 250g",
    "category": "Koffie en thee",
    "price": 7.59,
    "promoPrice": null,
    "pricePerUnit": "30.36 kg",
    "image": "https://www.jumbo.com/dam-images/fit-in/360x360/Products/26112023_1700972724087_1700972731191_430566_PAK_08000070029996_C1N1.png",
    "available": true,
    "promoUntil": null
  },
  {
    "id": "220925POT",
    "title": "Jumbo Rode Bieten met Ui 340 g",
    "category": "Conserven, soepen, sauzen, oliën",
    "price": 1.2,
    "promoPrice": null,
    "pricePerUnit": "3.53 kg",
    "image": "https://www.jumbo.com/dam-images/fit-in/360x360/Products/09082023_1691585250265_1691585258742_8718452360161_1.png",
    "available": true,
    "promoUntil": null
  },
  {
    "id": "705093PAK",
    "title": "Theunisse Kokosbrood Original 275 g",
    "category": "Ontbijt, broodbeleg en bakproducten",
    "price": 2.17,
    "promoPrice": null,
    "pricePerUnit": "7.89 kg",
    "image": "https://www.jumbo.com/dam-images/fit-in/360x360/Products/16062025_1750072852868_1750072856562_705093_PAK_08710754202880_A1N1_R.png",
    "available": true,
    "promoUntil": null
  },
  {
    "id": "665581FLS",
    "title": "Jumbo Biologische Olijfolie Extra Vierge 500ML",
    "category": "Conserven, soepen, sauzen, oliën",
    "price": 6.49,
    "promoPrice": null,
    "pricePerUnit": "12.98 l",
    "image": "https://www.jumbo.com/dam-images/fit-in/360x360/Products/12052025_1747049647264_1747049651259_8718452838387_1.png",
    "available": true,
    "promoUntil": null
  },
  {
    "id": "145463BUS",
    "title": "Jumbo Room Light 250 g",
    "category": "Zuivel, eieren, boter",
    "price": 1.95,
    "promoPrice": null,
    "pricePerUnit": "7.8 kg",
    "image": "https://www.jumbo.com/dam-images/fit-in/360x360/Products/10082023_1691676462108_1691676473234_8718449092693_1.png",
    "available": true,
    "promoUntil": null
  },
  {
    "id": "538455TRA",
    "title": "Gouda Flavour Slices 140g",
    "category": "Zuivel, eieren, boter",
    "price": 2.39,
    "promoPrice": null,
    "pricePerUnit": "17.07 kg",
    "image": "https://www.jumbo.com/dam-images/fit-in/360x360/Products/02042025_1743582812072_1743582818879_5202390030680_1.png",
    "available": true,
    "promoUntil": null
  },
  {
    "id": "521360DS",
    "title": "Honig Maaltijdmix voor Deense Rundvleessoep 74 g",
    "category": "Conserven, soepen, sauzen, oliën",
    "price": 1.99,
    "promoPrice": null,
    "pricePerUnit": "26.89 kg",
    "image": "https://www.jumbo.com/dam-images/fit-in/360x360/Products/08072025_1751940007471_1751940017036_521360_DS_08714700170674_H1N1.png",
    "available": true,
    "promoUntil": null
  },
  {
    "id": "161048DS",
    "title": "Clipper Zen Again Organic Lemongrass, Eucaluptus & Ginkgo Infusion 20 Stuks 35 g",
    "category": "Koffie en thee",
    "price": 3.69,
    "promoPrice": null,
    "pricePerUnit": "0.18 pieces",
    "image": "https://www.jumbo.com/dam-images/fit-in/360x360/Products/24042025_1745457063657_1745457071308_161048_DS_05021991940019_H1N1.png",
    "available": true,
    "promoUntil": null
  },
  {
    "id": "589507KGR",
    "title": "Jumbo Beenham Honing-Mosterd ca. 510g",
    "category": "Vlees, vis en vega",
    "price": 7.64,
    "promoPrice": null,
    "pricePerUnit": "14.99 kg",
    "image": "https://www.jumbo.com/dam-images/fit-in/360x360/Products/05112024_1730817307399_1730817315154_2348993000000_1.png",
    "available": true,
    "promoUntil": null
  },
  {
    "id": "526966PAK",
    "title": "Campina Volle Yoghurt 500 ml",
    "category": "Zuivel, eieren, boter",
    "price": 1.19,
    "promoPrice": null,
    "pricePerUnit": "2.38 l",
    "image": "https://www.jumbo.com/dam-images/fit-in/360x360/Products/24042025_1745487268692_1745487272774_8712800000822_1.png",
    "available": true,
    "promoUntil": null
  },
  {
    "id": "521731FLS",
    "title": "Melkunie Protein Strawberry Vanilla Yogurt Drink 330 ml",
    "category": "Zuivel, eieren, boter",
    "price": 1.99,
    "promoPrice": null,
    "pricePerUnit": "6.03 l",
    "image": "https://www.jumbo.com/dam-images/fit-in/360x360/Products/06052025_1746520374044_1746520379330_8718166738188_1.png",
    "available": true,
    "promoUntil": null
  },
  {
    "id": "306009BAK",
    "title": "Jumbo Druiven Wit Pitloos 500 g",
    "category": "Aardappelen, groente en fruit",
    "price": 2.49,
    "promoPrice": 1.99,
    "pricePerUnit": "3.98 kg",
    "image": "https://www.jumbo.com/dam-images/fit-in/360x360/Products/18092023_1695058491114_1695058498827_8711715881939_1.png",
    "available": true,
    "promoUntil": "di 30 sep"
  },
  {
    "id": "625092DS",
    "title": "Quaker Cruesli Zero Sugar Added Noten 400 gr",
    "category": "Ontbijt, broodbeleg en bakproducten",
    "price": 3.71,
    "promoPrice": null,
    "pricePerUnit": "9.28 kg",
    "image": "https://www.jumbo.com/dam-images/fit-in/360x360/Products/30052025_1748615586796_1748615593720_8710398529657_1.png",
    "available": true,
    "promoUntil": null
  },
  {
    "id": "164567FLS",
    "title": "Jumbo Biologisch Natuurazijn Wit 1 L",
    "category": "Conserven, soepen, sauzen, oliën",
    "price": 0.94,
    "promoPrice": null,
    "pricePerUnit": "0.94 l",
    "image": "https://www.jumbo.com/dam-images/fit-in/360x360/Products/29092023_1695995394466_1695995397911_8718452565153_1.png",
    "available": true,
    "promoUntil": null
  },
  {
    "id": "511669DS",
    "title": "Jumbo Mix voor Pannenkoeken Volkoren 400 g",
    "category": "Ontbijt, broodbeleg en bakproducten",
    "price": 0.72,
    "promoPrice": null,
    "pricePerUnit": "1.8 kg",
    "image": "https://www.jumbo.com/dam-images/fit-in/360x360/Products/01082024_1722504869150_1722504890454_8718452794348_596.png",
    "available": true,
    "promoUntil": null
  },
  {
    "id": "688099DS",
    "title": "Twinings of London Original English Breakfast 25 Stuks",
    "category": "Koffie en thee",
    "price": 4.49,
    "promoPrice": null,
    "pricePerUnit": "0.18 pieces",
    "image": "https://www.jumbo.com/dam-images/fit-in/360x360/Products/09082023_1691586653798_1691586668473_5055953902609_1.png",
    "available": true,
    "promoUntil": null
  },
  {
    "id": "430757BAK",
    "title": "Kant & Klare Satésaus Origineel 5 x 80 ml",
    "category": "Conserven, soepen, sauzen, oliën",
    "price": 3.19,
    "promoPrice": null,
    "pricePerUnit": "7.98 l",
    "image": "https://www.jumbo.com/dam-images/fit-in/360x360/Products/26022025_1740543163653_1740543169952_430757_BAK_08712200088253_C1N1.png",
    "available": true,
    "promoUntil": null
  },
  {
    "id": "159311STK",
    "title": "Clipper Pure Organic Green Tea 20 Zakjes 35 g",
    "category": "Koffie en thee",
    "price": 3.69,
    "promoPrice": null,
    "pricePerUnit": "0.18 pieces",
    "image": "https://www.jumbo.com/dam-images/fit-in/360x360/Products/24042025_1745458104003_1745458113047_159311_STK_05021991938894_H1N1.png",
    "available": true,
    "promoUntil": null
  },
  {
    "id": "376103CUP",
    "title": "Pur Natur Bio Yoghurt 750 g",
    "category": "Zuivel, eieren, boter",
    "price": 2.77,
    "promoPrice": null,
    "pricePerUnit": "3.69 kg",
    "image": "https://www.jumbo.com/dam-images/fit-in/360x360/Products/03092025_1756906416950_1756906423117_5412971016303_1.png",
    "available": true,
    "promoUntil": null
  },
  {
    "id": "702744DS",
    "title": "Pickwick Green Tea Mango & Jasmine 20 Stuks",
    "category": "Koffie en thee",
    "price": 1.99,
    "promoPrice": null,
    "pricePerUnit": "0.1 pieces",
    "image": "https://www.jumbo.com/dam-images/fit-in/360x360/Products/03062025_1748975589226_1748975597720_5997100003886_1.png",
    "available": true,
    "promoUntil": null
  },
  {
    "id": "300751STK",
    "title": "Unox Romige Pompoen Soep met Natuurlijke Ingrediënten 570 ml",
    "category": "Conserven, soepen, sauzen, oliën",
    "price": 4.99,
    "promoPrice": null,
    "pricePerUnit": "8.75 l",
    "image": "https://www.jumbo.com/dam-images/fit-in/360x360/Products/15112024_1731644026779_1731644068738_300751_STK_08717163850053_C1N1.png",
    "available": true,
    "promoUntil": null
  },
  {
    "id": "606753PAK",
    "title": "Alpro Barista Amandel Houdbaar 750ml",
    "category": "Zuivel, eieren, boter",
    "price": 2.69,
    "promoPrice": null,
    "pricePerUnit": "3.59 l",
    "image": "https://www.jumbo.com/dam-images/fit-in/360x360/Products/25032024_1711381696300_1711381708191_5411188139409_1.png",
    "available": true,
    "promoUntil": null
  },
  {
    "id": "535581POT",
    "title": "Jumbo Mayonaise Romig 350 ML",
    "category": "Conserven, soepen, sauzen, oliën",
    "price": 1.29,
    "promoPrice": null,
    "pricePerUnit": "3.69 l",
    "image": "https://www.jumbo.com/dam-images/fit-in/360x360/Products/10082023_1691677822937_1691677829000_8718452659319_1.png",
    "available": true,
    "promoUntil": null
  },
  {
    "id": "142136PAK",
    "title": "Koopmans Stroopwafelcake met Stukjes Karamel 400 g",
    "category": "Ontbijt, broodbeleg en bakproducten",
    "price": 3.06,
    "promoPrice": null,
    "pricePerUnit": "7.65 kg",
    "image": "https://www.jumbo.com/dam-images/fit-in/360x360/Products/17042025_1744861117403_1744861123528_142136_PAK_08710466269522_C1N1_s03.png",
    "available": true,
    "promoUntil": null
  },
  {
    "id": "578676ZK",
    "title": "HiPRO Protein Kwark Mango 200 g",
    "category": "Zuivel, eieren, boter",
    "price": 1.99,
    "promoPrice": 1.49,
    "pricePerUnit": "7.45 kg",
    "image": "https://www.jumbo.com/dam-images/fit-in/360x360/Products/01032025_1740798848929_1740798852067_578676_ZK_08713788123916_H1N1.png",
    "available": true,
    "promoUntil": "di 7 okt"
  },
  {
    "id": "294821BLK",
    "title": "Jumbo Asperges 185 g",
    "category": "Conserven, soepen, sauzen, oliën",
    "price": 2.19,
    "promoPrice": null,
    "pricePerUnit": "11.84 kg",
    "image": "https://www.jumbo.com/dam-images/fit-in/360x360/Products/09082023_1691586620841_1691586628771_8718452403110_1.png",
    "available": true,
    "promoUntil": null
  },
  {
    "id": "673448PAK",
    "title": "Jumbo Varkensschnitzel XXL 250 g",
    "category": "Vlees, vis en vega",
    "price": 3.0,
    "promoPrice": null,
    "pricePerUnit": "12.0 kg",
    "image": "https://www.jumbo.com/dam-images/fit-in/360x360/Products/23012025_1737628385578_1737628390995_8718452381876_1.png",
    "available": true,
    "promoUntil": null
  },
  {
    "id": "134374PAK",
    "title": "Friesche Vlag Goudband Volle Koffiemelk 70 ml",
    "category": "Zuivel, eieren, boter",
    "price": 0.89,
    "promoPrice": null,
    "pricePerUnit": "12.71 l",
    "image": "https://www.jumbo.com/dam-images/fit-in/360x360/Products/12122024_1734014859483_1734014861426_87162332_1.png",
    "available": true,
    "promoUntil": null
  },
  {
    "id": "455844DS",
    "title": "Clipper Forest Fruit Organic Black Tea 20 Stuks 40 g",
    "category": "Koffie en thee",
    "price": 3.65,
    "promoPrice": null,
    "pricePerUnit": "0.18 pieces",
    "image": "https://www.jumbo.com/dam-images/fit-in/360x360/Products/15032025_1742000424556_1742000445762_5021991943737_596.png",
    "available": true,
    "promoUntil": null
  },
  {
    "id": "80766FLS",
    "title": "Céréal Stevia Sweet Chocolade Puur 85 g",
    "category": "Ontbijt, broodbeleg en bakproducten",
    "price": 2.39,
    "promoPrice": null,
    "pricePerUnit": "28.12 kg",
    "image": "https://www.jumbo.com/dam-images/fit-in/360x360/Products/23072025_1753232484022_1753232490650_80766_FLS_05410063019744_C1N1.png",
    "available": true,
    "promoUntil": null
  },
  {
    "id": "577351STK",
    "title": "Douwe Egberts Ice Caramel Latte IJskoffie 230 ml",
    "category": "Zuivel, eieren, boter",
    "price": 1.59,
    "promoPrice": 1.0,
    "pricePerUnit": "4.35 l",
    "image": "https://www.jumbo.com/dam-images/fit-in/360x360/Products/25032024_1711381333719_1711381339513_5410138037864_1.png",
    "available": true,
    "promoUntil": "di 30 sep"
  },
  {
    "id": "50791FLS",
    "title": "Campina Halfvolle Melk 500 ml",
    "category": "Zuivel, eieren, boter",
    "price": 1.79,
    "promoPrice": null,
    "pricePerUnit": "3.58 l",
    "image": "https://www.jumbo.com/dam-images/fit-in/360x360/Products/22012025_1737515259200_1737515267973_50791_FLS_08712800025757_H1N1.png",
    "available": true,
    "promoUntil": null
  },
  {
    "id": "581966KGR",
    "title": "Jumbo Kippenbouten Gekruid 2 Stuks",
    "category": "Vlees, vis en vega",
    "price": 4.41,
    "promoPrice": null,
    "pricePerUnit": "6.79 kg",
    "image": "https://www.jumbo.com/dam-images/fit-in/360x360/Products/17102024_1729157646543_1729157652934_2348629000000_1.png",
    "available": true,
    "promoUntil": null
  },
  {
    "id": "679776ZK",
    "title": "Jumbo's Thaise Stijl Tom Kha Kai Soep 570ML",
    "category": "Conserven, soepen, sauzen, oliën",
    "price": 2.89,
    "promoPrice": null,
    "pricePerUnit": "5.07 l",
    "image": "https://www.jumbo.com/dam-images/fit-in/360x360/Products/08052025_1746714771131_1746714791021_8718452873395_596.png",
    "available": true,
    "promoUntil": null
  },
  {
    "id": "136881DSL",
    "title": "Alpro Amandeldrink Geroosterd Zonder Suikers Houdbaar 4 x 1L",
    "category": "Zuivel, eieren, boter",
    "price": 12.76,
    "promoPrice": null,
    "pricePerUnit": "3.19 l",
    "image": "https://www.jumbo.com/dam-images/fit-in/360x360/Products/136881DSL5db5369e-28d1-4f32-98b0-10ffb523d01e-1704793985479.png",
    "available": true,
    "promoUntil": null
  },
  {
    "id": "188947POT",
    "title": "Hak Bonenmix 370 g",
    "category": "Conserven, soepen, sauzen, oliën",
    "price": 2.49,
    "promoPrice": null,
    "pricePerUnit": "6.73 kg",
    "image": "https://www.jumbo.com/dam-images/fit-in/360x360/Products/09082023_1691591470647_1691591491200_8720600614132_1.png",
    "available": true,
    "promoUntil": null
  },
  {
    "id": "575265ZK",
    "title": "Unox Extra Rijkgevuld Soep In Zak Indiase Curry 570 ml",
    "category": "Conserven, soepen, sauzen, oliën",
    "price": 4.99,
    "promoPrice": null,
    "pricePerUnit": "8.75 l",
    "image": "https://www.jumbo.com/dam-images/fit-in/360x360/Products/18122024_1734492801503_1734492818300_575265_ZK_08720182660442_C1N1.png",
    "available": true,
    "promoUntil": null
  },
  {
    "id": "412061BAK",
    "title": "Jumbo Varken Braadworst Fijn 390 g",
    "category": "Vlees, vis en vega",
    "price": 3.49,
    "promoPrice": null,
    "pricePerUnit": "8.95 kg",
    "image": "https://www.jumbo.com/dam-images/fit-in/360x360/Products/05112024_1730820971921_1730820981741_8718452401710_1.png",
    "available": true,
    "promoUntil": null
  },
  {
    "id": "201522TRA",
    "title": "Jumbo Gehakt Cordon Bleu 2 Stuks",
    "category": "Vlees, vis en vega",
    "price": 3.29,
    "promoPrice": null,
    "pricePerUnit": "1.65 pieces",
    "image": "https://www.jumbo.com/dam-images/fit-in/360x360/Products/05112024_1730820971425_1730820983234_8718452521166_1.png",
    "available": true,
    "promoUntil": null
  },
  {
    "id": "515417FLS",
    "title": "Hela Honing-Mosterd Dressing 250 ml",
    "category": "Conserven, soepen, sauzen, oliën",
    "price": 2.5,
    "promoPrice": null,
    "pricePerUnit": "10.0 l",
    "image": "https://www.jumbo.com/dam-images/fit-in/360x360/Products/13022024_1707790960515_1707790968822_515417_FLS_08713883903147_C1N1.png",
    "available": true,
    "promoUntil": null
  },
  {
    "id": "160621DS",
    "title": "venz XXL hagelslag melk 380 g",
    "category": "Ontbijt, broodbeleg en bakproducten",
    "price": 3.75,
    "promoPrice": null,
    "pricePerUnit": "9.87 kg",
    "image": "https://www.jumbo.com/dam-images/fit-in/360x360/Products/18042025_1744940605071_1744940612821_160621_DS_08710391937398_H1N1.png",
    "available": true,
    "promoUntil": null
  },
  {
    "id": "480460BLK",
    "title": "Unox Vlees Schouderhammix 250 g",
    "category": "Conserven, soepen, sauzen, oliën",
    "price": 5.79,
    "promoPrice": null,
    "pricePerUnit": "28.95 kg",
    "image": "https://www.jumbo.com/dam-images/fit-in/360x360/Products/29032025_1743221752072_1743221769817_480460_BLK_08720182298072_C1N1.png",
    "available": true,
    "promoUntil": null
  },
  {
    "id": "386232DS",
    "title": "Ravensbergen Muesli+ Dark Chocolate & Hazelnut 8 x 23 g",
    "category": "Koek, snoep, chocolade en chips",
    "price": 1.41,
    "promoPrice": null,
    "pricePerUnit": "7.66 kg",
    "image": "https://www.jumbo.com/dam-images/fit-in/360x360/Products/386232_8721300870118_1_T1_386232DS1691481889213.png",
    "available": true,
    "promoUntil": null
  },
  {
    "id": "635915KGR",
    "title": "Jumbo Filet à la Minute Gemarineerd Kip ca 230 g",
    "category": "Vlees, vis en vega",
    "price": 3.49,
    "promoPrice": null,
    "pricePerUnit": "15.19 kg",
    "image": "https://www.jumbo.com/dam-images/fit-in/360x360/Products/05112024_1730820973630_1730820991940_2369195000000_1.png",
    "available": true,
    "promoUntil": null
  },
  {
    "id": "588301FLS",
    "title": "MAGGI Aroma 125G",
    "category": "Conserven, soepen, sauzen, oliën",
    "price": 1.65,
    "promoPrice": null,
    "pricePerUnit": "16.18 l",
    "image": "https://www.jumbo.com/dam-images/fit-in/360x360/Products/18092024_1726627192329_1726627197985_588301_FLS_08445290814326_H1N1_s01.png",
    "available": true,
    "promoUntil": null
  },
  {
    "id": "621119DSL",
    "title": "Quaker Cruesli 4 Noten Voordeelverpakking 4 x 850 gr",
    "category": "Ontbijt, broodbeleg en bakproducten",
    "price": 22.52,
    "promoPrice": null,
    "pricePerUnit": "6.62 kg",
    "image": "https://www.jumbo.com/dam-images/fit-in/360x360/Products/621119DSL113d92c52-ee21-4858-af3d-721432bebc71-1717402804965.png",
    "available": true,
    "promoUntil": null
  },
  {
    "id": "628057POT",
    "title": "BioToday Pompoenspread 210 g",
    "category": "Ontbijt, broodbeleg en bakproducten",
    "price": 3.89,
    "promoPrice": null,
    "pricePerUnit": "18.52 kg",
    "image": "https://www.jumbo.com/dam-images/fit-in/360x360/Products/21082025_1755790437028_1755790443920_8719153016142_1.png",
    "available": true,
    "promoUntil": null
  },
  {
    "id": "200601STK",
    "title": "Zonnatura Biologische Rijst & Hazelnoot Drink 1 L",
    "category": "Zuivel, eieren, boter",
    "price": 3.26,
    "promoPrice": null,
    "pricePerUnit": "3.26 l",
    "image": "https://www.jumbo.com/dam-images/fit-in/360x360/Products/28072025_1753713236383_1753713243787_8711812419653_596.png",
    "available": true,
    "promoUntil": null
  },
  {
    "id": "672536DS",
    "title": "De Ruijter Royaal Chocoladevlokken 240g",
    "category": "Ontbijt, broodbeleg en bakproducten",
    "price": 3.42,
    "promoPrice": null,
    "pricePerUnit": "14.25 kg",
    "image": "https://www.jumbo.com/dam-images/fit-in/360x360/Products/09012025_1736426929585_1736426937514_672536_DS_08715700127958_H1N1.png",
    "available": true,
    "promoUntil": null
  },
  {
    "id": "26234BLK",
    "title": "Coertjens Rundstoofvlees 425 g",
    "category": "Conserven, soepen, sauzen, oliën",
    "price": 4.84,
    "promoPrice": null,
    "pricePerUnit": "11.39 kg",
    "image": "https://www.jumbo.com/dam-images/fit-in/360x360/Products/18102024_1729223822532_1729223835105_26234_BLK_05410371603215_C1N1.png",
    "available": true,
    "promoUntil": null
  },
  {
    "id": "586366KGR",
    "title": "Jumbo Varken Schouderkarbonade 2 Stuks",
    "category": "Vlees, vis en vega",
    "price": 3.23,
    "promoPrice": null,
    "pricePerUnit": "8.98 kg",
    "image": "https://www.jumbo.com/dam-images/fit-in/360x360/Products/05112024_1730820972854_1730820986745_2379202000000_1.png",
    "available": true,
    "promoUntil": null
  },
  {
    "id": "160955PAK",
    "title": "Jumbo Mix voor Fijne Cake 400 g",
    "category": "Ontbijt, broodbeleg en bakproducten",
    "price": 0.89,
    "promoPrice": null,
    "pricePerUnit": "2.23 kg",
    "image": "https://www.jumbo.com/dam-images/fit-in/360x360/Products/10052024_1715351655080_1715351672187_8718452787883_596.png",
    "available": true,
    "promoUntil": null
  },
  {
    "id": "456728POT",
    "title": "MAGGI Jus Stamppot Voordeel 125 g",
    "category": "Conserven, soepen, sauzen, oliën",
    "price": 2.72,
    "promoPrice": null,
    "pricePerUnit": "21.76 kg",
    "image": "https://www.jumbo.com/dam-images/fit-in/360x360/Products/26052025_1748228830990_1748228849620_456728_POT_07613287586766_H1N1_s01.png",
    "available": true,
    "promoUntil": null
  },
  {
    "id": "510804ZK",
    "title": "Van Gilse Geleisuiker Speciaal 500 g",
    "category": "Ontbijt, broodbeleg en bakproducten",
    "price": 2.17,
    "promoPrice": null,
    "pricePerUnit": "4.34 kg",
    "image": "https://www.jumbo.com/dam-images/fit-in/360x360/Products/09082023_1691585790090_1691585800921_8710437004190_1.png",
    "available": true,
    "promoUntil": null
  },
  {
    "id": "97354POT",
    "title": "Hak Spinazie 330 g",
    "category": "Conserven, soepen, sauzen, oliën",
    "price": 2.59,
    "promoPrice": null,
    "pricePerUnit": "10.57 kg",
    "image": "https://www.jumbo.com/dam-images/fit-in/360x360/Products/09082023_1691591745213_1691591752838_8720600608940_1.png",
    "available": true,
    "promoUntil": null
  },
  {
    "id": "70152POT",
    "title": "Hak Appelmoes 197 g",
    "category": "Conserven, soepen, sauzen, oliën",
    "price": 1.89,
    "promoPrice": null,
    "pricePerUnit": "9.45 kg",
    "image": "https://www.jumbo.com/dam-images/fit-in/360x360/Products/12092023_1694522163291_1694522166932_8720600606755_1.png",
    "available": true,
    "promoUntil": null
  },
  {
    "id": "587174SC",
    "title": "Muscle Meat High Protein Meals Kipfilet Teriyaki China Mix - Bruine Rijst 450 g",
    "category": "Verse maaltijden en gemak",
    "price": 6.79,
    "promoPrice": null,
    "pricePerUnit": "15.09 kg",
    "image": "https://www.jumbo.com/dam-images/fit-in/360x360/Products/05092025_1757068433967_1757068441757_8721008247137_1.png",
    "available": true,
    "promoUntil": null
  },
  {
    "id": "537243POT",
    "title": "Jumbo Appel Compote 570 g",
    "category": "Conserven, soepen, sauzen, oliën",
    "price": 1.29,
    "promoPrice": null,
    "pricePerUnit": "2.26 kg",
    "image": "https://www.jumbo.com/dam-images/fit-in/360x360/Products/09082023_1691592110999_1691592134070_8718452648924_1.png",
    "available": true,
    "promoUntil": null
  },
  {
    "id": "564471PAK",
    "title": "Yum Yum Instant Noedels met Garnalensmaak 5 x 60 g",
    "category": "Conserven, soepen, sauzen, oliën",
    "price": 2.99,
    "promoPrice": null,
    "pricePerUnit": "9.97 kg",
    "image": "https://www.jumbo.com/dam-images/fit-in/360x360/Products/14022024_1707872668536_1707872679442_8852018511045_1.png",
    "available": true,
    "promoUntil": null
  },
  {
    "id": "627766DS",
    "title": "Jumbo Mix voor Kwarktaart Aardbeismaak 400 g",
    "category": "Ontbijt, broodbeleg en bakproducten",
    "price": 2.99,
    "promoPrice": null,
    "pricePerUnit": "7.48 kg",
    "image": "https://www.jumbo.com/dam-images/fit-in/360x360/Products/01082024_1722504869248_1722504891223_8718452788002_596.png",
    "available": true,
    "promoUntil": null
  },
  {
    "id": "645659CUP",
    "title": "Unox Good Potatoes Spek en Ui 51 g",
    "category": "Conserven, soepen, sauzen, oliën",
    "price": 2.29,
    "promoPrice": null,
    "pricePerUnit": "44.9 kg",
    "image": "https://www.jumbo.com/dam-images/fit-in/360x360/Products/03042025_1743650982806_1743651041163_645659_CUP_08720182823199_H1N1.png",
    "available": true,
    "promoUntil": null
  },
  {
    "id": "561312POT",
    "title": "Marne Licht Pittige Mosterd Limburgse 235 g",
    "category": "Conserven, soepen, sauzen, oliën",
    "price": 1.69,
    "promoPrice": null,
    "pricePerUnit": "7.19 kg",
    "image": "https://www.jumbo.com/dam-images/fit-in/360x360/Products/26092023_1695690483197_1695690486826_561312_POT_08710638002278_C1N1.png",
    "available": true,
    "promoUntil": null
  },
  {
    "id": "712419PAK",
    "title": "Coca-Cola Zero Sugar 5+1 Gratis - Fles - 6 x 1,5 L",
    "category": "Frisdrank en sappen",
    "price": 14.45,
    "promoPrice": null,
    "pricePerUnit": "1.61 l",
    "image": "https://www.jumbo.com/dam-images/fit-in/360x360/Products/04082025_1754291797367_1754291806991_712419_PAK_05000112646856_H1N1.png",
    "available": true,
    "promoUntil": null
  },
  {
    "id": "441211DS",
    "title": "Lipton Thee Infusie Rooibos",
    "category": "Koffie en thee",
    "price": 2.89,
    "promoPrice": null,
    "pricePerUnit": "0.14 pieces",
    "image": "https://www.jumbo.com/dam-images/fit-in/360x360/Products/23012024_1706016845135_1706016858676_8711327514348_1.png",
    "available": true,
    "promoUntil": null
  },
  {
    "id": "81192POT",
    "title": "Hak Bonenschotel Mexicaans 360 g",
    "category": "Conserven, soepen, sauzen, oliën",
    "price": 2.99,
    "promoPrice": null,
    "pricePerUnit": "8.31 kg",
    "image": "https://www.jumbo.com/dam-images/fit-in/360x360/Products/02082025_1754097164535_1754097171976_81192_POT_08720600610790_A1N1.png",
    "available": true,
    "promoUntil": null
  },
  {
    "id": "679752ZK",
    "title": "Jumbo Rijkgevulde Tomatensoep 570ML",
    "category": "Conserven, soepen, sauzen, oliën",
    "price": 2.69,
    "promoPrice": null,
    "pricePerUnit": "4.72 l",
    "image": "https://www.jumbo.com/dam-images/fit-in/360x360/Products/25042025_1745584348560_1745584366735_8718452873357_596.png",
    "available": true,
    "promoUntil": null
  }
]