[
  {
    "id": "684434ZK",
    "title": "Maggi Magic Asia Stir-Fry Noodles Red Curry 185 g",
    "category": "Wereldkeukens, kruiden, pasta en rijst",
    "price": 2.89,
    "promoPrice": null,
    "pricePerUnit": "15.62 kg",
    "image": "https://www.jumbo.com/dam-images/fit-in/360x360/Products/12062025_1749724405732_1749724412777_8445291683877_1.png",
    "available": true,
    "promoUntil": null
  },
  {
    "id": "79141DSL",
    "title": "Barton & Guestier – Réserve – Chardonnay 6 x 750 ml",
    "category": "Bier en wijn",
    "price": 35.94,
    "promoPrice": null,
    "pricePerUnit": "7.99 l",
    "image": "https://www.jumbo.com/dam-images/fit-in/360x360/Products/79141DSL-1692278850820.png",
    "available": true,
    "promoUntil": null
  },
  {
    "id": "495325PAK",
    "title": "Jumbo - Desem Breekbrood - 360 g",
    "category": "Brood en gebak",
    "price": 2.59,
    "promoPrice": null,
    "pricePerUnit": "7.19 kg",
    "image": "https://www.jumbo.com/dam-images/fit-in/360x360/Products/09082023_1691591317595_1691591470238_8718452646821_1.png",
    "available": true,
    "promoUntil": null
  },
  {
    "id": "632668ZK",
    "title": "Dubro Hygiëne doekjes 80st.",
    "category": "Huishouden en dieren",
    "price": 4.99,
    "promoPrice": null,
    "pricePerUnit": "0.06 pieces",
    "image": "https://www.jumbo.com/dam-images/fit-in/360x360/Products/02072025_1751422719728_1751422723881_632668_ZK_08711106025829_C1N1.png",
    "available": true,
    "promoUntil": null
  },
  {
    "id": "584389DS",
    "title": "Imodium Harde Capsules bij Diarrree 12 Stuks",
    "category": "Drogisterij en baby",
    "price": 6.89,
    "promoPrice": null,
    "pricePerUnit": "0.57 pieces",
    "image": "https://www.jumbo.com/dam-images/fit-in/360x360/Products/30072025_1753833673320_1753833679372_3574661707112_1.png",
    "available": true,
    "promoUntil": null
  },
  {
    "id": "292508STK",
    "title": "Sensodyne Fresh & Cool Mondwater voor gevoelige tanden 500ml",
    "category": "Drogisterij en baby",
    "price": 6.99,
    "promoPrice": null,
    "pricePerUnit": "13.98 l",
    "image": "https://www.jumbo.com/dam-images/fit-in/360x360/Products/12122023_1702360052862_1702360055083_292508_STK_08710464122058_C1N1.png",
    "available": true,
    "promoUntil": null
  },
  {
    "id": "626917DS",
    "title": "Honig Maaltijdpakket Italiaanse Ovenpasta 441g",
    "category": "Wereldkeukens, kruiden, pasta en rijst",
    "price": 4.49,
    "promoPrice": null,
    "pricePerUnit": "10.18 kg",
    "image": "https://www.jumbo.com/dam-images/fit-in/360x360/Products/18072025_1752800918361_1752800923930_626917_DS_08715700126920_C1N1.png",
    "available": true,
    "promoUntil": null
  },
  {
    "id": "447750FLS",
    "title": "Crystal Clear Apple Pear Fles 0,5 L",
    "category": "Frisdrank en sappen",
    "price": 1.59,
    "promoPrice": null,
    "pricePerUnit": "3.18 l",
    "image": "https://www.jumbo.com/dam-images/fit-in/360x360/Products/14022025_1739499976878_1739499986237_447750_FLS_08715600243536_H1N1.png",
    "available": true,
    "promoUntil": null
  },
  {
    "id": "551504ZK",
    "title": "Knorr Spaghetteria al Pesto Kaas & Basilicum 155 g",
    "category": "Wereldkeukens, kruiden, pasta en rijst",
    "price": 2.59,
    "promoPrice": null,
    "pricePerUnit": "16.71 kg",
    "image": "https://www.jumbo.com/dam-images/fit-in/360x360/Products/20082025_1755653738402_1755653826442_551504_ZK_08720182423917_H1N1.png",
    "available": true,
    "promoUntil": null
  },
  {
    "id": "701002BUS",
    "title": "Jumbo Deodorant Fresh Men 150ML",
    "category": "Drogisterij en baby",
    "price": 2.0,
    "promoPrice": null,
    "pricePerUnit": "13.33 l",
    "image": "https://www.jumbo.com/dam-images/fit-in/360x360/Products/24072025_1753360360514_1753360372499_8718452830084_596.png",
    "available": true,
    "promoUntil": null
  },
  {
    "id": "548075STK",
    "title": "Rummo Potato Gnocchi 500 g",
    "category": "Wereldkeukens, kruiden, pasta en rijst",
    "price": 2.99,
    "promoPrice": null,
    "pricePerUnit": "5.98 kg",
    "image": "https://www.jumbo.com/dam-images/fit-in/360x360/Products/09082023_1691586625322_1691586637834_8008343201179_1.png",
    "available": true,
    "promoUntil": null
  },
  {
    "id": "432793FLS",
    "title": "AriZona Green Tea met Honing & Perzik 500 ML",
    "category": "Frisdrank en sappen",
    "price": 1.49,
    "promoPrice": null,
    "pricePerUnit": "2.98 l",
    "image": "https://www.jumbo.com/dam-images/fit-in/360x360/Products/12122024_1734014599860_1734014604452_613008761202_1.png",
    "available": true,
    "promoUntil": null
  },
  {
    "id": "174184ZK",
    "title": "Schär Crackers Glutenvrij  6 x 35 g",
    "category": "Koek, snoep, chocolade en chips",
    "price": 3.55,
    "promoPrice": null,
    "pricePerUnit": "16.9 kg",
    "image": "https://www.jumbo.com/dam-images/fit-in/360x360/Products/02062025_1748853148828_1748853154783_8008698003503_1.png",
    "available": true,
    "promoUntil": null
  },
  {
    "id": "79073FLS",
    "title": "Riva Leone - Barolo - Nebbiolo - 750 ML",
    "category": "Bier en wijn",
    "price": 19.99,
    "promoPrice": null,
    "pricePerUnit": "26.65 l",
    "image": "https://www.jumbo.com/dam-images/fit-in/360x360/Products/09082023_1691586970844_1691586974670_8033765180177_1.png",
    "available": true,
    "promoUntil": null
  },
  {
    "id": "154469DS",
    "title": "Jumbo Hondenkoekjes Mix 500g",
    "category": "Huishouden en dieren",
    "price": 1.69,
    "promoPrice": null,
    "pricePerUnit": "3.38 kg",
    "image": "https://www.jumbo.com/dam-images/fit-in/360x360/Products/29092023_1695995269703_1695995276478_8718452549399_1.png",
    "available": true,
    "promoUntil": null
  },
  {
    "id": "684945DS",
    "title": "Jumbo Chocoladeletter Crisp Melk S 65 g",
    "category": "",
    "price": 1.29,
    "promoPrice": null,
    "pricePerUnit": "19.85 kg",
    "image": "https://www.jumbo.com/dam-images/fit-in/360x360/Products/27052025_1748360090991_1748360109913_8718452915712_596.png",
    "available": true,
    "promoUntil": null
  },
  {
    "id": "198321FLS",
    "title": "Paulaner - Hefe-Weiss Bier - Fles - 500ML",
    "category": "Bier en wijn",
    "price": 2.09,
    "promoPrice": null,
    "pricePerUnit": "4.18 l",
    "image": "https://www.jumbo.com/dam-images/fit-in/360x360/Products/16092025_1757985952647_1757985960934_198321_FLS_04066600641964_C1N1.png",
    "available": true,
    "promoUntil": null
  },
  {
    "id": "352784DS",
    "title": "Jumbo Cacao Sticks IJsjes 12 Stuks 408 g",
    "category": "Diepvries",
    "price": 1.69,
    "promoPrice": null,
    "pricePerUnit": "0.14 pieces",
    "image": "https://www.jumbo.com/dam-images/fit-in/360x360/Products/01082024_1722504868894_1722504888961_8718452850754_596.png",
    "available": true,
    "promoUntil": null
  },
  {
    "id": "444370FLS",
    "title": "Robijn Klein & Krachtig Collections Vloeibaar Wasmiddel Color Kokos 19 wasbeurten",
    "category": "Huishouden en dieren",
    "price": 18.39,
    "promoPrice": null,
    "pricePerUnit": "0.97 wb",
    "image": "https://www.jumbo.com/dam-images/fit-in/360x360/Products/13112024_1731473105025_1731473156587_444370_FLS_08720181098963_H1N1.png",
    "available": true,
    "promoUntil": null
  },
  {
    "id": "154391STK",
    "title": "Galbani Parmigiano Reggiano Kaas 100 g",
    "category": "Vleeswaren, kaas en tapas",
    "price": 3.49,
    "promoPrice": null,
    "pricePerUnit": "34.9 kg",
    "image": "https://www.jumbo.com/dam-images/fit-in/360x360/Products/08022024_1707363616200_1707363619582_154391_STK_.png",
    "available": true,
    "promoUntil": null
  },
  {
    "id": "225890STK",
    "title": "Mentos Gum White Sweet Mint Suikervrij Pot 75 stuks ",
    "category": "Koek, snoep, chocolade en chips",
    "price": 4.59,
    "promoPrice": null,
    "pricePerUnit": "0.06 pieces",
    "image": "https://www.jumbo.com/dam-images/fit-in/360x360/Products/07072025_1751902617504_1751902622832_80988915_1.png",
    "available": true,
    "promoUntil": null
  },
  {
    "id": "709465DS",
    "title": "Jumbo Verspakket Bloemkool Ovenschotel 4 Personen",
    "category": "Verse maaltijden en gemak",
    "price": 5.89,
    "promoPrice": null,
    "pricePerUnit": "6.07 kg",
    "image": "https://www.jumbo.com/dam-images/fit-in/360x360/Products/02092025_1756816429506_1756816435065_8718452933051_1.png",
    "available": true,
    "promoUntil": null
  },
  {
    "id": "634156DS",
    "title": "Robijn Collections 3-in-1 Wascapsules Color Spa Sensation 15 wasbeurten",
    "category": "Huishouden en dieren",
    "price": 14.29,
    "promoPrice": null,
    "pricePerUnit": "0.95 wb",
    "image": "https://www.jumbo.com/dam-images/fit-in/360x360/Products/09112024_1731121497532_1731121547329_634156_DS_08720181510946_H1N1.png",
    "available": true,
    "promoUntil": null
  },
  {
    "id": "405746STK",
    "title": "Swirl Vuilniszakken met Vanille-Lavendel 20 liter 12 stuks",
    "category": "Huishouden en dieren",
    "price": 3.22,
    "promoPrice": null,
    "pricePerUnit": "0.27 pieces",
    "image": "https://www.jumbo.com/dam-images/fit-in/360x360/Products/17052025_1747449583566_1747449587418_405746_STK_.png",
    "available": true,
    "promoUntil": null
  },
  {
    "id": "167846DS",
    "title": "Jumbo Tompoucen 4 Stuks",
    "category": "Diepvries",
    "price": 2.15,
    "promoPrice": null,
    "pricePerUnit": "6.94 kg",
    "image": "https://www.jumbo.com/dam-images/fit-in/360x360/Products/19062024_1718807626393_1718807644592_8718452818778_596.png",
    "available": true,
    "promoUntil": null
  },
  {
    "id": "593484ZK",
    "title": "Jumbo Kat Fijne Stukjes in Saus Sterilized 12 x 85 g",
    "category": "Huishouden en dieren",
    "price": 4.69,
    "promoPrice": null,
    "pricePerUnit": "4.6 kg",
    "image": "https://www.jumbo.com/dam-images/fit-in/360x360/Products/26042024_1714145596126_1714145618517_8718452777471_596.png",
    "available": true,
    "promoUntil": null
  },
  {
    "id": "385801BAK",
    "title": "Jumbo Huzarenschotel 400 g",
    "category": "Verse maaltijden en gemak",
    "price": 1.99,
    "promoPrice": null,
    "pricePerUnit": "4.98 kg",
    "image": "https://www.jumbo.com/dam-images/fit-in/360x360/Products/12122024_1734014501712_1734014508468_8718452459865_1.png",
    "available": true,
    "promoUntil": null
  },
  {
    "id": "640740FLS",
    "title": "HG Schimmel-, Vocht- & Weerplekken Reiniger 500ML",
    "category": "Huishouden en dieren",
    "price": 9.99,
    "promoPrice": null,
    "pricePerUnit": "19.98 l",
    "image": "https://www.jumbo.com/dam-images/fit-in/360x360/Products/14062025_1749866461098_1749866465074_640740_FLS_08711577000417_C1N1.png",
    "available": true,
    "promoUntil": null
  },
  {
    "id": "187638DS",
    "title": "Mora Mini's Kipnuggets 252 g",
    "category": "Diepvries",
    "price": 2.99,
    "promoPrice": null,
    "pricePerUnit": "11.87 kg",
    "image": "https://www.jumbo.com/dam-images/fit-in/360x360/Products/14062025_1749868322456_1749868327824_187638_DS_08710861999369_H1N1.png",
    "available": true,
    "promoUntil": null
  },
  {
    "id": "705299ZK",
    "title": "Jumbo - Meergranenbroodjes - 4 Stuks",
    "category": "Brood en gebak",
    "price": 1.99,
    "promoPrice": null,
    "pricePerUnit": "6.22 kg",
    "image": "https://www.jumbo.com/dam-images/fit-in/360x360/Products/05082024_1722872066974_1722872074192_8718452836024_1.png",
    "available": true,
    "promoUntil": null
  },
  {
    "id": "667428STK",
    "title": "HEMA Servetten 20 Stuks",
    "category": "Non-food en servicebalie",
    "price": 0.99,
    "promoPrice": null,
    "pricePerUnit": "0.05 pieces",
    "image": "https://www.jumbo.com/dam-images/fit-in/360x360/Products/09082023_1691586931070_1691586954230_8718537754809_1.png",
    "available": true,
    "promoUntil": null
  },
  {
    "id": "76491DS",
    "title": "JOZO Sea Salt Fine 300 g",
    "category": "Wereldkeukens, kruiden, pasta en rijst",
    "price": 2.69,
    "promoPrice": null,
    "pricePerUnit": "8.97 kg",
    "image": "https://www.jumbo.com/dam-images/fit-in/360x360/Products/08072025_1751937154082_1751937156290_76491_DS_08715800100967_C1N1.png",
    "available": true,
    "promoUntil": null
  },
  {
    "id": "563521PAK",
    "title": "Heinz Tomaten gezeefd biologisch",
    "category": "Wereldkeukens, kruiden, pasta en rijst",
    "price": 1.66,
    "promoPrice": null,
    "pricePerUnit": "4.74 kg",
    "image": "https://www.jumbo.com/dam-images/fit-in/360x360/Products/29042025_1745896407213_1745896410164_563521_PAK_08410066139507_A1N1.png",
    "available": true,
    "promoUntil": null
  },
  {
    "id": "710017POT",
    "title": "Royal Mediterranean Ontpitte Kalamata Variëteit Olijven 195 g",
    "category": "Wereldkeukens, kruiden, pasta en rijst",
    "price": 3.23,
    "promoPrice": null,
    "pricePerUnit": "16.56 kg",
    "image": "https://www.jumbo.com/dam-images/fit-in/360x360/Products/31072025_1753950851882_1753950859555_5201194006433_1.png",
    "available": true,
    "promoUntil": null
  },
  {
    "id": "601320ZK",
    "title": "M&M'S Choco chocolade snoepjes 200g",
    "category": "Koek, snoep, chocolade en chips",
    "price": 3.49,
    "promoPrice": null,
    "pricePerUnit": "17.45 kg",
    "image": "https://www.jumbo.com/dam-images/fit-in/360x360/Products/18082025_1755479052162_1755479056828_601320_ZK_05900951141638_H1N1.png",
    "available": true,
    "promoUntil": null
  },
  {
    "id": "685983BAK",
    "title": "Jumbo Maaltijdsalade Kip Ketjap 450 g",
    "category": "Verse maaltijden en gemak",
    "price": 4.5,
    "promoPrice": null,
    "pricePerUnit": "10.0 kg",
    "image": "https://www.jumbo.com/dam-images/fit-in/360x360/Products/15042025_1744727549369_1744727556703_8718452892839_1.png",
    "available": true,
    "promoUntil": null
  },
  {
    "id": "330978DS",
    "title": "Jumbo Lekker Vrij van Gluten Mini Cakes 6 Stuks 230 g",
    "category": "Koek, snoep, chocolade en chips",
    "price": 3.19,
    "promoPrice": null,
    "pricePerUnit": "13.87 kg",
    "image": "https://www.jumbo.com/dam-images/fit-in/360x360/Products/09082023_1691587039776_1691587045870_8718452429677_1.png",
    "available": true,
    "promoUntil": null
  },
  {
    "id": "177235STK",
    "title": "Haribo Happy Cherries 250 g",
    "category": "Koek, snoep, chocolade en chips",
    "price": 1.74,
    "promoPrice": null,
    "pricePerUnit": "6.96 kg",
    "image": "https://www.jumbo.com/dam-images/fit-in/360x360/Products/22082025_1755827422958_1755827440986_177235_STK_04001686309599_H1N1.png",
    "available": true,
    "promoUntil": null
  },
  {
    "id": "66775DS",
    "title": "Toppits Bakvellen 16 Vellen",
    "category": "Huishouden en dieren",
    "price": 3.63,
    "promoPrice": null,
    "pricePerUnit": "0.23 pieces",
    "image": "https://www.jumbo.com/dam-images/fit-in/360x360/Products/05092025_1757036560863_1757036563301_66775_DS_.png",
    "available": true,
    "promoUntil": null
  },
  {
    "id": "465008FLS",
    "title": "Gordon's - 0.0% Alcoholvrij - 700ML",
    "category": "Bier en wijn",
    "price": 16.99,
    "promoPrice": null,
    "pricePerUnit": "24.27 l",
    "image": "https://www.jumbo.com/dam-images/fit-in/360x360/Products/06112024_1730860373068_1730860381283_465008_FLS_05000289933605_C1N1.png",
    "available": true,
    "promoUntil": null
  },
  {
    "id": "705308ZK",
    "title": "Jumbo - Krokante Bolletjes Wit - 4 Stuks",
    "category": "Brood en gebak",
    "price": 1.99,
    "promoPrice": null,
    "pricePerUnit": "6.22 kg",
    "image": "https://www.jumbo.com/dam-images/fit-in/360x360/Products/05082024_1722868455016_1722868462011_8718452836031_1.png",
    "available": true,
    "promoUntil": null
  },
  {
    "id": "604156FLS",
    "title": "Mount Fishtail - Sauvignon Blanc - Rose - 750ML",
    "category": "Bier en wijn",
    "price": 8.99,
    "promoPrice": null,
    "pricePerUnit": "11.99 l",
    "image": "https://www.jumbo.com/dam-images/fit-in/360x360/Products/22072024_1721637327445_1721637330063_9421904809505_1.png",
    "available": true,
    "promoUntil": null
  },
  {
    "id": "415388DS",
    "title": "Sensodyne Repair & Protect Tandpasta voor gevoelige tanden 75 ml",
    "category": "Drogisterij en baby",
    "price": 7.29,
    "promoPrice": null,
    "pricePerUnit": "97.2 l",
    "image": "https://www.jumbo.com/dam-images/fit-in/360x360/Products/21052025_1747792166599_1747792168578_415388_DS_05054563097910_C1N1.png",
    "available": true,
    "promoUntil": null
  },
  {
    "id": "437256FLS",
    "title": "Schweppes Citrussmaken met Sinaasappel, Pompelmoes, Limoen en Mandarijn 1 L",
    "category": "Frisdrank en sappen",
    "price": 2.29,
    "promoPrice": null,
    "pricePerUnit": "2.29 l",
    "image": "https://www.jumbo.com/dam-images/fit-in/360x360/Products/22072025_1753150350099_1753150359154_437256_FLS_03124480183217_C1N1.png",
    "available": true,
    "promoUntil": null
  },
  {
    "id": "683277BUS",
    "title": "Dove Men Care Deo Spray Sandalwood Vanilla 150 ML",
    "category": "Drogisterij en baby",
    "price": 5.49,
    "promoPrice": null,
    "pricePerUnit": "36.6 l",
    "image": "https://www.jumbo.com/dam-images/fit-in/360x360/Products/04042025_1743728791585_1743728816250_683277_BUS_08720181570049_C1N1.png",
    "available": true,
    "promoUntil": null
  },
  {
    "id": "616665FLS",
    "title": "Marcel's Green Soap Orange Jasmine Handsoap 250 ml",
    "category": "Drogisterij en baby",
    "price": 3.79,
    "promoPrice": null,
    "pricePerUnit": "15.16 l",
    "image": "https://www.jumbo.com/dam-images/fit-in/360x360/Products/08032025_1741399827112_1741399833427_616665_FLS_08719189416169_C1N1.png",
    "available": true,
    "promoUntil": null
  },
  {
    "id": "595161DS",
    "title": "Jumbo Stortbakblok Ocean Blauw Water 4 x 50 g",
    "category": "Huishouden en dieren",
    "price": 1.99,
    "promoPrice": null,
    "pricePerUnit": "0.5 pieces",
    "image": "https://www.jumbo.com/dam-images/fit-in/360x360/Products/08022024_1707384969103_1707384992657_8718452758609_596.png",
    "available": true,
    "promoUntil": null
  },
  {
    "id": "87981FLS",
    "title": "Klostor Qualitätswein - Rivaner - 1 L",
    "category": "Bier en wijn",
    "price": 4.99,
    "promoPrice": null,
    "pricePerUnit": "4.99 l",
    "image": "https://www.jumbo.com/dam-images/fit-in/360x360/Products/14112024_1731554892599_1731554895244_87981_FLS_.png",
    "available": true,
    "promoUntil": null
  },
  {
    "id": "460981DS",
    "title": "Lassie Witte Snelkook Tover rijst",
    "category": "Wereldkeukens, kruiden, pasta en rijst",
    "price": 1.25,
    "promoPrice": null,
    "pricePerUnit": "3.13 kg",
    "image": "https://www.jumbo.com/dam-images/fit-in/360x360/Products/10062025_1749519946870_1749519952673_460981_DS_08718781601171_H1N1.png",
    "available": true,
    "promoUntil": null
  },
  {
    "id": "475939BLK",
    "title": "Jumbo Tomatenblokjes met Kruiden 400 g",
    "category": "Wereldkeukens, kruiden, pasta en rijst",
    "price": 1.21,
    "promoPrice": null,
    "pricePerUnit": "3.03 kg",
    "image": "https://www.jumbo.com/dam-images/fit-in/360x360/Products/10052024_1715351655712_1715351672191_8718452779499_596.png",
    "available": true,
    "promoUntil": null
  },
  {
    "id": "633608ZK",
    "title": "Holland Hopjes 160 g",
    "category": "Koek, snoep, chocolade en chips",
    "price": 1.74,
    "promoPrice": null,
    "pricePerUnit": "10.88 kg",
    "image": "https://www.jumbo.com/dam-images/fit-in/360x360/Products/30032025_1743297869796_1743297880805_633608_ZK_08721077490397_C1N1.png",
    "available": true,
    "promoUntil": null
  },
  {
    "id": "613305ZK",
    "title": "Doritos Naturel Tortilla Nacho Chips 185 gr",
    "category": "Koek, snoep, chocolade en chips",
    "price": 2.29,
    "promoPrice": null,
    "pricePerUnit": "12.38 kg",
    "image": "https://www.jumbo.com/dam-images/fit-in/360x360/Products/01052025_1746113586106_1746113591729_8710398523754_1.png",
    "available": true,
    "promoUntil": null
  },
  {
    "id": "687157ZK",
    "title": "Jumbo Kruidnoten Chocolademix 500 g",
    "category": "Koek, snoep, chocolade en chips",
    "price": 3.99,
    "promoPrice": null,
    "pricePerUnit": "7.98 kg",
    "image": "https://www.jumbo.com/dam-images/fit-in/360x360/Products/12062025_1749742493331_1749742522755_8718452922123_596.png",
    "available": true,
    "promoUntil": null
  },
  {
    "id": "77586PAK",
    "title": "Appelsientje Tomatientje 1L",
    "category": "Frisdrank en sappen",
    "price": 2.39,
    "promoPrice": null,
    "pricePerUnit": "2.39 l",
    "image": "https://www.jumbo.com/dam-images/fit-in/360x360/Products/26022025_1740562387385_1740562394814_8713300046358_1.png",
    "available": true,
    "promoUntil": null
  },
  {
    "id": "679248PAK",
    "title": "Sanpellegrino Limonade Aranciata 6 x 330 ml",
    "category": "Frisdrank en sappen",
    "price": 7.99,
    "promoPrice": null,
    "pricePerUnit": "4.04 l",
    "image": "https://www.jumbo.com/dam-images/fit-in/360x360/Products/04032025_1741095167995_1741095176258_8002270206795_1.png",
    "available": true,
    "promoUntil": null
  },
  {
    "id": "435480FLS",
    "title": "Jumbo - Pinot Grigio Rosé - Biologisch - 750ML",
    "category": "Bier en wijn",
    "price": 4.99,
    "promoPrice": null,
    "pricePerUnit": "6.65 l",
    "image": "https://www.jumbo.com/dam-images/fit-in/360x360/Products/09082023_1691592915432_1691592919308_8718452661350_1.png",
    "available": true,
    "promoUntil": null
  },
  {
    "id": "694183FLS",
    "title": "Tropicana Orange Met Vruchtvlees 1L",
    "category": "Frisdrank en sappen",
    "price": 4.29,
    "promoPrice": null,
    "pricePerUnit": "4.29 l",
    "image": "https://www.jumbo.com/dam-images/fit-in/360x360/Products/17042025_1744865668676_1744865671742_694183_FLS_01210002012270_C1N1.png",
    "available": true,
    "promoUntil": null
  },
  {
    "id": "163131FLS",
    "title": "Jumbo Bad & Douchegel met Amandel Olie 1 L",
    "category": "Drogisterij en baby",
    "price": 1.89,
    "promoPrice": null,
    "pricePerUnit": "1.89 l",
    "image": "https://www.jumbo.com/dam-images/fit-in/360x360/Products/10082023_1691674929760_1691674957667_8718452121441_1.png",
    "available": true,
    "promoUntil": null
  },
  {
    "id": "685779STK",
    "title": "Jumbo Wapenaer Kaasstengels 75g",
    "category": "Vleeswaren, kaas en tapas",
    "price": 2.99,
    "promoPrice": null,
    "pricePerUnit": "39.87 kg",
    "image": "https://www.jumbo.com/dam-images/fit-in/360x360/Products/09082023_1691588065874_1691588073444_8718452444786_1.png",
    "available": true,
    "promoUntil": null
  },
  {
    "id": "225812STK",
    "title": "Red Band Zoete Paddenstoelen Zacht Snoep 130 g",
    "category": "Koek, snoep, chocolade en chips",
    "price": 1.65,
    "promoPrice": null,
    "pricePerUnit": "12.69 kg",
    "image": "https://www.jumbo.com/dam-images/fit-in/360x360/Products/08082024_1723079532690_1723079539410_225812_STK_08713800130625_H1N1.png",
    "available": true,
    "promoUntil": null
  },
  {
    "id": "630456DS",
    "title": "Jumbo's Verrassings IJstaart Stracciatella 6-8 Personen",
    "category": "Diepvries",
    "price": 6.99,
    "promoPrice": 3.49,
    "pricePerUnit": "3.56 l",
    "image": "https://www.jumbo.com/dam-images/fit-in/360x360/Products/10122024_1733823195980_1733823228662_8718452852703_596.png",
    "available": false,
    "promoUntil": "di 4 nov"
  },
  {
    "id": "517164DS",
    "title": "Nutrilon DuoBalans 1 Volledige Zuigelingenvoeding-  Baby 0-6 Maanden 800 g",
    "category": "Drogisterij en baby",
    "price": 21.55,
    "promoPrice": null,
    "pricePerUnit": "26.94 kg",
    "image": "https://www.jumbo.com/dam-images/fit-in/360x360/Products/23092025_1758596552459_1758596576515_517164_DS_08718117612383_H1N1.png",
    "available": true,
    "promoUntil": null
  },
  {
    "id": "472065BAK",
    "title": "Jumbo - Diepvries Croissants met Kaasvulling - 4 Stuks",
    "category": "Diepvries",
    "price": 3.56,
    "promoPrice": null,
    "pricePerUnit": "0.89 pieces",
    "image": "https://www.jumbo.com/dam-images/fit-in/360x360/Products/09082023_1691590669444_1691590686157_8718452611867_1.png",
    "available": true,
    "promoUntil": null
  },
  {
    "id": "453383STK",
    "title": "Swirl Vuilniszakken met Fixeerband 20 liter 15 stuks",
    "category": "Huishouden en dieren",
    "price": 3.58,
    "promoPrice": null,
    "pricePerUnit": "0.24 pieces",
    "image": "https://www.jumbo.com/dam-images/fit-in/360x360/Products/12052025_1747049647114_1747049652469_4008871215895_1.png",
    "available": true,
    "promoUntil": null
  },
  {
    "id": "213030STK",
    "title": "Jumbo Aardappelen Kruimig 200 g",
    "category": "Aardappelen, groente en fruit",
    "price": 0.85,
    "promoPrice": null,
    "pricePerUnit": "4.25 kg",
    "image": "https://www.jumbo.com/dam-images/fit-in/360x360/Products/13092024_1726245199197_1726245206532_8718452809738_1.png",
    "available": true,
    "promoUntil": null
  },
  {
    "id": "498785TAS",
    "title": "Noel Fuet Duroc 170 g",
    "category": "Vleeswaren, kaas en tapas",
    "price": 3.19,
    "promoPrice": null,
    "pricePerUnit": "18.76 kg",
    "image": "https://www.jumbo.com/dam-images/fit-in/360x360/Products/10082023_1691677235359_1691677238307_8410783141944_1.png",
    "available": true,
    "promoUntil": null
  },
  {
    "id": "454088ZK",
    "title": "Chio Borrel Bites Mix Original 240 g ",
    "category": "Koek, snoep, chocolade en chips",
    "price": 2.39,
    "promoPrice": null,
    "pricePerUnit": "9.96 kg",
    "image": "https://www.jumbo.com/dam-images/fit-in/360x360/Products/13092025_1757731911028_1757731923808_454088_ZK_08710532442309_H1N1_R.png",
    "available": true,
    "promoUntil": null
  },
  {
    "id": "665487TUB",
    "title": "Prodent Tandpasta Wit + Fris 75 ml",
    "category": "Drogisterij en baby",
    "price": 3.59,
    "promoPrice": null,
    "pricePerUnit": "47.87 l",
    "image": "https://www.jumbo.com/dam-images/fit-in/360x360/Products/19092025_1758249123600_1758249137307_665487_TUB_08720181501135_C1N1.png",
    "available": true,
    "promoUntil": null
  },
  {
    "id": "154468DS",
    "title": "Jumbo Hondenkoekjes met Merg 500g",
    "category": "Huishouden en dieren",
    "price": 1.38,
    "promoPrice": null,
    "pricePerUnit": "2.76 kg",
    "image": "https://www.jumbo.com/dam-images/fit-in/360x360/Products/28092023_1695920540797_1695920549724_8718452549405_1.png",
    "available": true,
    "promoUntil": null
  },
  {
    "id": "26439ZK",
    "title": "Tricel Zilver Soda 1 kg",
    "category": "Huishouden en dieren",
    "price": 1.19,
    "promoPrice": null,
    "pricePerUnit": "1.19 kg",
    "image": "https://www.jumbo.com/dam-images/fit-in/360x360/Products/09082023_1691579015323_1691579025270_8710585106005_1.png",
    "available": true,
    "promoUntil": null
  },
  {
    "id": "643950ZK",
    "title": "Jumbo Geschrapte Wortelen 300 g",
    "category": "Aardappelen, groente en fruit",
    "price": 1.19,
    "promoPrice": null,
    "pricePerUnit": "3.97 kg",
    "image": "https://www.jumbo.com/dam-images/fit-in/360x360/Products/07022025_1738956794292_1738956801021_8718452837380_1.png",
    "available": true,
    "promoUntil": null
  },
  {
    "id": "546905ZK",
    "title": "Harlekijntjes Zachte Mildzoute Drop 300 g",
    "category": "Koek, snoep, chocolade en chips",
    "price": 1.97,
    "promoPrice": null,
    "pricePerUnit": "6.57 kg",
    "image": "https://www.jumbo.com/dam-images/fit-in/360x360/Products/09082023_1691591815639_1691591824229_8717524965389_1.png",
    "available": true,
    "promoUntil": null
  },
  {
    "id": "290338ZK",
    "title": "Merci Chocolade Petits Crunch Zak 125g",
    "category": "Koek, snoep, chocolade en chips",
    "price": 2.96,
    "promoPrice": null,
    "pricePerUnit": "23.68 kg",
    "image": "https://www.jumbo.com/dam-images/fit-in/360x360/Products/18012024_1705574044589_1705574051703_4014400927375_1.png",
    "available": true,
    "promoUntil": null
  },
  {
    "id": "456200TRA",
    "title": "Tommee Tippee Navulling Citrus 3 Stuks",
    "category": "Drogisterij en baby",
    "price": 29.99,
    "promoPrice": null,
    "pricePerUnit": "10.0 pieces",
    "image": "https://www.jumbo.com/dam-images/fit-in/360x360/Products/10082023_1691675597004_1691675609298_5010415510075_1.png",
    "available": true,
    "promoUntil": null
  },
  {
    "id": "685021DS",
    "title": "Jumbo Groente Mix Hollandse Stijl 450 g",
    "category": "Diepvries",
    "price": 1.49,
    "promoPrice": null,
    "pricePerUnit": "3.31 kg",
    "image": "https://www.jumbo.com/dam-images/fit-in/360x360/Products/16052025_1747387968930_1747387982086_8718452892693_596.png",
    "available": true,
    "promoUntil": null
  },
  {
    "id": "434046FLS",
    "title": "Palmolive Naturals Melk & Amandel Vloeibare Handzeep 750ml Refill",
    "category": "Drogisterij en baby",
    "price": 5.19,
    "promoPrice": null,
    "pricePerUnit": "6.92 l",
    "image": "https://www.jumbo.com/dam-images/fit-in/360x360/Products/08693495008273C1N1c9a1e55b-26f6-4f2c-8e5b-614374997d8a-1721993856496.png",
    "available": true,
    "promoUntil": null
  },
  {
    "id": "225889POT",
    "title": "Mentos Gum Pure Fresh Frost Euca Menthol Suikervrij Pot 50 stuks ",
    "category": "Koek, snoep, chocolade en chips",
    "price": 4.99,
    "promoPrice": null,
    "pricePerUnit": "49.9 kg",
    "image": "https://www.jumbo.com/dam-images/fit-in/360x360/Products/07072025_1751902617414_1751902622025_80835547_1.png",
    "available": true,
    "promoUntil": null
  },
  {
    "id": "195254FLS",
    "title": "Alpaca - Chardonnay - Semillón - 750ML",
    "category": "Bier en wijn",
    "price": 4.79,
    "promoPrice": null,
    "pricePerUnit": "6.39 l",
    "image": "https://www.jumbo.com/dam-images/fit-in/360x360/Products/22072024_1721655196954_1721655199674_7804300141196_1.png",
    "available": true,
    "promoUntil": null
  },
  {
    "id": "167795ZK",
    "title": "Brood van Soma Brabants Bruin Rogge-Tarwebrood 400 g",
    "category": "Brood en gebak",
    "price": 1.39,
    "promoPrice": null,
    "pricePerUnit": "3.48 kg",
    "image": "https://www.jumbo.com/dam-images/fit-in/360x360/Products/22012025_1737534793415_1737534801525_8710899900054_1.png",
    "available": true,
    "promoUntil": null
  },
  {
    "id": "551667STK",
    "title": "Jumbo Gevulde Brie Bieslook 180g",
    "category": "Vleeswaren, kaas en tapas",
    "price": 2.89,
    "promoPrice": null,
    "pricePerUnit": "16.06 kg",
    "image": "https://www.jumbo.com/dam-images/fit-in/360x360/Products/09082023_1691587310193_1691587319244_8718452480203_1.png",
    "available": true,
    "promoUntil": null
  },
  {
    "id": "616683BUS",
    "title": "AXE Fine Fragrance Collection Premium Deodorant Bodyspray Black Vanilla 150 ml",
    "category": "Drogisterij en baby",
    "price": 8.49,
    "promoPrice": null,
    "pricePerUnit": "56.6 l",
    "image": "https://www.jumbo.com/dam-images/fit-in/360x360/Products/14032025_1741917684193_1741917722415_616683_BUS_08720181418402_C1N1.png",
    "available": true,
    "promoUntil": null
  },
  {
    "id": "628750PAK",
    "title": "Pedigree Dentastix Medium Kauwstaaf - Gebitsverzorgende Hondensnack - 28 Stuks",
    "category": "Huishouden en dieren",
    "price": 9.89,
    "promoPrice": null,
    "pricePerUnit": "13.74 kg",
    "image": "https://www.jumbo.com/dam-images/fit-in/360x360/Products/18022025_1739892767464_1739892787295_5010394006132_596.png",
    "available": true,
    "promoUntil": null
  },
  {
    "id": "617460STK",
    "title": "Président Burger Cheddar 8 Plakjes 150 g",
    "category": "Vleeswaren, kaas en tapas",
    "price": 2.59,
    "promoPrice": null,
    "pricePerUnit": "17.27 kg",
    "image": "https://www.jumbo.com/dam-images/fit-in/360x360/Products/13112024_1731497559546_1731497572044_3228024160051_1.png",
    "available": true,
    "promoUntil": null
  },
  {
    "id": "604314FLS",
    "title": "Deep West - Zinfandel - Rose - 750ML",
    "category": "Bier en wijn",
    "price": 3.75,
    "promoPrice": null,
    "pricePerUnit": "5.0 l",
    "image": "https://www.jumbo.com/dam-images/fit-in/360x360/Products/24042024_1713943988875_1713943991851_4041584008637_1.png",
    "available": true,
    "promoUntil": null
  },
  {
    "id": "363261DS",
    "title": "Grand'Italia Besciamella Sausmix voor lasagne 2 x 50 g",
    "category": "Wereldkeukens, kruiden, pasta en rijst",
    "price": 1.97,
    "promoPrice": null,
    "pricePerUnit": "19.7 kg",
    "image": "https://www.jumbo.com/dam-images/fit-in/360x360/Products/25052024_1716599159552_1716599163466_363261_DS_00000080024842_H1N1.png",
    "available": true,
    "promoUntil": null
  },
  {
    "id": "419037CUP",
    "title": "Jumbo Tapenade Formaggio met Zongedroogde Tomaat 150 g",
    "category": "Vleeswaren, kaas en tapas",
    "price": 2.29,
    "promoPrice": null,
    "pricePerUnit": "15.27 kg",
    "image": "https://www.jumbo.com/dam-images/fit-in/360x360/Products/08052024_1715182453205_1715182462236_8718452757282_1.png",
    "available": true,
    "promoUntil": null
  },
  {
    "id": "174525DS",
    "title": "Toppits SafeLoc Diepvrieszakken 3 L 15 Stuks",
    "category": "Huishouden en dieren",
    "price": 3.75,
    "promoPrice": null,
    "pricePerUnit": "0.25 pieces",
    "image": "https://www.jumbo.com/dam-images/fit-in/360x360/Products/19042025_1745024753643_1745024756801_174525_DS_.png",
    "available": true,
    "promoUntil": null
  },
  {
    "id": "666378STK",
    "title": "Jumbo Westfaalse Cervelaat 150 g",
    "category": "Vleeswaren, kaas en tapas",
    "price": 2.49,
    "promoPrice": null,
    "pricePerUnit": "14.23 kg",
    "image": "https://www.jumbo.com/dam-images/fit-in/360x360/Products/14022025_1739539723097_1739539728691_8718452670789_1.png",
    "available": true,
    "promoUntil": null
  },
  {
    "id": "578312FLS",
    "title": "KWV - Cabernet Sauvignon - 750ML",
    "category": "Bier en wijn",
    "price": 7.99,
    "promoPrice": null,
    "pricePerUnit": "10.65 l",
    "image": "https://www.jumbo.com/dam-images/fit-in/360x360/Products/07112023_1699360683261_1699360685641_6002323025160_1.png",
    "available": true,
    "promoUntil": null
  },
  {
    "id": "667175BLK",
    "title": "Yaya Kombucha Yuzu 330ML",
    "category": "Frisdrank en sappen",
    "price": 2.29,
    "promoPrice": null,
    "pricePerUnit": "6.94 l",
    "image": "https://www.jumbo.com/dam-images/fit-in/360x360/Products/21032025_1742563986940_1742563992080_8720387731244_1.png",
    "available": true,
    "promoUntil": null
  },
  {
    "id": "559548DS",
    "title": "Gourmet Revelations Mousse Kattenvoer nat met Kip 4 x 57g",
    "category": "Huishouden en dieren",
    "price": 4.36,
    "promoPrice": null,
    "pricePerUnit": "19.12 kg",
    "image": "https://www.jumbo.com/dam-images/fit-in/360x360/Products/07613287079756C1L101c99b2d-d465-4c5e-897e-aee0b3d87a95-1727262171110.png",
    "available": true,
    "promoUntil": null
  },
  {
    "id": "432796FLS",
    "title": "RAAK Gazeuse Campagnepils Zero Sugar 0,75L",
    "category": "Frisdrank en sappen",
    "price": 0.79,
    "promoPrice": null,
    "pricePerUnit": "1.05 l",
    "image": "https://www.jumbo.com/dam-images/fit-in/360x360/Products/31032024_1711847791278_1711847794748_432796_FLS_08722200963290_C1N1.png",
    "available": true,
    "promoUntil": null
  },
  {
    "id": "561212PAK",
    "title": "Hertog Jan - Grand Pilsener - Blik - 6 x 330ML",
    "category": "Bier en wijn",
    "price": 7.79,
    "promoPrice": null,
    "pricePerUnit": "3.93 l",
    "image": "https://www.jumbo.com/dam-images/fit-in/360x360/Products/561212_8725000660994_1_T1_561212PAK1691065162236.png",
    "available": true,
    "promoUntil": null
  },
  {
    "id": "558430POT",
    "title": "Verstegen 4 Seizoenenpeper 150 g",
    "category": "Wereldkeukens, kruiden, pasta en rijst",
    "price": 8.9,
    "promoPrice": null,
    "pricePerUnit": "59.33 kg",
    "image": "https://www.jumbo.com/dam-images/fit-in/360x360/Products/31082024_1725068295990_1725068300472_558430_POT_08712200945921_C1N1.png",
    "available": true,
    "promoUntil": null
  },
  {
    "id": "505927POT",
    "title": "Jumbo Roerbaksaus Tikka Masala Met Tomaat 480 g",
    "category": "Wereldkeukens, kruiden, pasta en rijst",
    "price": 1.89,
    "promoPrice": null,
    "pricePerUnit": "3.86 kg",
    "image": "https://www.jumbo.com/dam-images/fit-in/360x360/Products/505927_8718452634439_1_T1_505927POT1691136553017.png",
    "available": true,
    "promoUntil": null
  },
  {
    "id": "576096CUP",
    "title": "Jumbo Duo Heks'nkaas Origineel met Grissini 140 g",
    "category": "Vleeswaren, kaas en tapas",
    "price": 2.99,
    "promoPrice": null,
    "pricePerUnit": "21.36 kg",
    "image": "https://www.jumbo.com/dam-images/fit-in/360x360/Products/14022024_1707873643684_1707873649766_8718452757589_1.png",
    "available": true,
    "promoUntil": null
  },
  {
    "id": "554515ZK",
    "title": "Jumbo Munten Drop Hard & Zoet 350 g",
    "category": "Koek, snoep, chocolade en chips",
    "price": 1.25,
    "promoPrice": null,
    "pricePerUnit": "3.57 kg",
    "image": "https://www.jumbo.com/dam-images/fit-in/360x360/Products/09082023_1691592922105_1691593010122_8718452689835_1.png",
    "available": true,
    "promoUntil": null
  },
  {
    "id": "215207STK",
    "title": "Jumbo Smeuige Risotto met Truffel 250 g",
    "category": "Wereldkeukens, kruiden, pasta en rijst",
    "price": 2.79,
    "promoPrice": null,
    "pricePerUnit": "11.16 kg",
    "image": "https://www.jumbo.com/dam-images/fit-in/360x360/Products/09082023_1691585026060_1691585039016_8718452333707_1.png",
    "available": true,
    "promoUntil": null
  },
  {
    "id": "411369ZK",
    "title": "MAGGI Noodles Curry 185g",
    "category": "Wereldkeukens, kruiden, pasta en rijst",
    "price": 2.89,
    "promoPrice": null,
    "pricePerUnit": "15.62 kg",
    "image": "https://www.jumbo.com/dam-images/fit-in/360x360/Products/24092025_1758679921337_1758679934156_411369_ZK_07613287066954_H1N1_s01.png",
    "available": true,
    "promoUntil": null
  },
  {
    "id": "560119ZK",
    "title": "HEMA Lepels Hout - 10 Stuks",
    "category": "Non-food en servicebalie",
    "price": 1.39,
    "promoPrice": null,
    "pricePerUnit": "0.14 pieces",
    "image": "https://www.jumbo.com/dam-images/fit-in/360x360/Products/09082023_1691588066604_1691588071765_8720354028056_1.png",
    "available": true,
    "promoUntil": null
  },
  {
    "id": "341659PAK",
    "title": "Healthy People Granaatappel 1 L",
    "category": "Frisdrank en sappen",
    "price": 2.99,
    "promoPrice": null,
    "pricePerUnit": "2.99 l",
    "image": "https://www.jumbo.com/dam-images/fit-in/360x360/Products/04092025_1756996410908_1756996415412_8717677035007_1.png",
    "available": true,
    "promoUntil": null
  },
  {
    "id": "686997FLS",
    "title": "Grand Sud - Chardonnay - Alcoholvrij 0% -  1 L",
    "category": "Bier en wijn",
    "price": 5.99,
    "promoPrice": null,
    "pricePerUnit": "5.99 l",
    "image": "https://www.jumbo.com/dam-images/fit-in/360x360/Products/03062025_1748968348413_1748968355466_3263280125925_1.png",
    "available": true,
    "promoUntil": null
  },
  {
    "id": "644098KGR",
    "title": "Jumbo Streek Limburgse Dubbel Gebakken Pastei ca. 120 g",
    "category": "Vleeswaren, kaas en tapas",
    "price": 2.46,
    "promoPrice": null,
    "pricePerUnit": "20.5 kg",
    "image": "https://www.jumbo.com/dam-images/fit-in/360x360/Products/09092025_1757421315011_1757421323446_2346765000000_1.png",
    "available": true,
    "promoUntil": null
  },
  {
    "id": "77003FLS",
    "title": "Blue Wonder Alles Reiniger 750 ml",
    "category": "Huishouden en dieren",
    "price": 3.99,
    "promoPrice": null,
    "pricePerUnit": "5.32 l",
    "image": "https://www.jumbo.com/dam-images/fit-in/360x360/Products/24122024_1735007324036_1735007327221_77003_FLS_08712038000007_C1N1.png",
    "available": true,
    "promoUntil": null
  },
  {
    "id": "530010FLS",
    "title": "Arizona Cowboy Cocktail Fruit Punch 500 ML",
    "category": "Frisdrank en sappen",
    "price": 1.49,
    "promoPrice": null,
    "pricePerUnit": "2.98 l",
    "image": "https://www.jumbo.com/dam-images/fit-in/360x360/Products/24052024_1716517986427_1716517989337_530010_FLS_00613008739027_C1N1.png",
    "available": true,
    "promoUntil": null
  },
  {
    "id": "665157BLS",
    "title": "Jumbo Chocolate Cookie Bars met Pure Chocoladestukjes 6 Stuks",
    "category": "Koek, snoep, chocolade en chips",
    "price": 1.99,
    "promoPrice": null,
    "pricePerUnit": "13.82 kg",
    "image": "https://www.jumbo.com/dam-images/fit-in/360x360/Products/17032025_1742211313329_1742211336034_8718452875276_596.png",
    "available": true,
    "promoUntil": null
  },
  {
    "id": "538535DS",
    "title": "Desperados Original Bier Blik 7+1 x 330ml",
    "category": "Bier en wijn",
    "price": 11.76,
    "promoPrice": null,
    "pricePerUnit": "4.45 l",
    "image": "https://www.jumbo.com/dam-images/fit-in/360x360/Products/07012025_1736267693842_1736267698317_8712000059293_1.png",
    "available": true,
    "promoUntil": null
  },
  {
    "id": "520074STK",
    "title": "Rosewood Chewy Sticks Zalm Small, 8 Stuks",
    "category": "Huishouden en dieren",
    "price": 3.32,
    "promoPrice": null,
    "pricePerUnit": "0.42 pieces",
    "image": "https://www.jumbo.com/dam-images/fit-in/360x360/Products/11042024_1712793797425_1712793803799_8712113455173_1.png",
    "available": true,
    "promoUntil": null
  },
  {
    "id": "454944ZK",
    "title": "Klene Muntdrop Suikervrij 100g",
    "category": "Koek, snoep, chocolade en chips",
    "price": 2.56,
    "promoPrice": null,
    "pricePerUnit": "25.6 kg",
    "image": "https://www.jumbo.com/dam-images/fit-in/360x360/Products/07072025_1751902636122_1751902640422_8723400795209_1.png",
    "available": true,
    "promoUntil": null
  },
  {
    "id": "78960BLK",
    "title": "Danerolles Croissants Classic 6 Stuks 240 g",
    "category": "Brood en gebak",
    "price": 1.99,
    "promoPrice": null,
    "pricePerUnit": "8.29 kg",
    "image": "https://www.jumbo.com/dam-images/fit-in/360x360/Products/04092024_1725438917587_1725438923082_8713788118363_1.png",
    "available": true,
    "promoUntil": null
  },
  {
    "id": "683122DS",
    "title": "Bavaria 0.0% Lemon Lime 6x330ML",
    "category": "Bier en wijn",
    "price": 5.99,
    "promoPrice": null,
    "pricePerUnit": "3.03 l",
    "image": "https://www.jumbo.com/dam-images/fit-in/360x360/Products/08714800051514C1N1ff1c033b-a709-4c6e-92d5-13c4773808bd-1747040090784.png",
    "available": true,
    "promoUntil": null
  },
  {
    "id": "25710POT",
    "title": "Jozo Low Sodium Salt Fine 450 g",
    "category": "Wereldkeukens, kruiden, pasta en rijst",
    "price": 2.99,
    "promoPrice": null,
    "pricePerUnit": "6.64 kg",
    "image": "https://www.jumbo.com/dam-images/fit-in/360x360/Products/26022025_1740555224400_1740555228371_8715800001073_1.png",
    "available": true,
    "promoUntil": null
  },
  {
    "id": "553433FLS",
    "title": "Lipton Ice Tea Green Mango Zero Sugar 500ml",
    "category": "Frisdrank en sappen",
    "price": 1.0,
    "promoPrice": null,
    "pricePerUnit": "2.0 l",
    "image": "https://www.jumbo.com/dam-images/fit-in/360x360/Products/17072025_1752714952745_1752714993676_553433_FLS_08711327586697_H1N1.png",
    "available": true,
    "promoUntil": null
  },
  {
    "id": "226731STK",
    "title": "Rosewood Trio Sticks Large 3 Stuks",
    "category": "Huishouden en dieren",
    "price": 6.36,
    "promoPrice": null,
    "pricePerUnit": "2.12 pieces",
    "image": "https://www.jumbo.com/dam-images/fit-in/360x360/Products/20032025_1742440524695_1742440528397_226731_STK_08712113458495_C1N1_s01.png",
    "available": true,
    "promoUntil": null
  },
  {
    "id": "671264FLS",
    "title": "Brouwerij 't IJ - Vrijwit - 0,5% Alcoholarm - 330 ml",
    "category": "Bier en wijn",
    "price": 2.55,
    "promoPrice": null,
    "pricePerUnit": "7.73 l",
    "image": "https://www.jumbo.com/dam-images/fit-in/360x360/Products/24122024_1735048472560_1735048477089_671264_FLS_08717545263860_C1N1.png",
    "available": true,
    "promoUntil": null
  },
  {
    "id": "637323BAK",
    "title": "Marhaba Kalkoen Pepersalami 100 g",
    "category": "Vleeswaren, kaas en tapas",
    "price": 2.69,
    "promoPrice": null,
    "pricePerUnit": "26.9 kg",
    "image": "https://www.jumbo.com/dam-images/fit-in/360x360/Products/22072025_1753209222929_1753209229613_8717545694633_1.png",
    "available": true,
    "promoUntil": null
  },
  {
    "id": "173837ZK",
    "title": "Jumbo Pangasiusfilet 270 g",
    "category": "Diepvries",
    "price": 2.49,
    "promoPrice": null,
    "pricePerUnit": "9.22 kg",
    "image": "https://www.jumbo.com/dam-images/fit-in/360x360/Products/29092023_1695995553733_1695995558673_8718452581290_1.png",
    "available": true,
    "promoUntil": null
  },
  {
    "id": "668562PAK",
    "title": "Jumbo Bosfruit met Appel & Zuivel 1,5 L",
    "category": "Frisdrank en sappen",
    "price": 1.35,
    "promoPrice": null,
    "pricePerUnit": "0.9 l",
    "image": "https://www.jumbo.com/dam-images/fit-in/360x360/Products/26022025_1740587608708_1740587621905_8718452892723_596.png",
    "available": true,
    "promoUntil": null
  },
  {
    "id": "610225DS",
    "title": "Sultana Mueslireep Chocolade & Hazelnoot 5 Stuks 125 g",
    "category": "Koek, snoep, chocolade en chips",
    "price": 2.29,
    "promoPrice": null,
    "pricePerUnit": "18.32 kg",
    "image": "https://www.jumbo.com/dam-images/fit-in/360x360/Products/18012024_1705549117984_1705549122766_610225_DS_08710412044067_C1N1.png",
    "available": true,
    "promoUntil": null
  },
  {
    "id": "422130FLS",
    "title": "Apenshot - Likorette - 500ML",
    "category": "Bier en wijn",
    "price": 9.99,
    "promoPrice": null,
    "pricePerUnit": "19.98 l",
    "image": "https://www.jumbo.com/dam-images/fit-in/360x360/Products/07032024_1709783563381_1709783566265_422130_FLS_08719322640727_C1N1.png",
    "available": true,
    "promoUntil": null
  },
  {
    "id": "688646DSL",
    "title": "Robijn Wasverzachter Puur & Zacht 8 x 780 ml",
    "category": "Huishouden en dieren",
    "price": 54.32,
    "promoPrice": 27.16,
    "pricePerUnit": "0.17 wb",
    "image": "https://www.jumbo.com/dam-images/fit-in/360x360/Products/08720181633522H1N101a48b23-5ea3-494b-b280-e067767e2c95-1749108467793.png",
    "available": true,
    "promoUntil": "di 7 okt"
  },
  {
    "id": "351197PAK",
    "title": "NUTS Melkchocolade snacksize 5-pack",
    "category": "Koek, snoep, chocolade en chips",
    "price": 3.65,
    "promoPrice": null,
    "pricePerUnit": "24.33 kg",
    "image": "https://www.jumbo.com/dam-images/fit-in/360x360/Products/24072024_1721784325993_1721784331619_351197_PAK_08593893769687_C1N1_s01.png",
    "available": true,
    "promoUntil": null
  },
  {
    "id": "26129ZK",
    "title": "Toko Lien Geraspte Kokos 300 g",
    "category": "Wereldkeukens, kruiden, pasta en rijst",
    "price": 1.99,
    "promoPrice": null,
    "pricePerUnit": "6.63 kg",
    "image": "https://www.jumbo.com/dam-images/fit-in/360x360/Products/09082023_1691585106848_1691585115708_8712544910388_1.png",
    "available": true,
    "promoUntil": null
  },
  {
    "id": "540481BLK",
    "title": "Charlie's Sparkling Water Lemon 330ML",
    "category": "Frisdrank en sappen",
    "price": 1.08,
    "promoPrice": null,
    "pricePerUnit": "3.27 l",
    "image": "https://www.jumbo.com/dam-images/fit-in/360x360/Products/31102023_1698719998508_1698720000508_540481_BLK_08718858611973_C1N1.png",
    "available": true,
    "promoUntil": null
  },
  {
    "id": "608118FLS",
    "title": "Coca-Cola Zero Sugar Vanilla Frisdrank 1,5 L",
    "category": "Frisdrank en sappen",
    "price": 2.99,
    "promoPrice": null,
    "pricePerUnit": "1.99 l",
    "image": "https://www.jumbo.com/dam-images/fit-in/360x360/Products/02022024_1706842169167_1706842174418_608118_FLS_05000112668315_H1N1.png",
    "available": true,
    "promoUntil": null
  },
  {
    "id": "576373FLS",
    "title": "Dettol Hydrating Wasgel Aloë Vera Navulling 500 ml",
    "category": "Drogisterij en baby",
    "price": 4.79,
    "promoPrice": null,
    "pricePerUnit": "9.58 l",
    "image": "https://www.jumbo.com/dam-images/fit-in/360x360/Products/30032025_1743299740972_1743299750121_576373_FLS_05410036311226_C1N1.png",
    "available": true,
    "promoUntil": null
  },
  {
    "id": "608763KGR",
    "title": "Jumbo Nagelkaas Oud Gesneden Friese Nagelkaas 40+",
    "category": "Vleeswaren, kaas en tapas",
    "price": 4.0,
    "promoPrice": null,
    "pricePerUnit": "19.99 kg",
    "image": "https://www.jumbo.com/dam-images/fit-in/360x360/Products/12122024_1734017641167_1734017644627_2301219000000_1.png",
    "available": true,
    "promoUntil": null
  },
  {
    "id": "167426POT",
    "title": "Jumbo Biologisch Groene Olijven Zonder Pit 300 g",
    "category": "Wereldkeukens, kruiden, pasta en rijst",
    "price": 1.63,
    "promoPrice": null,
    "pricePerUnit": "12.07 kg",
    "image": "https://www.jumbo.com/dam-images/fit-in/360x360/Products/26032025_1743006790323_1743006798447_8718452558735_1.png",
    "available": true,
    "promoUntil": null
  },
  {
    "id": "531564BKR",
    "title": "La Place Verse Soep Bospaddenstoelen 500g",
    "category": "Verse maaltijden en gemak",
    "price": 3.79,
    "promoPrice": null,
    "pricePerUnit": "7.58 kg",
    "image": "https://www.jumbo.com/dam-images/fit-in/360x360/Products/30112023_1701358505799_1701358515826_8718452678167_1.png",
    "available": true,
    "promoUntil": null
  },
  {
    "id": "694708ZK",
    "title": "Katja Snoep Al Paca Cola 250g",
    "category": "Koek, snoep, chocolade en chips",
    "price": 2.56,
    "promoPrice": null,
    "pricePerUnit": "10.24 kg",
    "image": "https://www.jumbo.com/dam-images/fit-in/360x360/Products/22042025_1745316194206_1745316207357_694708_ZK_08716100132474_C1N1.png",
    "available": true,
    "promoUntil": null
  },
  {
    "id": "666331TRA",
    "title": "Jumbo Milkshake Koekjes met Cacao- en Melkcrème 200 g",
    "category": "Koek, snoep, chocolade en chips",
    "price": 1.99,
    "promoPrice": null,
    "pricePerUnit": "9.95 kg",
    "image": "https://www.jumbo.com/dam-images/fit-in/360x360/Products/18042025_1744972367855_1744972374303_8718452884476_1.png",
    "available": true,
    "promoUntil": null
  },
  {
    "id": "574534CUP",
    "title": "Robijn Classics 3-in-1 Wascapsules Black Velvet 40 wasbeurten",
    "category": "Huishouden en dieren",
    "price": 25.0,
    "promoPrice": null,
    "pricePerUnit": "0.63 wb",
    "image": "https://www.jumbo.com/dam-images/fit-in/360x360/Products/23092025_1758600229405_1758600293779_574534_CUP_08720181395369_H1N1.png",
    "available": true,
    "promoUntil": null
  },
  {
    "id": "707470DS",
    "title": "Cornet Oaked Blond 4x330ML",
    "category": "Bier en wijn",
    "price": 7.99,
    "promoPrice": null,
    "pricePerUnit": "6.05 l",
    "image": "https://www.jumbo.com/dam-images/fit-in/360x360/Products/05410783004624C1N198363a9f-c3e1-4979-a19a-6d3e8633d5d0-1754902612997.png",
    "available": true,
    "promoUntil": null
  },
  {
    "id": "338968STK",
    "title": "Rummo Bio Volkoren Fusilli  N° 48 500 g",
    "category": "Wereldkeukens, kruiden, pasta en rijst",
    "price": 2.79,
    "promoPrice": null,
    "pricePerUnit": "5.58 kg",
    "image": "https://www.jumbo.com/dam-images/fit-in/360x360/Products/09082023_1691586624380_1691586639544_8008343700481_1.png",
    "available": true,
    "promoUntil": null
  },
  {
    "id": "158429DS",
    "title": "Céréal Gluten Free Lactose Free Mini Cakes Marmer 6 Stuks 200 g",
    "category": "Koek, snoep, chocolade en chips",
    "price": 3.81,
    "promoPrice": null,
    "pricePerUnit": "19.05 kg",
    "image": "https://www.jumbo.com/dam-images/fit-in/360x360/Products/04092024_1725412966605_1725412969965_158429_DS_05410063023949_C1N1.png",
    "available": true,
    "promoUntil": null
  },
  {
    "id": "608133PAK",
    "title": "FuzeTea No Sugar Black Tea Watermeloen- en Muntsmaak Frisdrank 1,5 L",
    "category": "Frisdrank en sappen",
    "price": 3.09,
    "promoPrice": null,
    "pricePerUnit": "2.06 l",
    "image": "https://www.jumbo.com/dam-images/fit-in/360x360/Products/02022024_1706841900968_1706841906951_608133_PAK_05449000322104_H1N1.png",
    "available": true,
    "promoUntil": null
  },
  {
    "id": "670380DS",
    "title": "Beckers Frikandel 5 Stuks",
    "category": "Diepvries",
    "price": 2.49,
    "promoPrice": null,
    "pricePerUnit": "0.5 pieces",
    "image": "https://www.jumbo.com/dam-images/fit-in/360x360/Products/23012025_1737601193195_1737601200962_670380_DS_08710555153787_C1N1.png",
    "available": true,
    "promoUntil": null
  },
  {
    "id": "708449CUP",
    "title": "Jumbo Ongebrande Walnoten 110 g",
    "category": "Koek, snoep, chocolade en chips",
    "price": 2.69,
    "promoPrice": null,
    "pricePerUnit": "19.21 kg",
    "image": "https://www.jumbo.com/dam-images/fit-in/360x360/Products/07122023_1701963246095_1701963252300_8718452738922_1.png",
    "available": true,
    "promoUntil": null
  },
  {
    "id": "194782STK",
    "title": "Jumbo Boemboe Nasi Goreng 95 g",
    "category": "Wereldkeukens, kruiden, pasta en rijst",
    "price": 0.98,
    "promoPrice": null,
    "pricePerUnit": "10.32 kg",
    "image": "https://www.jumbo.com/dam-images/fit-in/360x360/Products/12122024_1734006796389_1734006818880_8718452765706_596.png",
    "available": true,
    "promoUntil": null
  },
  {
    "id": "203703ZK",
    "title": "Verstegen Kruidenmix voor Chili con Carne 25 g",
    "category": "Wereldkeukens, kruiden, pasta en rijst",
    "price": 1.48,
    "promoPrice": null,
    "pricePerUnit": "59.2 kg",
    "image": "https://www.jumbo.com/dam-images/fit-in/360x360/Products/23042025_1745374855710_1745374860558_203703_ZK_08712200982124_C1N1.png",
    "available": true,
    "promoUntil": null
  },
  {
    "id": "523584BLK",
    "title": "Gourmet Gold Cassolettes Kattenvoer nat met Rund en Kip",
    "category": "Huishouden en dieren",
    "price": 0.75,
    "promoPrice": null,
    "pricePerUnit": "8.82 kg",
    "image": "https://www.jumbo.com/dam-images/fit-in/360x360/Products/09072025_1752027233737_1752027327555_523584_BLK_07613032347185_C1N1_s01.png",
    "available": true,
    "promoUntil": null
  },
  {
    "id": "624938ZK",
    "title": "Senseo Italian Style Forte Coffee Pads Gemalen Koffie 36 Stuks 250 g",
    "category": "Koffie en thee",
    "price": 6.59,
    "promoPrice": null,
    "pricePerUnit": "0.18 pieces",
    "image": "https://www.jumbo.com/dam-images/fit-in/360x360/Products/02042025_1743554033179_1743554044513_8711000686980_1.png",
    "available": false,
    "promoUntil": null
  },
  {
    "id": "552005BUS",
    "title": "Dove Advanced Care Anti-Transpirant Deodorant Spray Soft Feel 150 ml",
    "category": "Drogisterij en baby",
    "price": 6.29,
    "promoPrice": null,
    "pricePerUnit": "41.93 l",
    "image": "https://www.jumbo.com/dam-images/fit-in/360x360/Products/05042025_1743819367170_1743819374685_552005_BUS_08720181291838_C1N1.png",
    "available": true,
    "promoUntil": null
  },
  {
    "id": "392998DS",
    "title": "Lindt Excellence 78% Cacao Noir Smooth Dark 100g",
    "category": "Koek, snoep, chocolade en chips",
    "price": 3.66,
    "promoPrice": null,
    "pricePerUnit": "36.6 kg",
    "image": "https://www.jumbo.com/dam-images/fit-in/360x360/Products/25072024_1721871539521_1721871558183_392998_DS_03046920010047_H1N1.png",
    "available": true,
    "promoUntil": null
  },
  {
    "id": "315299PAK",
    "title": "Président Mini le Brie 125 g",
    "category": "Vleeswaren, kaas en tapas",
    "price": 2.29,
    "promoPrice": null,
    "pricePerUnit": "18.32 kg",
    "image": "https://www.jumbo.com/dam-images/fit-in/360x360/Products/13122024_1734085978005_1734085982373_5906207473140_1.png",
    "available": true,
    "promoUntil": null
  },
  {
    "id": "388021DS",
    "title": "Mora Vegetarische Mini Mix 240 g",
    "category": "Diepvries",
    "price": 4.49,
    "promoPrice": null,
    "pricePerUnit": "18.71 kg",
    "image": "https://www.jumbo.com/dam-images/fit-in/360x360/Products/14062025_1749865351410_1749865373140_388021_DS_08710861999406_H1N1_R.png",
    "available": true,
    "promoUntil": null
  },
  {
    "id": "431076FLS",
    "title": "SPA REINE Natuurlijk Mineraalwater 50cl sportdop",
    "category": "Frisdrank en sappen",
    "price": 0.91,
    "promoPrice": null,
    "pricePerUnit": "1.82 l",
    "image": "https://www.jumbo.com/dam-images/fit-in/360x360/Products/13122024_1734062412889_1734062420444_431076_FLS_05410013104766_H1N1.png",
    "available": true,
    "promoUntil": null
  },
  {
    "id": "580926TRA",
    "title": "Jumbo Hollandse Keuken Bloemkool Braadworst 500 g",
    "category": "Verse maaltijden en gemak",
    "price": 4.95,
    "promoPrice": null,
    "pricePerUnit": "9.9 kg",
    "image": "https://www.jumbo.com/dam-images/fit-in/360x360/Products/07032025_1741320362972_1741320366151_580926_TRA_08718452894611_C1N1.png",
    "available": true,
    "promoUntil": null
  },
  {
    "id": "609139PAK",
    "title": "CoolBest FruitDrink Mango 1 L",
    "category": "Frisdrank en sappen",
    "price": 2.29,
    "promoPrice": null,
    "pricePerUnit": "2.29 l",
    "image": "https://www.jumbo.com/dam-images/fit-in/360x360/Products/17092025_1758074820247_1758074852341_609139_PAK_08720157401223_C1N1.png",
    "available": true,
    "promoUntil": null
  },
  {
    "id": "100803BLK",
    "title": "Gourmet Gold Mousse Kattenvoer nat met Tonijn",
    "category": "Huishouden en dieren",
    "price": 0.81,
    "promoPrice": null,
    "pricePerUnit": "9.53 kg",
    "image": "https://www.jumbo.com/dam-images/fit-in/360x360/Products/09072025_1752025533835_1752025551117_100803_BLK_03010470170520_C1N1_s03.png",
    "available": true,
    "promoUntil": null
  },
  {
    "id": "578724STK",
    "title": "Karaat Zalm Slaatje 140 g",
    "category": "Verse maaltijden en gemak",
    "price": 0.79,
    "promoPrice": null,
    "pricePerUnit": "5.64 kg",
    "image": "https://www.jumbo.com/dam-images/fit-in/360x360/Products/10012024_1704855543557_1704855546027_578724_STK_08710948740143_C1N1.png",
    "available": true,
    "promoUntil": null
  },
  {
    "id": "421531ZK",
    "title": "Jumbo Hondenbrokken Mini Adult Kip & Rijst 1,5 kg",
    "category": "Huishouden en dieren",
    "price": 8.79,
    "promoPrice": null,
    "pricePerUnit": "5.86 kg",
    "image": "https://www.jumbo.com/dam-images/fit-in/360x360/Products/09082023_1691588097993_1691588105859_8718452508860_1.png",
    "available": true,
    "promoUntil": null
  },
  {
    "id": "685586BUS",
    "title": "Dove Deo Spray Passion Fruit 150 ML",
    "category": "Drogisterij en baby",
    "price": 5.99,
    "promoPrice": null,
    "pricePerUnit": "39.93 l",
    "image": "https://www.jumbo.com/dam-images/fit-in/360x360/Products/15042025_1744679307387_1744679316091_685586_BUS_08720181564741_C1N1.png",
    "available": true,
    "promoUntil": null
  },
  {
    "id": "571916KGR",
    "title": "Old Amsterdam Original 48+ ",
    "category": "Vleeswaren, kaas en tapas",
    "price": 5.2,
    "promoPrice": null,
    "pricePerUnit": "25.99 kg",
    "image": "https://www.jumbo.com/dam-images/fit-in/360x360/Products/30122024_1735543965271_1735543969972_2348856000000_1.png",
    "available": true,
    "promoUntil": null
  },
  {
    "id": "685684ZK",
    "title": "MAGGI Ovenschotel Broccoli Gratin Kruidenmix 43g",
    "category": "Wereldkeukens, kruiden, pasta en rijst",
    "price": 1.89,
    "promoPrice": null,
    "pricePerUnit": "43.95 kg",
    "image": "https://www.jumbo.com/dam-images/fit-in/360x360/Products/15092025_1757954050329_1757954059376_7613287422866_1.png",
    "available": true,
    "promoUntil": null
  },
  {
    "id": "163475PAK",
    "title": "Jumbo Zuurkool Wijn 520 g",
    "category": "Aardappelen, groente en fruit",
    "price": 1.09,
    "promoPrice": null,
    "pricePerUnit": "2.18 kg",
    "image": "https://www.jumbo.com/dam-images/fit-in/360x360/Products/07042025_1744022011071_1744022015965_8718452461721_1.png",
    "available": true,
    "promoUntil": null
  },
  {
    "id": "616650FLS",
    "title": "Palmolive Vloeibare Handzeep Olijf & Melk 300 ml",
    "category": "Drogisterij en baby",
    "price": 2.99,
    "promoPrice": null,
    "pricePerUnit": "9.97 l",
    "image": "https://www.jumbo.com/dam-images/fit-in/360x360/Products/12042024_1712884380632_1712884390393_616650_FLS_08718951646698_C1N1.png",
    "available": true,
    "promoUntil": null
  },
  {
    "id": "508677DS",
    "title": "Nutrilon Bio 1 Volledige Zuigelingenvoeding - Baby 0-6 Maanden 800 g",
    "category": "Drogisterij en baby",
    "price": 19.59,
    "promoPrice": null,
    "pricePerUnit": "24.49 kg",
    "image": "https://www.jumbo.com/dam-images/fit-in/360x360/Products/28082025_1756398808274_1756398812554_5391522475700_1.png",
    "available": true,
    "promoUntil": null
  },
  {
    "id": "302896DS",
    "title": "Jumbo Vissticks Crispy 4 Stuks",
    "category": "Diepvries",
    "price": 3.09,
    "promoPrice": null,
    "pricePerUnit": "11.04 kg",
    "image": "https://www.jumbo.com/dam-images/fit-in/360x360/Products/04112024_1730741707104_1730741724221_8718452381128_596.png",
    "available": true,
    "promoUntil": null
  },
  {
    "id": "474230BUS",
    "title": "Rexona Advanced Protection Anti-Transpirant Deodorant Spray Quantum Dry 150 ml",
    "category": "Drogisterij en baby",
    "price": 5.99,
    "promoPrice": null,
    "pricePerUnit": "39.93 l",
    "image": "https://www.jumbo.com/dam-images/fit-in/360x360/Products/16052025_1747361532040_1747361571373_474230_BUS_08720181196140_H1N1.png",
    "available": true,
    "promoUntil": null
  },
  {
    "id": "170958DS",
    "title": "Oldtimers Scheepsknopen 235 g",
    "category": "Koek, snoep, chocolade en chips",
    "price": 2.79,
    "promoPrice": null,
    "pricePerUnit": "11.87 kg",
    "image": "https://www.jumbo.com/dam-images/fit-in/360x360/Products/21122023_1703131540332_1703131544364_170958_DS_08710452212501_C1N1.png",
    "available": true,
    "promoUntil": null
  },
  {
    "id": "388020DS",
    "title": "Van Dobben Rundvlees Croquetten 6 x 80 g",
    "category": "Diepvries",
    "price": 4.99,
    "promoPrice": null,
    "pricePerUnit": "10.4 kg",
    "image": "https://www.jumbo.com/dam-images/fit-in/360x360/Products/10082023_1691677687055_1691677700111_8710861982507_1.png",
    "available": true,
    "promoUntil": null
  },
  {
    "id": "182157POT",
    "title": "Jumbo Kurkuma 37 g",
    "category": "Wereldkeukens, kruiden, pasta en rijst",
    "price": 1.83,
    "promoPrice": null,
    "pricePerUnit": "49.46 kg",
    "image": "https://www.jumbo.com/dam-images/fit-in/360x360/Products/12122024_1734014401245_1734014404931_87337778_1.png",
    "available": true,
    "promoUntil": null
  },
  {
    "id": "623982FLS",
    "title": "Sourcy Vitaminwater Limoen Lychee 500ML",
    "category": "Frisdrank en sappen",
    "price": 1.75,
    "promoPrice": null,
    "pricePerUnit": "3.5 l",
    "image": "https://www.jumbo.com/dam-images/fit-in/360x360/Products/31052024_1717123923055_1717123929340_623982_FLS_08715600249354_C1N1.png",
    "available": true,
    "promoUntil": null
  },
  {
    "id": "628761PAK",
    "title": "BONZO Pouch in Saus Lam en wortels 12x85g",
    "category": "Huishouden en dieren",
    "price": 4.74,
    "promoPrice": null,
    "pricePerUnit": "4.65 kg",
    "image": "https://www.jumbo.com/dam-images/fit-in/360x360/Products/09072025_1752027263779_1752027329689_628761_PAK_08445290791337_C1N1_s01.png",
    "available": true,
    "promoUntil": null
  },
  {
    "id": "673416STK",
    "title": "Leverworst 500 g",
    "category": "Vleeswaren, kaas en tapas",
    "price": 1.49,
    "promoPrice": null,
    "pricePerUnit": "2.98 kg",
    "image": "https://www.jumbo.com/dam-images/fit-in/360x360/Products/17082025_1755392991192_1755393004971_673416_STK_08710889040227_C1N1.png",
    "available": true,
    "promoUntil": null
  },
  {
    "id": "420505PAK",
    "title": "CoolBest 100% Juice Passionfruit Heaven 1 L",
    "category": "Frisdrank en sappen",
    "price": 3.39,
    "promoPrice": null,
    "pricePerUnit": "3.39 l",
    "image": "https://www.jumbo.com/dam-images/fit-in/360x360/Products/20062025_1750401145510_1750401155579_8720157463900_1.png",
    "available": true,
    "promoUntil": null
  },
  {
    "id": "476043DSL",
    "title": "Corona - Cero - 0.0% Alcoholvrij - Fles - 4 x 6 x 330ML",
    "category": "Bier en wijn",
    "price": 35.96,
    "promoPrice": null,
    "pricePerUnit": "4.54 l",
    "image": "https://www.jumbo.com/dam-images/fit-in/360x360/Products/476043DSL14562fba5-797b-43bc-9acb-1064ef6dfeb1-1740407561979.png",
    "available": true,
    "promoUntil": null
  },
  {
    "id": "436015FLS",
    "title": "Royal Club Ginger Beer 1L",
    "category": "Frisdrank en sappen",
    "price": 2.49,
    "promoPrice": null,
    "pricePerUnit": "2.49 l",
    "image": "https://www.jumbo.com/dam-images/fit-in/360x360/Products/10102023_1696906088185_1696906092899_436015_FLS_08715600244885_C1N1.png",
    "available": true,
    "promoUntil": null
  },
  {
    "id": "631521FLS",
    "title": "La Trappe - Trappist Epos - 0,0% Alcoholvrij - Fles - 330ML",
    "category": "Bier en wijn",
    "price": 1.89,
    "promoPrice": null,
    "pricePerUnit": "5.73 l",
    "image": "https://www.jumbo.com/dam-images/fit-in/360x360/Products/28052025_1748395468083_1748395472145_631521_FLS_08711406000137_H1N1.png",
    "available": true,
    "promoUntil": null
  },
  {
    "id": "576907ZK",
    "title": "Jumbo Gezouten Kingsize Pinda's 350 g",
    "category": "Koek, snoep, chocolade en chips",
    "price": 3.49,
    "promoPrice": null,
    "pricePerUnit": "9.97 kg",
    "image": "https://www.jumbo.com/dam-images/fit-in/360x360/Products/14022024_1707873701533_1707873707095_8718452741380_1.png",
    "available": true,
    "promoUntil": null
  },
  {
    "id": "616765BLK",
    "title": "Euroma Ras el Hanout by Jonnie Boer",
    "category": "Wereldkeukens, kruiden, pasta en rijst",
    "price": 3.26,
    "promoPrice": null,
    "pricePerUnit": "66.53 kg",
    "image": "https://www.jumbo.com/dam-images/fit-in/360x360/Products/03062024_1717420814563_1717420821026_8717600351648_1.png",
    "available": true,
    "promoUntil": null
  },
  {
    "id": "694021CUP",
    "title": "Jumbo Gevulde Pepers Heks'nkaas 120 g",
    "category": "Vleeswaren, kaas en tapas",
    "price": 3.0,
    "promoPrice": null,
    "pricePerUnit": "25.0 kg",
    "image": "https://www.jumbo.com/dam-images/fit-in/360x360/Products/07072025_1751902647987_1751902656864_8718452923441_1.png",
    "available": true,
    "promoUntil": null
  },
  {
    "id": "697186FLS",
    "title": "Jumbo Sportdrank Hyper Tonic Sinaasappelsmaak 500ML",
    "category": "Frisdrank en sappen",
    "price": 0.69,
    "promoPrice": null,
    "pricePerUnit": "1.38 l",
    "image": "https://www.jumbo.com/dam-images/fit-in/360x360/Products/15072025_1752582809734_1752582813237_8718452904617_1.png",
    "available": true,
    "promoUntil": null
  },
  {
    "id": "674168DS",
    "title": "Holie's Crunchy Bar Protein Chocolate Chip 3 x 2 Stuks 6 x 20 g",
    "category": "Koek, snoep, chocolade en chips",
    "price": 3.26,
    "promoPrice": null,
    "pricePerUnit": "27.17 kg",
    "image": "https://www.jumbo.com/dam-images/fit-in/360x360/Products/04062025_1749040467934_1749040476193_8721161523123_1.png",
    "available": true,
    "promoUntil": null
  },
  {
    "id": "644245ZK",
    "title": "Jumbo Biologisch Blokjes Rode Biet 200 g",
    "category": "Aardappelen, groente en fruit",
    "price": 1.99,
    "promoPrice": null,
    "pricePerUnit": "9.95 kg",
    "image": "https://www.jumbo.com/dam-images/fit-in/360x360/Products/04112024_1730741707876_1730741715410_8718452868513_1.png",
    "available": true,
    "promoUntil": null
  },
  {
    "id": "341657PAK",
    "title": "Healthy People Cranberry 1 L",
    "category": "Frisdrank en sappen",
    "price": 3.29,
    "promoPrice": null,
    "pricePerUnit": "3.29 l",
    "image": "https://www.jumbo.com/dam-images/fit-in/360x360/Products/26022025_1740562387474_1740562394885_8717677035045_1.png",
    "available": true,
    "promoUntil": null
  },
  {
    "id": "383791ZK",
    "title": "Jumbo Natuurlijke Brokjes Katten Hypoallergeen & Graanvrij 800g - Rijk aan Kip",
    "category": "Huishouden en dieren",
    "price": 7.19,
    "promoPrice": null,
    "pricePerUnit": "8.99 kg",
    "image": "https://www.jumbo.com/dam-images/fit-in/360x360/Products/09082023_1691587558537_1691587571007_8718452476787_1.png",
    "available": true,
    "promoUntil": null
  },
  {
    "id": "211894STK",
    "title": "Go-Tan Biologische Kokosmelk 250ml",
    "category": "Wereldkeukens, kruiden, pasta en rijst",
    "price": 2.15,
    "promoPrice": null,
    "pricePerUnit": "8.6 l",
    "image": "https://www.jumbo.com/dam-images/fit-in/360x360/Products/21092024_1726885445987_1726885451008_211894_STK_08710605096163_C1N1.png",
    "available": true,
    "promoUntil": null
  },
  {
    "id": "215359STK",
    "title": "Schär Choco Chip Cookies  Glutenvrij 100 g",
    "category": "Koek, snoep, chocolade en chips",
    "price": 2.23,
    "promoPrice": null,
    "pricePerUnit": "22.3 kg",
    "image": "https://www.jumbo.com/dam-images/fit-in/360x360/Products/05062025_1749134008771_1749134013409_8008698013021_1.png",
    "available": true,
    "promoUntil": null
  },
  {
    "id": "227440PAK",
    "title": "Conimex Boemboe Sajoer Boontjes 95 g",
    "category": "Wereldkeukens, kruiden, pasta en rijst",
    "price": 1.59,
    "promoPrice": null,
    "pricePerUnit": "16.74 kg",
    "image": "https://www.jumbo.com/dam-images/fit-in/360x360/Products/14082025_1755134540417_1755134580729_227440_PAK_08711200403271_C1N1.png",
    "available": true,
    "promoUntil": null
  },
  {
    "id": "167981DS",
    "title": "Original Wagner Big City Pizza with Spinach, Cream Cheese & Onions #Boston 430 g",
    "category": "Diepvries",
    "price": 3.99,
    "promoPrice": null,
    "pricePerUnit": "9.28 kg",
    "image": "https://www.jumbo.com/dam-images/fit-in/360x360/Products/27072024_1722048847938_1722048869962_167981_DS_07613035492806_C1N1_s05.png",
    "available": true,
    "promoUntil": null
  },
  {
    "id": "640590KGR",
    "title": "Jumbo Snijworst Speciaal ca. 120 g",
    "category": "Vleeswaren, kaas en tapas",
    "price": 3.0,
    "promoPrice": null,
    "pricePerUnit": "25.0 kg",
    "image": "https://www.jumbo.com/dam-images/fit-in/360x360/Products/04072025_1751617996199_1751618000720_2378626000000_1.png",
    "available": true,
    "promoUntil": null
  },
  {
    "id": "608043FLS",
    "title": "Pepsi Zero Sugar 1 L",
    "category": "Frisdrank en sappen",
    "price": 2.19,
    "promoPrice": null,
    "pricePerUnit": "2.19 l",
    "image": "https://www.jumbo.com/dam-images/fit-in/360x360/Products/25032024_1711381636981_1711381642582_8715600248746_596.png",
    "available": true,
    "promoUntil": null
  },
  {
    "id": "429668FLS",
    "title": "7UP Zero Sugar Refreshing Lemon & Lime Taste 1 L",
    "category": "Frisdrank en sappen",
    "price": 2.19,
    "promoPrice": null,
    "pricePerUnit": "2.19 l",
    "image": "https://www.jumbo.com/dam-images/fit-in/360x360/Products/25032024_1711381635683_1711381641494_8715600245103_596.png",
    "available": true,
    "promoUntil": null
  },
  {
    "id": "536532PAK",
    "title": "Amstel Pilsener Bier Blik 6 x 330ml",
    "category": "Bier en wijn",
    "price": 5.99,
    "promoPrice": null,
    "pricePerUnit": "3.03 l",
    "image": "https://www.jumbo.com/dam-images/fit-in/360x360/Products/07012025_1736267693209_1736267697288_8712000059026_1.png",
    "available": true,
    "promoUntil": null
  },
  {
    "id": "664454ZK",
    "title": "Red Band Fizzy Mix Zacht Zoet Zuur Voordeelverpakking 330 g",
    "category": "Koek, snoep, chocolade en chips",
    "price": 3.65,
    "promoPrice": null,
    "pricePerUnit": "11.06 kg",
    "image": "https://www.jumbo.com/dam-images/fit-in/360x360/Products/01022025_1738378736557_1738378749338_664454_ZK_08713800255489_H1N1.png",
    "available": true,
    "promoUntil": null
  },
  {
    "id": "190654DS",
    "title": "Cesar Classic in Paté 4 x 150 g",
    "category": "Huishouden en dieren",
    "price": 5.45,
    "promoPrice": null,
    "pricePerUnit": "9.08 kg",
    "image": "https://www.jumbo.com/dam-images/fit-in/360x360/Products/06082024_1722944116208_1722944128746_3065890135796_596.png",
    "available": true,
    "promoUntil": null
  },
  {
    "id": "635313DS",
    "title": "Organix Snack Melty Baby Biscuits 6+m 160g",
    "category": "Drogisterij en baby",
    "price": 2.99,
    "promoPrice": null,
    "pricePerUnit": "18.69 kg",
    "image": "https://www.jumbo.com/dam-images/fit-in/360x360/Products/09012025_1736431206387_1736431213349_8713500013488_1.png",
    "available": true,
    "promoUntil": null
  },
  {
    "id": "83810STK",
    "title": "Jumbo Roze Koek 4 x 55 g",
    "category": "Koek, snoep, chocolade en chips",
    "price": 2.99,
    "promoPrice": null,
    "pricePerUnit": "0.75 pieces",
    "image": "https://www.jumbo.com/dam-images/fit-in/360x360/Products/10052024_1715351654776_1715351674138_8718452777563_596.png",
    "available": true,
    "promoUntil": null
  },
  {
    "id": "170388STK",
    "title": "Santa Maria Burrito Kruidenmix Medium 28 g",
    "category": "Wereldkeukens, kruiden, pasta en rijst",
    "price": 0.93,
    "promoPrice": null,
    "pricePerUnit": "33.21 kg",
    "image": "https://www.jumbo.com/dam-images/fit-in/360x360/Products/13092025_1757729509391_1757729533274_170388_STK_.png",
    "available": true,
    "promoUntil": null
  },
  {
    "id": "612646TUB",
    "title": "Doritos Dips Hot Salsa Tortilla Dip Saus 925 gr",
    "category": "Koek, snoep, chocolade en chips",
    "price": 7.49,
    "promoPrice": null,
    "pricePerUnit": "8.1 kg",
    "image": "https://www.jumbo.com/dam-images/fit-in/360x360/Products/27032025_1743068013554_1743068019159_3168930168812_1.png",
    "available": true,
    "promoUntil": null
  },
  {
    "id": "611246BAK",
    "title": "Jumbo Rundvlees met Oestersaus 260 g",
    "category": "Verse maaltijden en gemak",
    "price": 3.99,
    "promoPrice": null,
    "pricePerUnit": "15.35 kg",
    "image": "https://www.jumbo.com/dam-images/fit-in/360x360/Products/18042024_1713454453096_1713454461964_8718452826636_1.png",
    "available": true,
    "promoUntil": null
  },
  {
    "id": "613624DS",
    "title": "Jumbo Maaltijdpakket Kapsalon 4 Personen",
    "category": "Verse maaltijden en gemak",
    "price": 5.89,
    "promoPrice": null,
    "pricePerUnit": "5.12 kg",
    "image": "https://www.jumbo.com/dam-images/fit-in/360x360/Products/18092025_1758220354629_1758220362188_8718452939572_1.png",
    "available": true,
    "promoUntil": null
  },
  {
    "id": "502942DS",
    "title": "Whiskas Adult Kattenbrokken Rund doos 800 g",
    "category": "Huishouden en dieren",
    "price": 3.9,
    "promoPrice": null,
    "pricePerUnit": "4.88 kg",
    "image": "https://www.jumbo.com/dam-images/fit-in/360x360/Products/08102024_1728350984962_1728350992768_502942_DS_05900951296536_H1N1.png",
    "available": true,
    "promoUntil": null
  },
  {
    "id": "454929ZK",
    "title": "Klene Drop Ademin Suikervrij 110g",
    "category": "Koek, snoep, chocolade en chips",
    "price": 2.25,
    "promoPrice": null,
    "pricePerUnit": "20.45 kg",
    "image": "https://www.jumbo.com/dam-images/fit-in/360x360/Products/07072025_1751902635916_1751902640320_8723400795100_1.png",
    "available": true,
    "promoUntil": null
  },
  {
    "id": "572909ZK",
    "title": "Jumbo Amandel Notenmix Ongezouten 200 g",
    "category": "Koek, snoep, chocolade en chips",
    "price": 2.79,
    "promoPrice": null,
    "pricePerUnit": "13.95 kg",
    "image": "https://www.jumbo.com/dam-images/fit-in/360x360/Products/14022024_1707872893786_1707872900111_8718452723706_1.png",
    "available": true,
    "promoUntil": null
  },
  {
    "id": "440016ZK",
    "title": "Knorr Maaltijdmix Hollandse Hachee 59 g",
    "category": "Wereldkeukens, kruiden, pasta en rijst",
    "price": 1.89,
    "promoPrice": null,
    "pricePerUnit": "32.03 kg",
    "image": "https://www.jumbo.com/dam-images/fit-in/360x360/Products/23082024_1724377748842_1724377791771_440016_ZK_08710522977965_H1N1.png",
    "available": true,
    "promoUntil": null
  },
  {
    "id": "638282FLS",
    "title": "Jumbo Eco Allesreiniger 1,25 L",
    "category": "Huishouden en dieren",
    "price": 1.19,
    "promoPrice": null,
    "pricePerUnit": "0.95 l",
    "image": "https://www.jumbo.com/dam-images/fit-in/360x360/Products/28112024_1732782796941_1732782802551_8718452829101_1.png",
    "available": true,
    "promoUntil": null
  },
  {
    "id": "683120CUP",
    "title": "Johma Japanse Tonijn Sesamsalade 175g",
    "category": "Vleeswaren, kaas en tapas",
    "price": 3.45,
    "promoPrice": null,
    "pricePerUnit": "19.71 kg",
    "image": "https://www.jumbo.com/dam-images/fit-in/360x360/Products/07062025_1749260551131_1749260565917_683120_CUP_08710506091304_H1N1_v01.png",
    "available": true,
    "promoUntil": null
  },
  {
    "id": "145467PAK",
    "title": "Wybert Original Pastilles duopack 2 x 25g",
    "category": "Koek, snoep, chocolade en chips",
    "price": 3.07,
    "promoPrice": null,
    "pricePerUnit": "61.4 kg",
    "image": "https://www.jumbo.com/dam-images/fit-in/360x360/Products/07072025_1751902633372_1751902637222_8710800973139_1.png",
    "available": true,
    "promoUntil": null
  },
  {
    "id": "589312FLS",
    "title": "Klein Geluk - Sauvignon Blanc - 750 ml",
    "category": "Bier en wijn",
    "price": 5.99,
    "promoPrice": null,
    "pricePerUnit": "7.99 l",
    "image": "https://www.jumbo.com/dam-images/fit-in/360x360/Products/02022024_1706870103799_1706870106361_8719326703343_1.png",
    "available": true,
    "promoUntil": null
  },
  {
    "id": "515446BAK",
    "title": "Kraakman Roomboter Nougatines 165 g",
    "category": "Brood en gebak",
    "price": 3.75,
    "promoPrice": null,
    "pricePerUnit": "22.73 kg",
    "image": "https://www.jumbo.com/dam-images/fit-in/360x360/Products/31102023_1698744902002_1698744906046_8716827187863_1.png",
    "available": true,
    "promoUntil": null
  },
  {
    "id": "688900DS",
    "title": "Dr. Oetker Pizza La Margherita Classica 297g",
    "category": "Diepvries",
    "price": 3.69,
    "promoPrice": null,
    "pricePerUnit": "12.42 kg",
    "image": "https://www.jumbo.com/dam-images/fit-in/360x360/Products/17042025_1744858043271_1744858052398_688900_DS_04001724051985_C1N1_s01.png",
    "available": true,
    "promoUntil": null
  },
  {
    "id": "168241DS",
    "title": "Original Wagner Big City with Pepperoni Sausage, Mozzarella & Edam Cheese #Budapest 400 g",
    "category": "Diepvries",
    "price": 3.99,
    "promoPrice": null,
    "pricePerUnit": "9.98 kg",
    "image": "https://www.jumbo.com/dam-images/fit-in/360x360/Products/05092023_1693881158318_1693881161893_168241_DS_07613035492752_C1N1_s04.png",
    "available": true,
    "promoUntil": null
  },
  {
    "id": "419420ZK",
    "title": "Queens Panga Filets 375 g",
    "category": "Diepvries",
    "price": 3.89,
    "promoPrice": null,
    "pricePerUnit": "10.37 kg",
    "image": "https://www.jumbo.com/dam-images/fit-in/360x360/Products/419420_8710247090604_1_T1_419420ZK1691184773130.png",
    "available": true,
    "promoUntil": null
  },
  {
    "id": "525703TUB",
    "title": "Wella New Wave Ultra Strong Rock & Hold Gel 200 ml",
    "category": "Drogisterij en baby",
    "price": 4.69,
    "promoPrice": null,
    "pricePerUnit": "23.45 l",
    "image": "https://www.jumbo.com/dam-images/fit-in/360x360/Products/4056800853908NewWaveGelRockHoldUltraStrong5200ml5cb0c118-71db-4ce3-92a0-3fe450fd366f-1749630452100.png",
    "available": true,
    "promoUntil": null
  },
  {
    "id": "198461STK",
    "title": "Président Le Brie Extra Smeuïg 200 g",
    "category": "Vleeswaren, kaas en tapas",
    "price": 3.59,
    "promoPrice": null,
    "pricePerUnit": "17.95 kg",
    "image": "https://www.jumbo.com/dam-images/fit-in/360x360/Products/20022025_1740043988584_1740043993960_3228022230039_1.png",
    "available": true,
    "promoUntil": null
  },
  {
    "id": "439022ZK",
    "title": "Jumbo Gomballen Zoet & Zacht 300 g",
    "category": "Koek, snoep, chocolade en chips",
    "price": 2.49,
    "promoPrice": null,
    "pricePerUnit": "8.3 kg",
    "image": "https://www.jumbo.com/dam-images/fit-in/360x360/Products/18012024_1705544989136_1705545009128_439022_ZK_08718452533978_C1N1.png",
    "available": true,
    "promoUntil": null
  },
  {
    "id": "162119PAK",
    "title": "Verkade Originals Knappertjes Knapperig & Krokant 220 g",
    "category": "Koek, snoep, chocolade en chips",
    "price": 1.68,
    "promoPrice": null,
    "pricePerUnit": "7.64 kg",
    "image": "https://www.jumbo.com/dam-images/fit-in/360x360/Products/12112024_1731382981481_1731382986288_162119_PAK_08710412973633_H1N1.png",
    "available": true,
    "promoUntil": null
  },
  {
    "id": "685986BAK",
    "title": "Jumbo Maaltijdsalade Kip Marokkaanse Stijl 400 g",
    "category": "Verse maaltijden en gemak",
    "price": 5.0,
    "promoPrice": null,
    "pricePerUnit": "12.5 kg",
    "image": "https://www.jumbo.com/dam-images/fit-in/360x360/Products/13032025_1741865566907_1741865576787_8718452894413_1.png",
    "available": true,
    "promoUntil": null
  },
  {
    "id": "505929BOX",
    "title": "Whiskas Adult Kattenbrokken Kip doos 800 g",
    "category": "Huishouden en dieren",
    "price": 4.15,
    "promoPrice": null,
    "pricePerUnit": "5.19 kg",
    "image": "https://www.jumbo.com/dam-images/fit-in/360x360/Products/5900951296499a6355a65-b621-4128-bb59-8790123d14aa-1712057571433.png",
    "available": true,
    "promoUntil": null
  },
  {
    "id": "563975PAK",
    "title": "Heinz Tomato Frito Multipack (Tomatensaus) 2 x 212g",
    "category": "Wereldkeukens, kruiden, pasta en rijst",
    "price": 2.14,
    "promoPrice": null,
    "pricePerUnit": "5.05 kg",
    "image": "https://www.jumbo.com/dam-images/fit-in/360x360/Products/11122024_1733883112289_1733883118669_563975_PAK_08410066139446_H1N1.png",
    "available": true,
    "promoUntil": null
  },
  {
    "id": "587463ZK",
    "title": "Grand'Italia Spaghetti half volkoren 500 g",
    "category": "Wereldkeukens, kruiden, pasta en rijst",
    "price": 1.25,
    "promoPrice": null,
    "pricePerUnit": "2.5 kg",
    "image": "https://www.jumbo.com/dam-images/fit-in/360x360/Products/08032025_1741400890775_1741400892830_587463_ZK_08000050028360_H1N1.png",
    "available": true,
    "promoUntil": null
  },
  {
    "id": "677982FLS",
    "title": "AXE Fine Fragrance Collection Douchegel Black Vanilla 225 ml",
    "category": "Drogisterij en baby",
    "price": 6.39,
    "promoPrice": null,
    "pricePerUnit": "28.4 l",
    "image": "https://www.jumbo.com/dam-images/fit-in/360x360/Products/16042025_1744767737488_1744767763417_677982_FLS_08720181601941_C1N1.png",
    "available": true,
    "promoUntil": null
  },
  {
    "id": "600871BAK",
    "title": "Gevulde Ei Salade 250 g",
    "category": "Vleeswaren, kaas en tapas",
    "price": 1.49,
    "promoPrice": null,
    "pricePerUnit": "5.96 kg",
    "image": "https://www.jumbo.com/dam-images/fit-in/360x360/Products/16012024_1705422786809_1705422798176_8710378860596_1.png",
    "available": true,
    "promoUntil": null
  },
  {
    "id": "498580ZK",
    "title": "Katja Kokindjes 295 g",
    "category": "Koek, snoep, chocolade en chips",
    "price": 2.43,
    "promoPrice": null,
    "pricePerUnit": "8.24 kg",
    "image": "https://www.jumbo.com/dam-images/fit-in/360x360/Products/13072024_1720833988218_1720833994929_498580_ZK_08716100124479_C1N1.png",
    "available": true,
    "promoUntil": null
  },
  {
    "id": "206617STK",
    "title": "Jumbo Maandverband Ultra Night+ met Vleugels 10 Stuks",
    "category": "Drogisterij en baby",
    "price": 0.85,
    "promoPrice": null,
    "pricePerUnit": "0.09 pieces",
    "image": "https://www.jumbo.com/dam-images/fit-in/360x360/Products/29092023_1695996140832_1695996154816_8718452693313_1.png",
    "available": true,
    "promoUntil": null
  },
  {
    "id": "613997ZK",
    "title": "Jumbo Pinda's Ongezouten 250 g",
    "category": "Koek, snoep, chocolade en chips",
    "price": 0.99,
    "promoPrice": null,
    "pricePerUnit": "3.96 kg",
    "image": "https://www.jumbo.com/dam-images/fit-in/360x360/Products/04062024_1717490780800_1717490796023_8718452830626_596.png",
    "available": true,
    "promoUntil": null
  },
  {
    "id": "574529CUP",
    "title": "Robijn Classics 3-in-1 Wascapsules Stralend Wit 15 wasbeurten",
    "category": "Huishouden en dieren",
    "price": 9.99,
    "promoPrice": null,
    "pricePerUnit": "0.67 wb",
    "image": "https://www.jumbo.com/dam-images/fit-in/360x360/Products/05092025_1757040369614_1757040436271_574529_CUP_08720181395321_H1N1.png",
    "available": true,
    "promoUntil": null
  },
  {
    "id": "156977FLS",
    "title": "Jumbo Ontkalker 500 ml",
    "category": "Huishouden en dieren",
    "price": 1.39,
    "promoPrice": null,
    "pricePerUnit": "2.78 l",
    "image": "https://www.jumbo.com/dam-images/fit-in/360x360/Products/10082023_1691674928813_1691674943644_8718452097371_1.png",
    "available": true,
    "promoUntil": null
  },
  {
    "id": "705652PAK",
    "title": "Verkade Specials Chocorondjes Melkchocolade 150 g",
    "category": "Koek, snoep, chocolade en chips",
    "price": 2.79,
    "promoPrice": 2.09,
    "pricePerUnit": "13.93 kg",
    "image": "https://www.jumbo.com/dam-images/fit-in/360x360/Products/10072025_1752113894883_1752113899633_705652_PAK_08710412045446_H1N1.png",
    "available": true,
    "promoUntil": "di 7 okt"
  },
  {
    "id": "640826FLS",
    "title": "Jumbo Smoothie Aardbei Banaan met Appel 750ML",
    "category": "",
    "price": 2.99,
    "promoPrice": null,
    "pricePerUnit": "3.99 l",
    "image": "https://www.jumbo.com/dam-images/fit-in/360x360/Products/21112024_1732214242356_1732214247382_8718452846696_1.png",
    "available": true,
    "promoUntil": null
  },
  {
    "id": "503854ZK",
    "title": "Red Band Magische Feestmix 305 g",
    "category": "Koek, snoep, chocolade en chips",
    "price": 2.81,
    "promoPrice": null,
    "pricePerUnit": "9.21 kg",
    "image": "https://www.jumbo.com/dam-images/fit-in/360x360/Products/12052025_1747042406380_1747042412962_8713800141799_1.png",
    "available": true,
    "promoUntil": null
  },
  {
    "id": "550741FLS",
    "title": "Calgon Hygiëne + Wasmachinereiniger en Anti Kalk Gel - 750 ml",
    "category": "Huishouden en dieren",
    "price": 8.99,
    "promoPrice": null,
    "pricePerUnit": "11.99 l",
    "image": "https://www.jumbo.com/dam-images/fit-in/360x360/Products/10082023_1691678362636_1691678370079_8720065006336_1.png",
    "available": true,
    "promoUntil": null
  },
  {
    "id": "172909STK",
    "title": "Sore Baby Mais Fingers Aardbei Smaak 6m+ 35 g",
    "category": "Drogisterij en baby",
    "price": 1.68,
    "promoPrice": null,
    "pricePerUnit": "48.0 kg",
    "image": "https://www.jumbo.com/dam-images/fit-in/360x360/Products/18062025_1750212787687_1750212797520_172909_STK_08719324174022_C1N1.png",
    "available": true,
    "promoUntil": null
  },
  {
    "id": "57827PAK",
    "title": "Brand Dubbelbock Bier Fles 6x300ML",
    "category": "Bier en wijn",
    "price": 7.19,
    "promoPrice": null,
    "pricePerUnit": "3.99 l",
    "image": "https://www.jumbo.com/dam-images/fit-in/360x360/Products/07012025_1736267672408_1736267679894_87232226_1.png",
    "available": true,
    "promoUntil": null
  },
  {
    "id": "94170ZK",
    "title": "Duyvis Oven Baked Pinda's Honing 175 g",
    "category": "Koek, snoep, chocolade en chips",
    "price": 2.89,
    "promoPrice": null,
    "pricePerUnit": "16.51 kg",
    "image": "https://www.jumbo.com/dam-images/fit-in/360x360/Products/27032025_1743082410391_1743082415727_8710398167071_1.png",
    "available": true,
    "promoUntil": null
  },
  {
    "id": "670280PAK",
    "title": "Lipton Green Citrus Sparkling 4x250ML",
    "category": "Frisdrank en sappen",
    "price": 3.59,
    "promoPrice": null,
    "pricePerUnit": "3.59 l",
    "image": "https://www.jumbo.com/dam-images/fit-in/360x360/Products/08711327670693H1N17daba1b8-eaf8-436a-8190-1c8cd1b692f3-1743164908641.png",
    "available": true,
    "promoUntil": null
  },
  {
    "id": "640776FLS",
    "title": "Jumbo Smoothie Mango Passievrucht met Appel 750ML",
    "category": "",
    "price": 2.99,
    "promoPrice": null,
    "pricePerUnit": "3.99 l",
    "image": "https://www.jumbo.com/dam-images/fit-in/360x360/Products/21112024_1732214242304_1732214245905_8718452846689_1.png",
    "available": true,
    "promoUntil": null
  },
  {
    "id": "477131PAK",
    "title": "Tony's Chocolonely Melk 180 g",
    "category": "Koek, snoep, chocolade en chips",
    "price": 4.31,
    "promoPrice": null,
    "pricePerUnit": "23.94 kg",
    "image": "https://www.jumbo.com/dam-images/fit-in/360x360/Products/04112024_1730727185125_1730727190055_8719956493638_1.png",
    "available": true,
    "promoUntil": null
  },
  {
    "id": "645614POT",
    "title": "Bertolli Bolognese met Gehakt en Courgette Voordeelverpakking 500 g",
    "category": "Wereldkeukens, kruiden, pasta en rijst",
    "price": 4.19,
    "promoPrice": null,
    "pricePerUnit": "8.38 kg",
    "image": "https://www.jumbo.com/dam-images/fit-in/360x360/Products/06112024_1730889185536_1730889191706_8720791224257_1.png",
    "available": true,
    "promoUntil": null
  },
  {
    "id": "608755STK",
    "title": "Jumbo Kruidenkaas 50+ Italiaanse Stijl 200 g",
    "category": "Vleeswaren, kaas en tapas",
    "price": 4.49,
    "promoPrice": null,
    "pricePerUnit": "22.45 kg",
    "image": "https://www.jumbo.com/dam-images/fit-in/360x360/Products/12122024_1734014581817_1734014588647_8718452629558_1.png",
    "available": true,
    "promoUntil": null
  },
  {
    "id": "355229STK",
    "title": "Rummo Lenta Lavorazione Casarecce N° 88 500 g",
    "category": "Wereldkeukens, kruiden, pasta en rijst",
    "price": 2.79,
    "promoPrice": null,
    "pricePerUnit": "5.58 kg",
    "image": "https://www.jumbo.com/dam-images/fit-in/360x360/Products/09082023_1691586929011_1691586944826_8008343200882_1.png",
    "available": true,
    "promoUntil": null
  },
  {
    "id": "292084STK",
    "title": "Chio Mix Plosions Paprika 100 g",
    "category": "Koek, snoep, chocolade en chips",
    "price": 1.99,
    "promoPrice": null,
    "pricePerUnit": "19.9 kg",
    "image": "https://www.jumbo.com/dam-images/fit-in/360x360/Products/13092025_1757725421658_1757725425538_292084_STK_08710532460501_C1N1.png",
    "available": true,
    "promoUntil": null
  },
  {
    "id": "153947PAK",
    "title": "Brand IPA Bier Fles 6 x 300ml",
    "category": "Bier en wijn",
    "price": 8.99,
    "promoPrice": null,
    "pricePerUnit": "4.99 l",
    "image": "https://www.jumbo.com/dam-images/fit-in/360x360/Products/07012025_1736267672682_1736267681935_87232370_1.png",
    "available": true,
    "promoUntil": null
  },
  {
    "id": "170264STK",
    "title": "Santa Maria Crispy Chicken Kruidenmix Mild 50 g",
    "category": "Wereldkeukens, kruiden, pasta en rijst",
    "price": 1.02,
    "promoPrice": null,
    "pricePerUnit": "20.4 kg",
    "image": "https://www.jumbo.com/dam-images/fit-in/360x360/Products/13092025_1757729620497_1757729637932_170264_STK_07311310314279_C1N1.png",
    "available": true,
    "promoUntil": null
  },
  {
    "id": "190556PAK",
    "title": "Jumbo Gevulde Snack met Kip & Cranberry Snoepjes 60 g",
    "category": "Huishouden en dieren",
    "price": 1.09,
    "promoPrice": null,
    "pricePerUnit": "18.17 kg",
    "image": "https://www.jumbo.com/dam-images/fit-in/360x360/Products/10052024_1715351655392_1715351663073_8718452549474_1.png",
    "available": true,
    "promoUntil": null
  },
  {
    "id": "514802FLS",
    "title": "Bayridge - Chardonnay - Biologisch - 750ML",
    "category": "Bier en wijn",
    "price": 12.5,
    "promoPrice": null,
    "pricePerUnit": "16.67 l",
    "image": "https://www.jumbo.com/dam-images/fit-in/360x360/Products/09082023_1691592916102_1691592921292_6009835630738_1.png",
    "available": true,
    "promoUntil": null
  },
  {
    "id": "187259STK",
    "title": "Huls Snackworst met Kruidnagel 121g",
    "category": "Vleeswaren, kaas en tapas",
    "price": 3.49,
    "promoPrice": null,
    "pricePerUnit": "28.84 kg",
    "image": "https://www.jumbo.com/dam-images/fit-in/360x360/Products/14052025_1747190029581_1747190039096_187259_STK_08725800001454_C1N1.png",
    "available": true,
    "promoUntil": null
  },
  {
    "id": "586954POT",
    "title": "Grand'Italia Tradizionale met Kruiden 600 g",
    "category": "Wereldkeukens, kruiden, pasta en rijst",
    "price": 5.34,
    "promoPrice": null,
    "pricePerUnit": "8.9 kg",
    "image": "https://www.jumbo.com/dam-images/fit-in/360x360/Products/17042025_1744853548887_1744853554450_586954_POT_00000080024149_H1N1.png",
    "available": true,
    "promoUntil": null
  },
  {
    "id": "306276ZK",
    "title": "Parrano Geraspte Rasp Robusto",
    "category": "Vleeswaren, kaas en tapas",
    "price": 2.69,
    "promoPrice": null,
    "pricePerUnit": "26.9 kg",
    "image": "https://www.jumbo.com/dam-images/fit-in/360x360/Products/08102024_1728390792299_1728390798707_8710912101420_1.png",
    "available": true,
    "promoUntil": null
  },
  {
    "id": "218429STK",
    "title": "Autodrop Cadillacs 280 g",
    "category": "Koek, snoep, chocolade en chips",
    "price": 2.79,
    "promoPrice": null,
    "pricePerUnit": "9.96 kg",
    "image": "https://www.jumbo.com/dam-images/fit-in/360x360/Products/12032025_1741751232451_1741751239671_218429_STK_08710452400151_C1N1.png",
    "available": true,
    "promoUntil": null
  },
  {
    "id": "474843DSL",
    "title": "Neutral Vloeibaar Wasmiddel Zwart 6 x 20 wasbeurten",
    "category": "Huishouden en dieren",
    "price": 52.14,
    "promoPrice": 36.49,
    "pricePerUnit": "0.43 wb",
    "image": "https://www.jumbo.com/dam-images/fit-in/360x360/Products/12122024_1734014939930_1734014946120_8720181212710_1.png",
    "available": true,
    "promoUntil": "di 7 okt"
  },
  {
    "id": "423756ZK",
    "title": "Tyrrells Sweet Chilli & Red Pepper 150 g",
    "category": "Koek, snoep, chocolade en chips",
    "price": 2.99,
    "promoPrice": null,
    "pricePerUnit": "19.93 kg",
    "image": "https://www.jumbo.com/dam-images/fit-in/360x360/Products/06052024_1714984389927_1714984394895_5060042641413_1.png",
    "available": true,
    "promoUntil": null
  },
  {
    "id": "454090NET",
    "title": "Jumbo Biologisch Rode Uien 450 g",
    "category": "Aardappelen, groente en fruit",
    "price": 1.29,
    "promoPrice": null,
    "pricePerUnit": "2.87 kg",
    "image": "https://www.jumbo.com/dam-images/fit-in/360x360/Products/29092023_1695996432581_1695996437759_8718452592708_1.png",
    "available": true,
    "promoUntil": null
  },
  {
    "id": "680784PAK",
    "title": "Jumbo Tropic Drink Sinaasappel, Ananas & Passievrucht 1 L",
    "category": "Frisdrank en sappen",
    "price": 1.69,
    "promoPrice": null,
    "pricePerUnit": "1.69 l",
    "image": "https://www.jumbo.com/dam-images/fit-in/360x360/Products/07032025_1741354388275_1741354405677_8718452886999_596.png",
    "available": true,
    "promoUntil": null
  },
  {
    "id": "237963STK",
    "title": "Verstegen Zwarte Peper Gemalen 38 g",
    "category": "Wereldkeukens, kruiden, pasta en rijst",
    "price": 3.65,
    "promoPrice": null,
    "pricePerUnit": "96.05 kg",
    "image": "https://www.jumbo.com/dam-images/fit-in/360x360/Products/30082024_1724985120369_1724985123969_237963_STK_08712200093530_C1N1.png",
    "available": true,
    "promoUntil": null
  },
  {
    "id": "664648ZK",
    "title": "Red Band Dropfruit Duo's 245 g",
    "category": "Koek, snoep, chocolade en chips",
    "price": 2.56,
    "promoPrice": null,
    "pricePerUnit": "10.45 kg",
    "image": "https://www.jumbo.com/dam-images/fit-in/360x360/Products/12122024_1733969788875_1733969799229_664648_ZK_08713800255281_H1N1.png",
    "available": true,
    "promoUntil": null
  },
  {
    "id": "498603STK",
    "title": "Jumbo Mineraal Water Grapefruit Smaak Bruisend 1,5 L",
    "category": "Frisdrank en sappen",
    "price": 1.18,
    "promoPrice": null,
    "pricePerUnit": "0.79 l",
    "image": "https://www.jumbo.com/dam-images/fit-in/360x360/Products/498603_8718452645398_1_T1_498603STK1691137020118.png",
    "available": true,
    "promoUntil": null
  },
  {
    "id": "673585STK",
    "title": "Mullrose Schoonmaakazijn Magic Vinax Lavendel 1L",
    "category": "Huishouden en dieren",
    "price": 0.69,
    "promoPrice": null,
    "pricePerUnit": "0.69 l",
    "image": "",
    "available": true,
    "promoUntil": null
  },
  {
    "id": "484889DSL",
    "title": "Gato Negro - Moscato 6 x 750 ml",
    "category": "Bier en wijn",
    "price": 31.74,
    "promoPrice": null,
    "pricePerUnit": "7.05 l",
    "image": "https://www.jumbo.com/dam-images/fit-in/360x360/Products/484889DSL-1692280967378.png",
    "available": true,
    "promoUntil": null
  },
  {
    "id": "273185ZK",
    "title": "Vicks Bonbons Ademvrij VapoPlus Eucalyptus Suikervrij 72 g",
    "category": "Koek, snoep, chocolade en chips",
    "price": 1.89,
    "promoPrice": null,
    "pricePerUnit": "26.25 kg",
    "image": "https://www.jumbo.com/dam-images/fit-in/360x360/Products/09082023_1691585199905_1691585215841_4030300022552_1.png",
    "available": true,
    "promoUntil": null
  },
  {
    "id": "578888TRA",
    "title": "Jumbo Salame al Tartufo 50 g",
    "category": "Vleeswaren, kaas en tapas",
    "price": 2.19,
    "promoPrice": null,
    "pricePerUnit": "43.8 kg",
    "image": "https://www.jumbo.com/dam-images/fit-in/360x360/Products/06122023_1701876843916_1701876854992_8718452767991_1.png",
    "available": true,
    "promoUntil": null
  },
  {
    "id": "70473PAK",
    "title": "Palmolive Naturals Moisture Care Melk en Olijf Blokzeep 4x90g",
    "category": "Drogisterij en baby",
    "price": 3.32,
    "promoPrice": null,
    "pricePerUnit": "9.22 kg",
    "image": "https://www.jumbo.com/dam-images/fit-in/360x360/Products/09082023_1691590482366_1691590648508_8714789703015_1.png",
    "available": true,
    "promoUntil": null
  },
  {
    "id": "603743DS",
    "title": "Jumbo Dim Sum Snacks 16 Stuks",
    "category": "Diepvries",
    "price": 3.75,
    "promoPrice": null,
    "pricePerUnit": "13.2 kg",
    "image": "https://www.jumbo.com/dam-images/fit-in/360x360/Products/11042024_1712842510182_1712842531249_8718452699353_596.png",
    "available": true,
    "promoUntil": null
  },
  {
    "id": "193247ZK",
    "title": "Mora Broodje Cheeseburger 130 g",
    "category": "Diepvries",
    "price": 2.39,
    "promoPrice": null,
    "pricePerUnit": "18.38 kg",
    "image": "https://www.jumbo.com/dam-images/fit-in/360x360/Products/12042024_1712886588509_1712886601240_193247_ZK_08710861985010_C1N1_s03.png",
    "available": true,
    "promoUntil": null
  },
  {
    "id": "458824STK",
    "title": "Jumbo Citroengras 100 g",
    "category": "Aardappelen, groente en fruit",
    "price": 3.18,
    "promoPrice": null,
    "pricePerUnit": "31.8 kg",
    "image": "https://www.jumbo.com/dam-images/fit-in/360x360/Products/29092023_1695995410219_1695995419098_8718452612369_1.png",
    "available": true,
    "promoUntil": null
  },
  {
    "id": "575935BKR",
    "title": "Jumbo Gezouten Huismix 175 g",
    "category": "Koek, snoep, chocolade en chips",
    "price": 4.36,
    "promoPrice": null,
    "pricePerUnit": "24.91 kg",
    "image": "https://www.jumbo.com/dam-images/fit-in/360x360/Products/06022024_1707237251838_1707237259339_8718452738977_1.png",
    "available": true,
    "promoUntil": null
  },
  {
    "id": "622806CUP",
    "title": "Jumbo Rogge Snacks met Oude Kaas en Roomkaas 100 g",
    "category": "Vleeswaren, kaas en tapas",
    "price": 2.29,
    "promoPrice": null,
    "pricePerUnit": "22.9 kg",
    "image": "https://www.jumbo.com/dam-images/fit-in/360x360/Products/26062024_1719412468502_1719412477912_8718452810888_1.png",
    "available": true,
    "promoUntil": null
  },
  {
    "id": "503983PAK",
    "title": "Bar-le-Duc Natuurlijk Mineraalwater pak 1 L",
    "category": "Frisdrank en sappen",
    "price": 0.71,
    "promoPrice": null,
    "pricePerUnit": "0.71 l",
    "image": "https://www.jumbo.com/dam-images/fit-in/360x360/Products/26052025_1748223652365_1748223654902_503983_PAK_08722200961982_C1N1.png",
    "available": true,
    "promoUntil": null
  },
  {
    "id": "192300STK",
    "title": "Milka Chocoladereep confetti 100g",
    "category": "Koek, snoep, chocolade en chips",
    "price": 1.87,
    "promoPrice": null,
    "pricePerUnit": "18.7 kg",
    "image": "https://www.jumbo.com/dam-images/fit-in/360x360/Products/05082025_1754408031540_1754408035245_7622210163899_1.png",
    "available": true,
    "promoUntil": null
  },
  {
    "id": "178430STK",
    "title": "Davitamon Vitamine D smelttabletten voor volwassenen, 150 stuks",
    "category": "Drogisterij en baby",
    "price": 19.99,
    "promoPrice": null,
    "pricePerUnit": "0.13 pieces",
    "image": "https://www.jumbo.com/dam-images/fit-in/360x360/Products/24092025_1758672135619_1758672143935_8710537041156_1.png",
    "available": true,
    "promoUntil": null
  },
  {
    "id": "688209BAK",
    "title": "Jumbo Ananas Voordeelverpakking 400 g",
    "category": "Aardappelen, groente en fruit",
    "price": 3.39,
    "promoPrice": null,
    "pricePerUnit": "8.48 kg",
    "image": "https://www.jumbo.com/dam-images/fit-in/360x360/Products/18092025_1758191730576_1758191736434_8718452917181_1.png",
    "available": true,
    "promoUntil": null
  },
  {
    "id": "175816ZK",
    "title": "PURINA® ONE Junior Rijk aan Kip kattenvoer 800 gr",
    "category": "Huishouden en dieren",
    "price": 6.36,
    "promoPrice": null,
    "pricePerUnit": "7.95 kg",
    "image": "https://www.jumbo.com/dam-images/fit-in/360x360/Products/20052025_1747706638960_1747706662324_175816_ZK_07613035614482_C1N1_s03.png",
    "available": true,
    "promoUntil": null
  },
  {
    "id": "588449FLS",
    "title": "Captain Morgan - Spiced Gold - 0.0% Alcoholvrij - 700ML",
    "category": "Bier en wijn",
    "price": 18.49,
    "promoPrice": null,
    "pricePerUnit": "26.41 kg",
    "image": "https://www.jumbo.com/dam-images/fit-in/360x360/Products/12072024_1720750407740_1720750410484_588449_FLS_05000281070742_C1N1.png",
    "available": true,
    "promoUntil": null
  },
  {
    "id": "172154FLS",
    "title": "Zonnatura Biologische Cranberrysap 330 ml",
    "category": "Frisdrank en sappen",
    "price": 4.94,
    "promoPrice": null,
    "pricePerUnit": "14.97 l",
    "image": "https://www.jumbo.com/dam-images/fit-in/360x360/Products/15092025_1757943177474_1757943180570_8711812417512_1.png",
    "available": true,
    "promoUntil": null
  },
  {
    "id": "449005FLS",
    "title": "Neleman - Garnacha - Biologisch - 750ML",
    "category": "Bier en wijn",
    "price": 6.49,
    "promoPrice": null,
    "pricePerUnit": "8.65 l",
    "image": "https://www.jumbo.com/dam-images/fit-in/360x360/Products/449005_8720254239385_1_T1_449005FLS1691219300791.png",
    "available": true,
    "promoUntil": null
  },
  {
    "id": "143032STK",
    "title": "Verstegen Kaneel 45 g",
    "category": "Wereldkeukens, kruiden, pasta en rijst",
    "price": 3.9,
    "promoPrice": null,
    "pricePerUnit": "86.67 kg",
    "image": "https://www.jumbo.com/dam-images/fit-in/360x360/Products/11032025_1741659294674_1741659299398_143032_STK_08712200596307_C1N1.png",
    "available": true,
    "promoUntil": null
  },
  {
    "id": "600872BAK",
    "title": "Oude Kaas Salade 250 g",
    "category": "Vleeswaren, kaas en tapas",
    "price": 1.82,
    "promoPrice": null,
    "pricePerUnit": "7.28 kg",
    "image": "https://www.jumbo.com/dam-images/fit-in/360x360/Products/26012024_1706265243996_1706265253703_8710948371675_1.png",
    "available": true,
    "promoUntil": null
  },
  {
    "id": "610190FLS",
    "title": "Head & Shoulders Classic 2-in-1 Anti-Roos Shampoo 400ml. Verfrissende Geur",
    "category": "Drogisterij en baby",
    "price": 9.99,
    "promoPrice": null,
    "pricePerUnit": "24.98 l",
    "image": "https://www.jumbo.com/dam-images/fit-in/360x360/Products/05092025_1757035954621_1757035955664_610190_FLS_08700216208154_C1N1.png",
    "available": true,
    "promoUntil": null
  },
  {
    "id": "454877ZK",
    "title": "Klene Dropgums Suikervrij 110g",
    "category": "Koek, snoep, chocolade en chips",
    "price": 2.49,
    "promoPrice": null,
    "pricePerUnit": "22.64 kg",
    "image": "https://www.jumbo.com/dam-images/fit-in/360x360/Products/07072025_1751902635585_1751902640738_8723400795001_1.png",
    "available": true,
    "promoUntil": null
  },
  {
    "id": "674634BLK",
    "title": "Monster Energy Ultra Strawberry Dreams 500 ml",
    "category": "Frisdrank en sappen",
    "price": 2.29,
    "promoPrice": null,
    "pricePerUnit": "4.58 l",
    "image": "https://www.jumbo.com/dam-images/fit-in/360x360/Products/23012025_1737660807807_1737660812485_5056784901038_1.png",
    "available": true,
    "promoUntil": null
  },
  {
    "id": "652747KGR",
    "title": "Jumbo Boerenkaas 48+ Extra Belegen Stuk ca. 419 g",
    "category": "Vleeswaren, kaas en tapas",
    "price": 9.58,
    "promoPrice": null,
    "pricePerUnit": "21.29 kg",
    "image": "https://www.jumbo.com/dam-images/fit-in/360x360/Products/2369025000000T1Aangepastb5889328-2ebe-45b6-9868-1c130c8ad06b-1757329630687.png",
    "available": true,
    "promoUntil": null
  },
  {
    "id": "562499BLK",
    "title": "Fairtrade Original Kokos Melk 200 ml",
    "category": "Wereldkeukens, kruiden, pasta en rijst",
    "price": 1.97,
    "promoPrice": null,
    "pricePerUnit": "9.85 l",
    "image": "https://www.jumbo.com/dam-images/fit-in/360x360/Products/10082023_1691675793921_1691675822131_8711741355022_1.png",
    "available": true,
    "promoUntil": null
  },
  {
    "id": "459024STK",
    "title": "Jumbo Hondenworst met Kip & Rund 400 g",
    "category": "Huishouden en dieren",
    "price": 1.85,
    "promoPrice": null,
    "pricePerUnit": "4.63 kg",
    "image": "https://www.jumbo.com/dam-images/fit-in/360x360/Products/09082023_1691588823010_1691588825787_8718452549368_1.png",
    "available": true,
    "promoUntil": null
  },
  {
    "id": "283561STK",
    "title": "Jumbo Mix Tagliatelle Roomsaus 66 g",
    "category": "Wereldkeukens, kruiden, pasta en rijst",
    "price": 0.85,
    "promoPrice": null,
    "pricePerUnit": "12.88 kg",
    "image": "https://www.jumbo.com/dam-images/fit-in/360x360/Products/09082023_1691585940009_1691585949500_8718452391059_1.png",
    "available": true,
    "promoUntil": null
  },
  {
    "id": "580760BKR",
    "title": "Jumbo's Kippensoep Oosterse Stijl 500 g",
    "category": "Verse maaltijden en gemak",
    "price": 3.59,
    "promoPrice": null,
    "pricePerUnit": "7.18 kg",
    "image": "https://www.jumbo.com/dam-images/fit-in/360x360/Products/01102024_1727748301645_1727748304619_580760_BKR_08718452855568_C1N1.png",
    "available": true,
    "promoUntil": null
  },
  {
    "id": "689503CUP",
    "title": "Jumbo Trio Dip Mediterraanse Stijl 150 g",
    "category": "Vleeswaren, kaas en tapas",
    "price": 2.49,
    "promoPrice": null,
    "pricePerUnit": "16.6 kg",
    "image": "https://www.jumbo.com/dam-images/fit-in/360x360/Products/08082025_1754660015156_1754660023943_8718452923908_1.png",
    "available": true,
    "promoUntil": null
  },
  {
    "id": "698589FLS",
    "title": "Andrélon Shampoo Zilver Care 250 ml",
    "category": "Drogisterij en baby",
    "price": 8.99,
    "promoPrice": null,
    "pricePerUnit": "35.96 l",
    "image": "https://www.jumbo.com/dam-images/fit-in/360x360/Products/11072025_1752244367084_1752244371557_8720181576645_1.png",
    "available": true,
    "promoUntil": null
  },
  {
    "id": "17979POT",
    "title": "Vaseline Petroleum Jelly Original 100 ml",
    "category": "Drogisterij en baby",
    "price": 3.49,
    "promoPrice": null,
    "pricePerUnit": "34.9 l",
    "image": "https://www.jumbo.com/dam-images/fit-in/360x360/Products/19092025_1758292428850_1758292433221_42182634_1.png",
    "available": true,
    "promoUntil": null
  },
  {
    "id": "375668ZK",
    "title": "Jumbo Oven Zoutjes met Pittige Tomaat Smaak 125 g",
    "category": "Koek, snoep, chocolade en chips",
    "price": 1.78,
    "promoPrice": null,
    "pricePerUnit": "14.24 kg",
    "image": "https://www.jumbo.com/dam-images/fit-in/360x360/Products/04072025_1751617975232_1751617985482_8718452443710_1.png",
    "available": true,
    "promoUntil": null
  },
  {
    "id": "214891FLS",
    "title": "Baron de Belmotte - Merlot - 750ML",
    "category": "Bier en wijn",
    "price": 3.69,
    "promoPrice": null,
    "pricePerUnit": "4.92 l",
    "image": "https://www.jumbo.com/dam-images/fit-in/360x360/Products/06122023_1701876843533_1701876849948_3021891049968_1.png",
    "available": true,
    "promoUntil": null
  },
  {
    "id": "471550FLS",
    "title": "Jumbo - Pinot Grigio Blush - Biologisch - 375ML",
    "category": "Bier en wijn",
    "price": 3.49,
    "promoPrice": null,
    "pricePerUnit": "9.31 l",
    "image": "https://www.jumbo.com/dam-images/fit-in/360x360/Products/31082023_1693488842885_1693488844736_8718452629428_1.png",
    "available": true,
    "promoUntil": null
  },
  {
    "id": "610638DS",
    "title": "Jumbo WC Blok Ocean Navulling 2 x 40 g",
    "category": "Huishouden en dieren",
    "price": 1.1,
    "promoPrice": null,
    "pricePerUnit": "0.55 pieces",
    "image": "https://www.jumbo.com/dam-images/fit-in/360x360/Products/16092025_1758018770478_1758018783574_8718452916689_596.png",
    "available": true,
    "promoUntil": null
  },
  {
    "id": "418722BLK",
    "title": "Nature's Charm Gezoete Gecondenseerde Kokosmelk 320 g",
    "category": "Wereldkeukens, kruiden, pasta en rijst",
    "price": 3.16,
    "promoPrice": null,
    "pricePerUnit": "9.88 kg",
    "image": "https://www.jumbo.com/dam-images/fit-in/360x360/Products/12122024_1734014380528_1734014389019_93856992193_1.png",
    "available": true,
    "promoUntil": null
  },
  {
    "id": "558535ZK",
    "title": "Chio Popchips Paprika 70g",
    "category": "Koek, snoep, chocolade en chips",
    "price": 1.99,
    "promoPrice": null,
    "pricePerUnit": "28.43 kg",
    "image": "https://www.jumbo.com/dam-images/fit-in/360x360/Products/25112024_1732534374542_1732534380693_9000159161660_1.png",
    "available": true,
    "promoUntil": null
  },
  {
    "id": "180554BLK",
    "title": "Jumbo Paté met Pens 400 g",
    "category": "Huishouden en dieren",
    "price": 0.99,
    "promoPrice": null,
    "pricePerUnit": "2.48 kg",
    "image": "https://www.jumbo.com/dam-images/fit-in/360x360/Products/87184525839596b7603f4-a7a9-4185-997c-74f04d0290a9-1695113038945.png",
    "available": true,
    "promoUntil": null
  },
  {
    "id": "138649PAK",
    "title": "Warsteiner - Premium Radler - Fles - 6 x 330ML",
    "category": "Bier en wijn",
    "price": 4.99,
    "promoPrice": null,
    "pricePerUnit": "2.52 l",
    "image": "https://www.jumbo.com/dam-images/fit-in/360x360/Products/29092023_1695995098300_1695995105924_4000856105092_1.png",
    "available": true,
    "promoUntil": null
  },
  {
    "id": "69747POT",
    "title": "Koh Thai Rode curry pasta",
    "category": "Wereldkeukens, kruiden, pasta en rijst",
    "price": 3.46,
    "promoPrice": null,
    "pricePerUnit": "15.38 kg",
    "image": "https://www.jumbo.com/dam-images/fit-in/360x360/Products/20062024_1718845592227_1718845605126_69747_POT_08717662260827_C1N1.png",
    "available": true,
    "promoUntil": null
  },
  {
    "id": "680079FLS",
    "title": "Head & Shoulders Intense Hydration met Kokosolie Anti-Roos Shampoo 300 ml",
    "category": "Drogisterij en baby",
    "price": 7.69,
    "promoPrice": null,
    "pricePerUnit": "25.63 l",
    "image": "https://www.jumbo.com/dam-images/fit-in/360x360/Products/24092025_1758672134008_1758672136671_8700216318389_1.png",
    "available": true,
    "promoUntil": null
  },
  {
    "id": "556765TRA",
    "title": "Old Amsterdam Tasty Grill Original 2 x 70 g",
    "category": "Vleeswaren, kaas en tapas",
    "price": 3.99,
    "promoPrice": null,
    "pricePerUnit": "28.5 kg",
    "image": "https://www.jumbo.com/dam-images/fit-in/360x360/Products/20092025_1758335740501_1758335750021_556765_TRA_08710243909139_C1N1.png",
    "available": true,
    "promoUntil": null
  },
  {
    "id": "686074FLS",
    "title": "Mezzacorona - 8% Pinot Grigio - 750ML",
    "category": "Bier en wijn",
    "price": 6.79,
    "promoPrice": null,
    "pricePerUnit": "9.05 l",
    "image": "https://www.jumbo.com/dam-images/fit-in/360x360/Products/28052025_1748399085542_1748399090371_686074_FLS_08004305004796_C1N1.png",
    "available": true,
    "promoUntil": null
  },
  {
    "id": "674327PAK",
    "title": "Cote d'or Puur 180g",
    "category": "Koek, snoep, chocolade en chips",
    "price": 4.03,
    "promoPrice": null,
    "pricePerUnit": "22.39 kg",
    "image": "https://www.jumbo.com/dam-images/fit-in/360x360/Products/12022025_1739325617527_1739325647297_674327_PAK_07622202271434_C1N1_s01.png",
    "available": true,
    "promoUntil": null
  },
  {
    "id": "685513DS",
    "title": "Jumbo Fruitschaal Ananas Meloen Mango 425 g",
    "category": "Aardappelen, groente en fruit",
    "price": 4.0,
    "promoPrice": null,
    "pricePerUnit": "9.41 kg",
    "image": "https://www.jumbo.com/dam-images/fit-in/360x360/Products/30042025_1746027228439_1746027236860_8718452896806_1.png",
    "available": true,
    "promoUntil": null
  },
  {
    "id": "520424STK",
    "title": "Rosewood Zalm Bot 150g",
    "category": "Huishouden en dieren",
    "price": 3.79,
    "promoPrice": null,
    "pricePerUnit": "25.27 kg",
    "image": "https://www.jumbo.com/dam-images/fit-in/360x360/Products/02042025_1743561176716_1743561181130_520424_STK_08712113454831_C1N1_s01.png",
    "available": true,
    "promoUntil": null
  },
  {
    "id": "648700POT",
    "title": "Jumbo's Salsa Dip Mild 300 g",
    "category": "Wereldkeukens, kruiden, pasta en rijst",
    "price": 1.29,
    "promoPrice": null,
    "pricePerUnit": "4.3 kg",
    "image": "https://www.jumbo.com/dam-images/fit-in/360x360/Products/12122024_1734003204103_1734003214859_8718452861026_1.png",
    "available": true,
    "promoUntil": null
  },
  {
    "id": "350372STK",
    "title": "Lonka Soft Nougat Caramel 210 g",
    "category": "Koek, snoep, chocolade en chips",
    "price": 2.27,
    "promoPrice": null,
    "pricePerUnit": "10.81 kg",
    "image": "https://www.jumbo.com/dam-images/fit-in/360x360/Products/20082025_1755657985621_1755657993255_350372_STK_08713800133787_C1N1.png",
    "available": true,
    "promoUntil": null
  },
  {
    "id": "656681KGR",
    "title": "Jumbo Belegen Goudse Kaas 48+ Plakken ca. 200 g",
    "category": "Vleeswaren, kaas en tapas",
    "price": 3.78,
    "promoPrice": null,
    "pricePerUnit": "18.9 kg",
    "image": "https://www.jumbo.com/dam-images/fit-in/360x360/Products/12122024_1734014904763_1734014910152_2369003000000_1.png",
    "available": true,
    "promoUntil": null
  },
  {
    "id": "167794ZK",
    "title": "Brood van Soma Limburgs Volkoren Roggebrood 400 g",
    "category": "Brood en gebak",
    "price": 1.23,
    "promoPrice": null,
    "pricePerUnit": "3.08 kg",
    "image": "https://www.jumbo.com/dam-images/fit-in/360x360/Products/08042025_1744097626171_1744097634543_8710899000006_1.png",
    "available": true,
    "promoUntil": null
  },
  {
    "id": "634157DS",
    "title": "Robijn Collections 3-in-1 Wascapsules Color Tropical 15 wasbeurten",
    "category": "Huishouden en dieren",
    "price": 13.29,
    "promoPrice": null,
    "pricePerUnit": "0.89 wb",
    "image": "https://www.jumbo.com/dam-images/fit-in/360x360/Products/09112024_1731121354704_1731121402226_634157_DS_08720181510953_H1N1.png",
    "available": true,
    "promoUntil": null
  },
  {
    "id": "585040ZK",
    "title": "Rodi Daily Basics Lam met Rijst 1 kg",
    "category": "Diepvries",
    "price": 5.93,
    "promoPrice": null,
    "pricePerUnit": "5.93 kg",
    "image": "https://www.jumbo.com/dam-images/fit-in/360x360/Products/16092025_1757986823663_1757986830887_585040_ZK_08710429019485_C1N1.png",
    "available": true,
    "promoUntil": null
  },
  {
    "id": "610201STK",
    "title": "Jumbo - Aardbeienbavarois Punt - 2 Stuks",
    "category": "Brood en gebak",
    "price": 4.49,
    "promoPrice": null,
    "pricePerUnit": "4.49 pieces",
    "image": "https://www.jumbo.com/dam-images/fit-in/360x360/Products/8718452836598T962ca6c00-5d88-4971-b5f9-5c085b149dbc-1754565067145.png",
    "available": true,
    "promoUntil": null
  },
  {
    "id": "419455PAK",
    "title": "FELIX® Original Senior Mix Selectie in Gelei Kattenvoer 12x85g",
    "category": "Huishouden en dieren",
    "price": 5.35,
    "promoPrice": null,
    "pricePerUnit": "5.25 kg",
    "image": "https://www.jumbo.com/dam-images/fit-in/360x360/Products/23092025_1758593378418_1758593410639_419455_PAK_07613039850114_C1N1_s02.png",
    "available": true,
    "promoUntil": null
  },
  {
    "id": "677583ZK",
    "title": "Pampers Premium Protection Maat 6, 19 Luiers",
    "category": "Drogisterij en baby",
    "price": 14.49,
    "promoPrice": null,
    "pricePerUnit": "0.76 pieces",
    "image": "https://www.jumbo.com/dam-images/fit-in/360x360/Products/14082025_1755196422892_1755196429344_8700216664554_1.png",
    "available": true,
    "promoUntil": null
  },
  {
    "id": "611248BAK",
    "title": "Jumbo Mihoen Babi Ketjap 450 g",
    "category": "Verse maaltijden en gemak",
    "price": 4.5,
    "promoPrice": null,
    "pricePerUnit": "10.0 kg",
    "image": "https://www.jumbo.com/dam-images/fit-in/360x360/Products/26042024_1714145595275_1714145607094_8718452808076_1.png",
    "available": true,
    "promoUntil": null
  },
  {
    "id": "175748STK",
    "title": "Witte Reus Kracht Actief Lavendel 50 g",
    "category": "Huishouden en dieren",
    "price": 3.69,
    "promoPrice": null,
    "pricePerUnit": "73.8 kg",
    "image": "https://www.jumbo.com/dam-images/fit-in/360x360/Products/05410091734008C1N17aed7cc0-010f-45bd-acb8-ea37c7fab056-1752046930993.png",
    "available": true,
    "promoUntil": null
  },
  {
    "id": "698635FLS",
    "title": "Andrélon Shampoo Perfecte Krul 300 ml",
    "category": "Drogisterij en baby",
    "price": 6.49,
    "promoPrice": null,
    "pricePerUnit": "25.96 l",
    "image": "https://www.jumbo.com/dam-images/fit-in/360x360/Products/05062025_1749119591307_1749119594519_8720181576690_1.png",
    "available": true,
    "promoUntil": null
  },
  {
    "id": "502186DS",
    "title": "Fisherman's Friend Original 3 Pack 3 x 25 g",
    "category": "Koek, snoep, chocolade en chips",
    "price": 3.39,
    "promoPrice": null,
    "pricePerUnit": "45.2 kg",
    "image": "https://www.jumbo.com/dam-images/fit-in/360x360/Products/25032025_1742874290716_1742874293492_502186_DS_05000357103732_C1N1.png",
    "available": true,
    "promoUntil": null
  },
  {
    "id": "504989FLS",
    "title": "Unicura Hydra Antibacteriële Handzeep 250 ml",
    "category": "Drogisterij en baby",
    "price": 3.29,
    "promoPrice": null,
    "pricePerUnit": "13.16 l",
    "image": "https://www.jumbo.com/dam-images/fit-in/360x360/Products/18052024_1715994421998_1715994424316_504989_FLS_08718951455023_C1N1.png",
    "available": true,
    "promoUntil": null
  },
  {
    "id": "542835DS",
    "title": "Glade Touch & Fresh Pure Clean Linen 2 x 10 ml",
    "category": "Huishouden en dieren",
    "price": 3.99,
    "promoPrice": null,
    "pricePerUnit": "199.5 l",
    "image": "https://www.jumbo.com/dam-images/fit-in/360x360/Products/23092025_1758598477063_1758598481694_542835_DS_05000204288421_C1N1.png",
    "available": true,
    "promoUntil": null
  },
  {
    "id": "459395FLS",
    "title": "Arizona Iced Tea met Perziksmaak 500ml",
    "category": "Frisdrank en sappen",
    "price": 1.49,
    "promoPrice": null,
    "pricePerUnit": "2.98 l",
    "image": "https://www.jumbo.com/dam-images/fit-in/360x360/Products/11062024_1718077669664_1718077674161_459395_FLS_00613008761141_C1N1.png",
    "available": true,
    "promoUntil": null
  },
  {
    "id": "370934ZK",
    "title": "Anta Flu Verzorgende Keelpastilles Mint Menthol 275 g",
    "category": "Koek, snoep, chocolade en chips",
    "price": 2.34,
    "promoPrice": null,
    "pricePerUnit": "8.24 kg",
    "image": "https://www.jumbo.com/dam-images/fit-in/360x360/Products/26052025_1748222184395_1748222198177_370934_ZK_08721077490625_H1N1.png",
    "available": true,
    "promoUntil": null
  },
  {
    "id": "628762PAK",
    "title": "BONZO Pouch in Gelei Rund/Kip/Lam 12x85g",
    "category": "Huishouden en dieren",
    "price": 4.74,
    "promoPrice": null,
    "pricePerUnit": "4.65 kg",
    "image": "https://www.jumbo.com/dam-images/fit-in/360x360/Products/10062025_1749520115490_1749520185497_628762_PAK_08445290790996_C1N1_s01.png",
    "available": true,
    "promoUntil": null
  },
  {
    "id": "131146DS",
    "title": "Van Strien Roomboter Kaasstengels 90 g",
    "category": "Koek, snoep, chocolade en chips",
    "price": 3.12,
    "promoPrice": null,
    "pricePerUnit": "34.67 kg",
    "image": "https://www.jumbo.com/dam-images/fit-in/360x360/Products/21112024_1732214141617_1732214149101_8716827129016_1.png",
    "available": true,
    "promoUntil": null
  },
  {
    "id": "598913DS",
    "title": "Jumbo Diepvrieszakken met Sluitstrips en Schrijfvakken 1 L 25 Stuks",
    "category": "Huishouden en dieren",
    "price": 1.29,
    "promoPrice": null,
    "pricePerUnit": "0.05 pieces",
    "image": "https://www.jumbo.com/dam-images/fit-in/360x360/Products/29032024_1711693987002_1711693996024_8718452731015_596.png",
    "available": true,
    "promoUntil": null
  },
  {
    "id": "694024CUP",
    "title": "Jumbo Rolletje Gerookte Kip met Roomkaas met Zoete Peper 80 g",
    "category": "Vleeswaren, kaas en tapas",
    "price": 2.99,
    "promoPrice": null,
    "pricePerUnit": "37.38 kg",
    "image": "https://www.jumbo.com/dam-images/fit-in/360x360/Products/07072025_1751902648114_1751902655201_8718452923137_1.png",
    "available": true,
    "promoUntil": null
  },
  {
    "id": "451004STK",
    "title": "Advil Reliva Forte Liquid-Caps pijnstiller 400 mg, 20 stuks",
    "category": "Drogisterij en baby",
    "price": 10.59,
    "promoPrice": null,
    "pricePerUnit": "0.53 pieces",
    "image": "https://www.jumbo.com/dam-images/fit-in/360x360/Products/24092025_1758672137553_1758672149704_8712769009669_1.png",
    "available": true,
    "promoUntil": null
  },
  {
    "id": "637653DS",
    "title": "Ambi pur WC Active Gel-Block Water Flowers 45 g",
    "category": "Huishouden en dieren",
    "price": 3.99,
    "promoPrice": null,
    "pricePerUnit": "3.99 pieces",
    "image": "https://www.jumbo.com/dam-images/fit-in/360x360/Products/16012025_1736994911306_1736994918858_637653_DS_08435495838418_C1N1.png",
    "available": true,
    "promoUntil": null
  },
  {
    "id": "678883TUB",
    "title": "Oral-B Pro-Expert Zachte Whitening Tandpasta 75ml",
    "category": "Drogisterij en baby",
    "price": 4.89,
    "promoPrice": null,
    "pricePerUnit": "65.2 l",
    "image": "https://www.jumbo.com/dam-images/fit-in/360x360/Products/18092025_1758153732313_1758153735884_8700216667104_1.png",
    "available": true,
    "promoUntil": null
  },
  {
    "id": "685470CUP",
    "title": "Jumbo Chili Salade 200 g",
    "category": "Vleeswaren, kaas en tapas",
    "price": 2.79,
    "promoPrice": null,
    "pricePerUnit": "13.95 kg",
    "image": "https://www.jumbo.com/dam-images/fit-in/360x360/Products/07072025_1751902636260_1751902642990_8718452897339_1.png",
    "available": true,
    "promoUntil": null
  },
  {
    "id": "206728STK",
    "title": "Jumbo Normal Tampons 32 Stuks",
    "category": "Drogisterij en baby",
    "price": 1.05,
    "promoPrice": null,
    "pricePerUnit": "0.03 pieces",
    "image": "https://www.jumbo.com/dam-images/fit-in/360x360/Products/09082023_1691585000763_1691585024349_8718452302758_1.png",
    "available": true,
    "promoUntil": null
  },
  {
    "id": "568637ZK",
    "title": "Sportlife Frozn Deepmint Suikervrije kauwgom 4 x 18 g",
    "category": "Koek, snoep, chocolade en chips",
    "price": 3.46,
    "promoPrice": null,
    "pricePerUnit": "48.06 kg",
    "image": "https://www.jumbo.com/dam-images/fit-in/360x360/Products/28052025_1748442791462_1748442798319_8711400409202_1.png",
    "available": true,
    "promoUntil": null
  },
  {
    "id": "561868STK",
    "title": "Wycam's Borstbollen 325 g",
    "category": "Koek, snoep, chocolade en chips",
    "price": 3.39,
    "promoPrice": null,
    "pricePerUnit": "10.43 kg",
    "image": "https://www.jumbo.com/dam-images/fit-in/360x360/Products/20022024_1708421598081_1708421607332_5410591267907_1.png",
    "available": true,
    "promoUntil": null
  },
  {
    "id": "31336DS",
    "title": "Spring Home Loempiavellen 40 Stuks",
    "category": "Diepvries",
    "price": 3.28,
    "promoPrice": null,
    "pricePerUnit": "0.08 pieces",
    "image": "https://www.jumbo.com/dam-images/fit-in/360x360/Products/09082023_1691588025276_1691588039032_8888003215407_1.png",
    "available": true,
    "promoUntil": null
  },
  {
    "id": "404597BUS",
    "title": "AXE Deodorant Bodyspray Africa 200 ml",
    "category": "Drogisterij en baby",
    "price": 7.99,
    "promoPrice": null,
    "pricePerUnit": "39.95 l",
    "image": "https://www.jumbo.com/dam-images/fit-in/360x360/Products/12092025_1757640818501_1757640841281_404597_BUS_08720181025860_C1N1.png",
    "available": true,
    "promoUntil": null
  },
  {
    "id": "419439PAK",
    "title": "FELIX® Elke Dag Feest Senior Vis Selectie in Gelei Kattenvoer 12x85g",
    "category": "Huishouden en dieren",
    "price": 6.09,
    "promoPrice": null,
    "pricePerUnit": "5.97 kg",
    "image": "https://www.jumbo.com/dam-images/fit-in/360x360/Products/08072025_1751940083217_1751940124332_419439_PAK_07613039840634_C1N1_s03.png",
    "available": true,
    "promoUntil": null
  },
  {
    "id": "181445STK",
    "title": "Tony's Chocolonely Wit Chocolade Reep 28% 180 g",
    "category": "Koek, snoep, chocolade en chips",
    "price": 4.25,
    "promoPrice": null,
    "pricePerUnit": "23.61 kg",
    "image": "https://www.jumbo.com/dam-images/fit-in/360x360/Products/05092025_1757034481341_1757034487672_181445_STK_08717677337842_C1N1.png",
    "available": true,
    "promoUntil": null
  },
  {
    "id": "161812FLS",
    "title": "Go-Tan Sambal oelek 234g",
    "category": "Wereldkeukens, kruiden, pasta en rijst",
    "price": 2.09,
    "promoPrice": null,
    "pricePerUnit": "8.93 kg",
    "image": "https://www.jumbo.com/dam-images/fit-in/360x360/Products/20122023_1703061065773_1703061070181_161812_FLS_08710605013603_C1N1.png",
    "available": true,
    "promoUntil": null
  },
  {
    "id": "523332FLS",
    "title": "innocent super smoothie berry energise 750ml",
    "category": "Frisdrank en sappen",
    "price": 3.99,
    "promoPrice": null,
    "pricePerUnit": "5.32 l",
    "image": "https://www.jumbo.com/dam-images/fit-in/360x360/Products/11042025_1744360406115_1744360409120_5038862233637_1.png",
    "available": true,
    "promoUntil": null
  },
  {
    "id": "384999ZK",
    "title": "Jumbo Natuurlijke Brokjes Katten Hypoallergeen & Graanvrij 800g - Rijk aan Zalm",
    "category": "Huishouden en dieren",
    "price": 5.99,
    "promoPrice": null,
    "pricePerUnit": "7.49 kg",
    "image": "https://www.jumbo.com/dam-images/fit-in/360x360/Products/09082023_1691587559116_1691587568441_8718452476794_1.png",
    "available": true,
    "promoUntil": null
  },
  {
    "id": "439032ZK",
    "title": "Mentos Mini Fruit Uitdeelzak 215g",
    "category": "Koek, snoep, chocolade en chips",
    "price": 2.96,
    "promoPrice": null,
    "pricePerUnit": "13.77 kg",
    "image": "https://www.jumbo.com/dam-images/fit-in/360x360/Products/03062024_1717414518644_1717414525759_8723400793885_1.png",
    "available": true,
    "promoUntil": null
  },
  {
    "id": "436684FLS",
    "title": "Jumbo - Cabernet Sauvignon - Biologisch - 750 ML",
    "category": "Bier en wijn",
    "price": 4.99,
    "promoPrice": null,
    "pricePerUnit": "6.65 l",
    "image": "https://www.jumbo.com/dam-images/fit-in/360x360/Products/08092023_1694187243586_1694187245532_8718452661398_1.png",
    "available": true,
    "promoUntil": null
  },
  {
    "id": "237964STK",
    "title": "Verstegen Peterselie 8 g",
    "category": "Wereldkeukens, kruiden, pasta en rijst",
    "price": 2.49,
    "promoPrice": null,
    "pricePerUnit": "311.25 kg",
    "image": "https://www.jumbo.com/dam-images/fit-in/360x360/Products/25022025_1740455337180_1740455340882_237964_STK_08712200094674_C1N1.png",
    "available": true,
    "promoUntil": null
  },
  {
    "id": "438800ZK",
    "title": "Jumbo Boerenkool 450 g",
    "category": "Diepvries",
    "price": 0.93,
    "promoPrice": null,
    "pricePerUnit": "2.07 kg",
    "image": "https://www.jumbo.com/dam-images/fit-in/360x360/Products/14022024_1707872789393_1707872794718_8718452722631_1.png",
    "available": true,
    "promoUntil": null
  },
  {
    "id": "669471DS",
    "title": "Corona - Cero 0.0% Alcoholvrij - 4 x 330ML",
    "category": "Bier en wijn",
    "price": 5.69,
    "promoPrice": 4.26,
    "pricePerUnit": "4.31 l",
    "image": "https://www.jumbo.com/dam-images/fit-in/360x360/Products/CoronaCero4packBlikPackshotec3a3465-09dc-47f7-902e-27f18b225c18-1742898386572.png",
    "available": true,
    "promoUntil": "di 30 sep"
  },
  {
    "id": "645768KGR",
    "title": "Jumbo Biologisch Ossenworst ca. 105 g",
    "category": "Vleeswaren, kaas en tapas",
    "price": 2.99,
    "promoPrice": null,
    "pricePerUnit": "28.5 kg",
    "image": "https://www.jumbo.com/dam-images/fit-in/360x360/Products/12122024_1734014823755_1734014835521_2348975000000_596.png",
    "available": true,
    "promoUntil": null
  },
  {
    "id": "215404POT",
    "title": "Smint XL Peppermint Suikervrij Pot 150 stuks",
    "category": "Koek, snoep, chocolade en chips",
    "price": 5.69,
    "promoPrice": null,
    "pricePerUnit": "54.19 kg",
    "image": "https://www.jumbo.com/dam-images/fit-in/360x360/Products/07072025_1751902634184_1751902638801_8410031965902_1.png",
    "available": true,
    "promoUntil": null
  },
  {
    "id": "82879ZK",
    "title": "Milka Cake & Choc chocolade cakejes 175g",
    "category": "Koek, snoep, chocolade en chips",
    "price": 1.97,
    "promoPrice": null,
    "pricePerUnit": "11.26 kg",
    "image": "https://www.jumbo.com/dam-images/fit-in/360x360/Products/24092025_1758720817593_1758720824369_7622300784751_596.png",
    "available": true,
    "promoUntil": null
  },
  {
    "id": "460256DS",
    "title": "Made Good Chocolate Drizzled Granola Bars Vanilla Flavour 5 x 24 g",
    "category": "Koek, snoep, chocolade en chips",
    "price": 3.17,
    "promoPrice": null,
    "pricePerUnit": "26.42 kg",
    "image": "https://www.jumbo.com/dam-images/fit-in/360x360/Products/16082025_1755306875910_1755306877657_460256_DS_00687456214931_A1N1.png",
    "available": true,
    "promoUntil": null
  },
  {
    "id": "676638TRA",
    "title": "Kraakman Bokkepoot groot 240g",
    "category": "Koek, snoep, chocolade en chips",
    "price": 3.49,
    "promoPrice": null,
    "pricePerUnit": "14.54 kg",
    "image": "https://www.jumbo.com/dam-images/fit-in/360x360/Products/09082023_1691592919311_1691592929976_4260700580110_1.png",
    "available": true,
    "promoUntil": null
  },
  {
    "id": "706237ZK",
    "title": "Jumbo Biologisch Groente Chips 100 g",
    "category": "Koek, snoep, chocolade en chips",
    "price": 1.99,
    "promoPrice": null,
    "pricePerUnit": "19.9 kg",
    "image": "https://www.jumbo.com/dam-images/fit-in/360x360/Products/10072025_1752143626156_1752143632883_8718452725311_1.png",
    "available": true,
    "promoUntil": null
  },
  {
    "id": "687325DS",
    "title": "Jumbo Shots Gember Hot & Spicy Voordeel 6 x 60ML",
    "category": "Frisdrank en sappen",
    "price": 9.95,
    "promoPrice": null,
    "pricePerUnit": "27.64 l",
    "image": "https://www.jumbo.com/dam-images/fit-in/360x360/Products/25022025_1740474237976_1740474244763_8718452876709_1.png",
    "available": true,
    "promoUntil": null
  },
  {
    "id": "197406ZK",
    "title": "Trolli Mini Burger 170 g",
    "category": "Koek, snoep, chocolade en chips",
    "price": 2.47,
    "promoPrice": null,
    "pricePerUnit": "14.53 kg",
    "image": "https://www.jumbo.com/dam-images/fit-in/360x360/Products/04012024_1704339071797_1704339077671_197406_ZK_04000512004905_C1N1.png",
    "available": true,
    "promoUntil": null
  },
  {
    "id": "419438PAK",
    "title": "FELIX® Elke Dag Feest Senior Mix Selectie in Gelei Kattenvoer 12x85g",
    "category": "Huishouden en dieren",
    "price": 6.36,
    "promoPrice": null,
    "pricePerUnit": "6.24 kg",
    "image": "https://www.jumbo.com/dam-images/fit-in/360x360/Products/23092025_1758592763765_1758592789888_419438_PAK_07613039825839_C1N1_s03.png",
    "available": true,
    "promoUntil": null
  },
  {
    "id": "578310FLS",
    "title": "KWV - Sauvignon Blanc - 750ML",
    "category": "Bier en wijn",
    "price": 7.99,
    "promoPrice": null,
    "pricePerUnit": "10.65 l",
    "image": "https://www.jumbo.com/dam-images/fit-in/360x360/Products/13012025_1736771665599_1736771669094_6002323024903_1.png",
    "available": true,
    "promoUntil": null
  },
  {
    "id": "638989DS",
    "title": "Jumbo Butter Chicken Verspakket 4 Personen",
    "category": "Verse maaltijden en gemak",
    "price": 5.89,
    "promoPrice": null,
    "pricePerUnit": "4.83 kg",
    "image": "https://www.jumbo.com/dam-images/fit-in/360x360/Products/03092025_1756888444595_1756888451037_8718452853540_1.png",
    "available": true,
    "promoUntil": null
  },
  {
    "id": "527694ZK",
    "title": "Marcel’s Green Soap handzeep Sandelhout & Kardemom Navulling - 500ml",
    "category": "Drogisterij en baby",
    "price": 4.79,
    "promoPrice": null,
    "pricePerUnit": "9.58 l",
    "image": "https://www.jumbo.com/dam-images/fit-in/360x360/Products/14062025_1749868575771_1749868584299_527694_ZK_08719325558869_C1N1.png",
    "available": true,
    "promoUntil": null
  },
  {
    "id": "682107FLS",
    "title": "Karvan Cévitam Refresh Zero Sinaasappel & Gember Smaak 600ML",
    "category": "Frisdrank en sappen",
    "price": 4.29,
    "promoPrice": null,
    "pricePerUnit": "7.15 l",
    "image": "https://www.jumbo.com/dam-images/fit-in/360x360/Products/06082025_1754443944713_1754443950649_682107_FLS_08715700127675_H1N1.png",
    "available": true,
    "promoUntil": null
  },
  {
    "id": "37278DSL",
    "title": "Excellence – Cabernet Sauvignon 6 x 750 ml",
    "category": "Bier en wijn",
    "price": 29.94,
    "promoPrice": null,
    "pricePerUnit": "6.65 l",
    "image": "https://www.jumbo.com/dam-images/fit-in/360x360/Products/37278DSL-1692282972571.png",
    "available": true,
    "promoUntil": null
  },
  {
    "id": "672362PAK",
    "title": "Sultana Crunchers Kaas/Ui 175 g",
    "category": "Koek, snoep, chocolade en chips",
    "price": 2.27,
    "promoPrice": null,
    "pricePerUnit": "12.97 kg",
    "image": "https://www.jumbo.com/dam-images/fit-in/360x360/Products/08072025_1751941527056_1751941533586_672362_PAK_08710412045521_H1N1.png",
    "available": true,
    "promoUntil": null
  },
  {
    "id": "367280KGR",
    "title": "Jumbo Champignonpaté ca.170 g",
    "category": "Vleeswaren, kaas en tapas",
    "price": 3.14,
    "promoPrice": null,
    "pricePerUnit": "18.5 kg",
    "image": "https://www.jumbo.com/dam-images/fit-in/360x360/Products/09092025_1757421320143_1757421324543_2333442000000_1.png",
    "available": true,
    "promoUntil": null
  },
  {
    "id": "670770ZK",
    "title": "HEMA Ballonnen Assorti 8+ 23 cm 20Stuks",
    "category": "Non-food en servicebalie",
    "price": 1.39,
    "promoPrice": null,
    "pricePerUnit": "0.07 pieces",
    "image": "https://www.jumbo.com/dam-images/fit-in/360x360/Products/09082023_1691586931018_1691586945826_8713745283424_1.png",
    "available": true,
    "promoUntil": null
  },
  {
    "id": "237867ZK",
    "title": "Jumbo Roerbakmix Chinees 250 g",
    "category": "Aardappelen, groente en fruit",
    "price": 1.89,
    "promoPrice": null,
    "pricePerUnit": "7.56 kg",
    "image": "https://www.jumbo.com/dam-images/fit-in/360x360/Products/05062024_1717601667357_1717601679113_8718452785414_1.png",
    "available": true,
    "promoUntil": null
  },
  {
    "id": "549160ZK",
    "title": "MAGGI Braadstomen Provençaal Zakje 28 g",
    "category": "Wereldkeukens, kruiden, pasta en rijst",
    "price": 1.79,
    "promoPrice": null,
    "pricePerUnit": "63.93 kg",
    "image": "https://www.jumbo.com/dam-images/fit-in/360x360/Products/10122024_1733801463309_1733801487011_549160_ZK_07613034954862_C1N1_s01.png",
    "available": true,
    "promoUntil": null
  },
  {
    "id": "183499BAK",
    "title": "Mora Gehaktballetjes in Milde Pindasaus 160 g",
    "category": "Diepvries",
    "price": 2.29,
    "promoPrice": null,
    "pricePerUnit": "14.31 kg",
    "image": "https://www.jumbo.com/dam-images/fit-in/360x360/Products/12042024_1712885790718_1712885803793_183499_BAK_08710861986277_C1N1_s03.png",
    "available": true,
    "promoUntil": null
  },
  {
    "id": "207289STK",
    "title": "L'OR Espresso Lungo Estremo Ground Coffee 20 Stuks 104 g",
    "category": "Koffie en thee",
    "price": 7.79,
    "promoPrice": null,
    "pricePerUnit": "0.39 pieces",
    "image": "https://www.jumbo.com/dam-images/fit-in/360x360/Products/02042025_1743554012615_1743554018378_8711000413401_1.png",
    "available": false,
    "promoUntil": null
  },
  {
    "id": "441731PAK",
    "title": "Jumbo Fruitdrink Framboos met Appel 10 x 200ML",
    "category": "Frisdrank en sappen",
    "price": 2.89,
    "promoPrice": null,
    "pricePerUnit": "1.45 l",
    "image": "https://www.jumbo.com/dam-images/fit-in/360x360/Products/26042024_1714127650286_1714127667115_8718452649112_596.png",
    "available": true,
    "promoUntil": null
  },
  {
    "id": "237951STK",
    "title": "Verstegen Kruidnagel Gemalen 35 g",
    "category": "Wereldkeukens, kruiden, pasta en rijst",
    "price": 3.99,
    "promoPrice": null,
    "pricePerUnit": "114.0 kg",
    "image": "https://www.jumbo.com/dam-images/fit-in/360x360/Products/30082024_1724984427354_1724984431275_237951_STK_08712200082138_C1N1.png",
    "available": true,
    "promoUntil": null
  },
  {
    "id": "648170KGR",
    "title": "Jumbo Biologische Kaas Jong 50+ Stuk ca. 450 g",
    "category": "Vleeswaren, kaas en tapas",
    "price": 7.51,
    "promoPrice": null,
    "pricePerUnit": "16.69 kg",
    "image": "https://www.jumbo.com/dam-images/fit-in/360x360/Products/12022024_1707726852185_1707726865715_2348635000000_1.png",
    "available": true,
    "promoUntil": null
  },
  {
    "id": "144973DS",
    "title": "Mora Classics Hamburgers 4 x 80 g",
    "category": "Diepvries",
    "price": 1.99,
    "promoPrice": null,
    "pricePerUnit": "6.22 kg",
    "image": "https://www.jumbo.com/dam-images/fit-in/360x360/Products/01052025_1746062659456_1746062664590_144973_DS_08710861994180_C1N1.png",
    "available": true,
    "promoUntil": null
  },
  {
    "id": "671222STK",
    "title": "HEMA Theedoek Hond Frisgroen",
    "category": "Non-food en servicebalie",
    "price": 3.99,
    "promoPrice": null,
    "pricePerUnit": "3.99 pieces",
    "image": "https://www.jumbo.com/dam-images/fit-in/360x360/Products/10052025_1746842639647_1746842645315_671222_STK_08720354932070_C1N1.png",
    "available": true,
    "promoUntil": null
  },
  {
    "id": "608699STK",
    "title": "Vocking Leverworst 250 g",
    "category": "Vleeswaren, kaas en tapas",
    "price": 1.99,
    "promoPrice": null,
    "pricePerUnit": "7.96 kg",
    "image": "https://www.jumbo.com/dam-images/fit-in/360x360/Products/12122024_1734014462721_1734014465334_8710872110623_1.png",
    "available": true,
    "promoUntil": null
  },
  {
    "id": "605235FLS",
    "title": "Palmolive Men Sport 3-in-1 douchegel met etherische oliën van munt en cedernaalden 250ml",
    "category": "Drogisterij en baby",
    "price": 2.19,
    "promoPrice": null,
    "pricePerUnit": "8.76 l",
    "image": "https://www.jumbo.com/dam-images/fit-in/360x360/Products/13122023_1702465057621_1702465060170_605235_FLS_08714789733012_C1N1.png",
    "available": true,
    "promoUntil": null
  },
  {
    "id": "610179FLS",
    "title": "Head & Shoulders Citrus Fresh Anti-Roos Shampoo Voor Vet Haar 400ml. Dagelijks Gebruik",
    "category": "Drogisterij en baby",
    "price": 8.24,
    "promoPrice": null,
    "pricePerUnit": "20.6 l",
    "image": "https://www.jumbo.com/dam-images/fit-in/360x360/Products/25082025_1756128924443_1756128928322_8700216315227_1.png",
    "available": true,
    "promoUntil": null
  },
  {
    "id": "523565STK",
    "title": "Jumbo Tempura Garnalen 225 g",
    "category": "Diepvries",
    "price": 4.75,
    "promoPrice": null,
    "pricePerUnit": "21.11 kg",
    "image": "https://www.jumbo.com/dam-images/fit-in/360x360/Products/08052024_1715182453461_1715182470239_8718452767137_596.png",
    "available": true,
    "promoUntil": null
  },
  {
    "id": "685491KGR",
    "title": "Jumbo Plakjes Gehaktbal Sambal ca. 130 g",
    "category": "Vleeswaren, kaas en tapas",
    "price": 2.92,
    "promoPrice": null,
    "pricePerUnit": "22.5 kg",
    "image": "https://www.jumbo.com/dam-images/fit-in/360x360/Products/21072025_1753104885924_1753104892449_2369345000000_1.png",
    "available": true,
    "promoUntil": null
  },
  {
    "id": "608044FLS",
    "title": "Pepsi Frisdrank 0,5 L",
    "category": "Frisdrank en sappen",
    "price": 1.59,
    "promoPrice": null,
    "pricePerUnit": "3.18 l",
    "image": "https://www.jumbo.com/dam-images/fit-in/360x360/Products/25032024_1711381637029_1711381645242_8715600249163_596.png",
    "available": true,
    "promoUntil": null
  },
  {
    "id": "688525FLS",
    "title": "Robijn Wasverzachter Puur&Zacht 1,1L",
    "category": "Huishouden en dieren",
    "price": 8.69,
    "promoPrice": null,
    "pricePerUnit": "0.16 wb",
    "image": "https://www.jumbo.com/dam-images/fit-in/360x360/Products/16072025_1752629264917_1752629291440_688525_FLS_08720181633171_H1N1.png",
    "available": true,
    "promoUntil": null
  },
  {
    "id": "583790ZK",
    "title": "Jumbo Snackmix Sweet & Spicy 125 g",
    "category": "Koek, snoep, chocolade en chips",
    "price": 1.0,
    "promoPrice": null,
    "pricePerUnit": "8.0 kg",
    "image": "https://www.jumbo.com/dam-images/fit-in/360x360/Products/14022024_1707873375527_1707873396808_8718452741243_596.png",
    "available": true,
    "promoUntil": null
  },
  {
    "id": "342797BAK",
    "title": "Boursin Zacht & Romig Knoflook en Fijne Kruiden 210 g",
    "category": "Vleeswaren, kaas en tapas",
    "price": 4.94,
    "promoPrice": null,
    "pricePerUnit": "23.52 kg",
    "image": "https://www.jumbo.com/dam-images/fit-in/360x360/Products/20052025_1747755168800_1747755174730_3073781124781_1.png",
    "available": true,
    "promoUntil": null
  },
  {
    "id": "170360ZK",
    "title": "Cheetos Nibb-it Rings Naturel Chips 110 gr",
    "category": "Koek, snoep, chocolade en chips",
    "price": 2.29,
    "promoPrice": null,
    "pricePerUnit": "20.82 kg",
    "image": "https://www.jumbo.com/dam-images/fit-in/360x360/Products/11092025_1757555644493_1757555657067_170360_ZK_08710398502513_C1N1.png",
    "available": true,
    "promoUntil": null
  },
  {
    "id": "559694PAK",
    "title": "Côte d'Or BonBonBloc Chocoladereep Melk Praliné Hazelnoot 200g",
    "category": "Koek, snoep, chocolade en chips",
    "price": 5.44,
    "promoPrice": null,
    "pricePerUnit": "27.2 kg",
    "image": "https://www.jumbo.com/dam-images/fit-in/360x360/Products/24092025_1758677729483_1758677762244_559694_PAK_07622210434586_C1N1_s01.png",
    "available": true,
    "promoUntil": null
  },
  {
    "id": "650034FLS",
    "title": "The Pink Stuff Multi Purpose Spray 750ml",
    "category": "Huishouden en dieren",
    "price": 2.99,
    "promoPrice": null,
    "pricePerUnit": "3.99 l",
    "image": "https://www.jumbo.com/dam-images/fit-in/360x360/Products/12092024_1726130165229_1726130168424_650034_FLS_05060033823682_C1N1.png",
    "available": true,
    "promoUntil": null
  },
  {
    "id": "669002FLS",
    "title": "Slimpie Kids Siroop Tutti Frutti Smaak 580 ml",
    "category": "Frisdrank en sappen",
    "price": 3.19,
    "promoPrice": null,
    "pricePerUnit": "5.5 l",
    "image": "https://www.jumbo.com/dam-images/fit-in/360x360/Products/11082025_1754919207850_1754919211631_8719214811440_1.png",
    "available": true,
    "promoUntil": null
  },
  {
    "id": "102495PAK",
    "title": "Grand'Italia Lasagne Tradizionali 250 g",
    "category": "Wereldkeukens, kruiden, pasta en rijst",
    "price": 2.34,
    "promoPrice": null,
    "pricePerUnit": "9.36 kg",
    "image": "https://www.jumbo.com/dam-images/fit-in/360x360/Products/25052024_1716600892784_1716600895639_102495_PAK_08000050823903_H1N1.png",
    "available": true,
    "promoUntil": null
  },
  {
    "id": "687709ZK",
    "title": "Croky Chips Mexicano 200g",
    "category": "Koek, snoep, chocolade en chips",
    "price": 2.29,
    "promoPrice": null,
    "pricePerUnit": "11.45 kg",
    "image": "https://www.jumbo.com/dam-images/fit-in/360x360/Products/17062025_1750156466213_1750156482474_5414359931949_596.png",
    "available": true,
    "promoUntil": null
  },
  {
    "id": "194100STK",
    "title": "Milner Jong Belegen 30+ Kaas Stuk",
    "category": "Vleeswaren, kaas en tapas",
    "price": 7.75,
    "promoPrice": null,
    "pricePerUnit": "17.22 kg",
    "image": "https://www.jumbo.com/dam-images/fit-in/360x360/Products/06112024_1730896445066_1730896459580_8710912056454_6.png",
    "available": true,
    "promoUntil": null
  },
  {
    "id": "134708DSL",
    "title": "Gato Negro - Cabernet Sauvignon 6 x 750 ml",
    "category": "Bier en wijn",
    "price": 31.74,
    "promoPrice": null,
    "pricePerUnit": "7.05 l",
    "image": "https://www.jumbo.com/dam-images/fit-in/360x360/Products/134708DSL-1692281852740.png",
    "available": true,
    "promoUntil": null
  },
  {
    "id": "439773FLS",
    "title": "Evian Natuurlijk Mineraalwater 1,5L",
    "category": "Frisdrank en sappen",
    "price": 1.35,
    "promoPrice": null,
    "pricePerUnit": "0.9 l",
    "image": "https://www.jumbo.com/dam-images/fit-in/360x360/Products/05032024_1709609031850_1709609033835_439773_FLS_03068320127187_C1N1.png",
    "available": true,
    "promoUntil": null
  },
  {
    "id": "686947DS",
    "title": "O.B. Pro Comfort Tampons Normal 16 Stuks",
    "category": "Drogisterij en baby",
    "price": 2.79,
    "promoPrice": null,
    "pricePerUnit": "0.17 pieces",
    "image": "https://www.jumbo.com/dam-images/fit-in/360x360/Products/17032025_1742224135048_1742224137556_686947_DS_03574661329840_C1N1.png",
    "available": true,
    "promoUntil": null
  },
  {
    "id": "640480BKR",
    "title": "Jumbo's Crème Tomatensoep 1 kg",
    "category": "Verse maaltijden en gemak",
    "price": 4.99,
    "promoPrice": null,
    "pricePerUnit": "4.99 kg",
    "image": "https://www.jumbo.com/dam-images/fit-in/360x360/Products/10122024_1733830366734_1733830388094_8718452812233_1.png",
    "available": true,
    "promoUntil": null
  },
  {
    "id": "698588FLS",
    "title": "Andrélon Shampoo Oil & Care 300 ml",
    "category": "Drogisterij en baby",
    "price": 6.49,
    "promoPrice": null,
    "pricePerUnit": "25.96 l",
    "image": "https://www.jumbo.com/dam-images/fit-in/360x360/Products/05062025_1749119590639_1749119594046_8720181576614_1.png",
    "available": true,
    "promoUntil": null
  },
  {
    "id": "619020BLS",
    "title": "Oral-B Perfection Tandpasta 150ml",
    "category": "Drogisterij en baby",
    "price": 9.99,
    "promoPrice": null,
    "pricePerUnit": "66.6 l",
    "image": "https://www.jumbo.com/dam-images/fit-in/360x360/Products/21032025_1742535186859_1742535191565_8006540882412_1.png",
    "available": true,
    "promoUntil": null
  },
  {
    "id": "695269STK",
    "title": "HEMA Papieren Rietjes 100 Stuks",
    "category": "Non-food en servicebalie",
    "price": 2.99,
    "promoPrice": null,
    "pricePerUnit": "0.03 pieces",
    "image": "https://www.jumbo.com/dam-images/fit-in/360x360/Products/25042025_1745562551049_1745562554178_695269_STK_08720354505779_C1N1.png",
    "available": true,
    "promoUntil": null
  },
  {
    "id": "675895CUP",
    "title": "Hertog IJssalon Sorbetijs Framboos Citroen 825 ml",
    "category": "Diepvries",
    "price": 5.75,
    "promoPrice": null,
    "pricePerUnit": "6.97 l",
    "image": "https://www.jumbo.com/dam-images/fit-in/360x360/Products/14042025_1744626786812_1744626794699_8711327677104_1.png",
    "available": true,
    "promoUntil": null
  },
  {
    "id": "680338FLS",
    "title": "Jumbo Cola Zero Sugar 1 L",
    "category": "Frisdrank en sappen",
    "price": 0.96,
    "promoPrice": null,
    "pricePerUnit": "0.96 l",
    "image": "https://www.jumbo.com/dam-images/fit-in/360x360/Products/23052025_1748014409400_1748014416841_8718452903818_596.png",
    "available": true,
    "promoUntil": null
  },
  {
    "id": "656955KGR",
    "title": "Zandvliet Gerookt Ontbijtspek Stukje ca. 250g",
    "category": "Vleeswaren, kaas en tapas",
    "price": 4.15,
    "promoPrice": null,
    "pricePerUnit": "16.62 kg",
    "image": "https://www.jumbo.com/dam-images/fit-in/360x360/Products/05082024_1722872065914_1722872072247_2369836000000_1.png",
    "available": true,
    "promoUntil": null
  },
  {
    "id": "538458PAK",
    "title": "Bavaria - 0.0% IPA Alcoholvrij - Blik - 330ML",
    "category": "Bier en wijn",
    "price": 6.69,
    "promoPrice": null,
    "pricePerUnit": "3.38 l",
    "image": "https://www.jumbo.com/dam-images/fit-in/360x360/Products/08714800046978C1N12dcc2e3e-2ae6-42cd-867d-54f6d5df8270-1719317100277.png",
    "available": true,
    "promoUntil": null
  },
  {
    "id": "628743ZK",
    "title": "Frolic Hondenbrokken - Rund, Worteltjes & Granen - Hondenvoer - 1.5 kg",
    "category": "Huishouden en dieren",
    "price": 7.91,
    "promoPrice": null,
    "pricePerUnit": "5.27 kg",
    "image": "https://www.jumbo.com/dam-images/fit-in/360x360/Products/08052024_1715196910919_1715196928960_5900951315305_596.png",
    "available": true,
    "promoUntil": null
  },
  {
    "id": "616662FLS",
    "title": "Palmolive Handzeep Hygiene Rood 300 ml",
    "category": "Drogisterij en baby",
    "price": 2.99,
    "promoPrice": null,
    "pricePerUnit": "9.97 l",
    "image": "https://www.jumbo.com/dam-images/fit-in/360x360/Products/29022024_1709191715877_1709191719182_616662_FLS_08718951650411_C1N1.png",
    "available": true,
    "promoUntil": null
  },
  {
    "id": "26356PAK",
    "title": "Jumbo Roomboterkoekjes 200 g",
    "category": "Koek, snoep, chocolade en chips",
    "price": 2.46,
    "promoPrice": null,
    "pricePerUnit": "12.3 kg",
    "image": "https://www.jumbo.com/dam-images/fit-in/360x360/Products/29092023_1695995013257_1695995015898_8718452387731_1.png",
    "available": true,
    "promoUntil": null
  },
  {
    "id": "669609DS",
    "title": "Ariel 4in1 PODS Unstoppables, Wasmiddel Capsules 15",
    "category": "Huishouden en dieren",
    "price": 15.99,
    "promoPrice": null,
    "pricePerUnit": "1.07 pieces",
    "image": "https://www.jumbo.com/dam-images/fit-in/360x360/Products/14082025_1755200015096_1755200022355_8700216648578_1.png",
    "available": true,
    "promoUntil": null
  },
  {
    "id": "419933ZK",
    "title": "Perfect Fit - Senior - Kattenbrokken - Kip - 750g",
    "category": "Huishouden en dieren",
    "price": 5.93,
    "promoPrice": null,
    "pricePerUnit": "7.91 kg",
    "image": "https://www.jumbo.com/dam-images/fit-in/360x360/Products/21082024_1724210180131_1724210184332_419933_ZK_04008429088599_H1N1.png",
    "available": true,
    "promoUntil": null
  },
  {
    "id": "541742KGR",
    "title": "La Place Roasted Porchetta met Pestosmaak ca. 100 g",
    "category": "Vleeswaren, kaas en tapas",
    "price": 2.99,
    "promoPrice": null,
    "pricePerUnit": "29.9 kg",
    "image": "https://www.jumbo.com/dam-images/fit-in/360x360/Products/07072025_1751887994885_1751888002487_2336101000000_1.png",
    "available": true,
    "promoUntil": null
  },
  {
    "id": "534424BLK",
    "title": "Nightwatch Extreme Energy Drink Focus & Power 250 ml",
    "category": "Frisdrank en sappen",
    "price": 1.49,
    "promoPrice": null,
    "pricePerUnit": "5.96 l",
    "image": "https://www.jumbo.com/dam-images/fit-in/360x360/Products/332353BLK1b17c37ae-58c9-4983-964f-cef0130db61f-1724759160817.png",
    "available": true,
    "promoUntil": null
  },
  {
    "id": "261540STK",
    "title": "De Kleine Keuken Biologische Dadel & Appel Reepjes 12+ Maanden 5 Stuks 75 g",
    "category": "Drogisterij en baby",
    "price": 3.06,
    "promoPrice": null,
    "pricePerUnit": "36.0 kg",
    "image": "https://www.jumbo.com/dam-images/fit-in/360x360/Products/16042025_1744810365577_1744810372966_8718734491743_1.png",
    "available": true,
    "promoUntil": null
  },
  {
    "id": "546061FLS",
    "title": "Dreft Platinum Quickwash Original Vloeibaar Afwasmiddel 350ml",
    "category": "Huishouden en dieren",
    "price": 2.72,
    "promoPrice": null,
    "pricePerUnit": "7.77 l",
    "image": "https://www.jumbo.com/dam-images/fit-in/360x360/Products/05092025_1757039725755_1757039729108_546061_FLS_08700216007993_H1N1.png",
    "available": true,
    "promoUntil": null
  },
  {
    "id": "184997DS",
    "title": "Queens Pangalicious Citroen & Peterselie 2 stuks 250 g",
    "category": "Diepvries",
    "price": 3.45,
    "promoPrice": null,
    "pricePerUnit": "13.8 kg",
    "image": "https://www.jumbo.com/dam-images/fit-in/360x360/Products/09082023_1691593275492_1691593288642_8710247096316_1.png",
    "available": true,
    "promoUntil": null
  },
  {
    "id": "170531PAK",
    "title": "KITKAT Melkchocolade Reep 5 x 41,5 g",
    "category": "Koek, snoep, chocolade en chips",
    "price": 3.29,
    "promoPrice": null,
    "pricePerUnit": "15.89 kg",
    "image": "https://www.jumbo.com/dam-images/fit-in/360x360/Products/12122024_1734014979910_1734014983538_40345154_1.png",
    "available": true,
    "promoUntil": null
  },
  {
    "id": "407008BAK",
    "title": "Jumbo Garnalen Salade met Surimi 150 g",
    "category": "Vleeswaren, kaas en tapas",
    "price": 2.39,
    "promoPrice": null,
    "pricePerUnit": "15.93 kg",
    "image": "https://www.jumbo.com/dam-images/fit-in/360x360/Products/28032025_1743157974198_1743157983967_8718452512690_1.png",
    "available": true,
    "promoUntil": null
  },
  {
    "id": "672484STK",
    "title": "Varta Knoopcel CR2032 Lithium 2 Stuks",
    "category": "Non-food en servicebalie",
    "price": 6.59,
    "promoPrice": null,
    "pricePerUnit": "3.3 pieces",
    "image": "https://www.jumbo.com/dam-images/fit-in/360x360/Products/09042025_1744156823587_1744156832279_4008496746460_1.png",
    "available": true,
    "promoUntil": null
  },
  {
    "id": "678399STK",
    "title": "HEMA Sticky Notes 75 x 75 mm 400 Stuks",
    "category": "Non-food en servicebalie",
    "price": 1.89,
    "promoPrice": null,
    "pricePerUnit": "0.0 pieces",
    "image": "https://www.jumbo.com/dam-images/fit-in/360x360/Products/09082023_1691587041419_1691587062533_8713745896082_1.png",
    "available": true,
    "promoUntil": null
  },
  {
    "id": "589795FLS",
    "title": "Jumbo Cola Cherry 1L",
    "category": "Frisdrank en sappen",
    "price": 1.29,
    "promoPrice": null,
    "pricePerUnit": "1.29 l",
    "image": "https://www.jumbo.com/dam-images/fit-in/360x360/Products/24042025_1745490746661_1745490754653_8718452771219_596.png",
    "available": true,
    "promoUntil": null
  },
  {
    "id": "683345POT",
    "title": "Ouwehand Sea You Leverworst in Natuurazijn 515 g",
    "category": "Vleeswaren, kaas en tapas",
    "price": 4.19,
    "promoPrice": null,
    "pricePerUnit": "13.97 kg",
    "image": "https://www.jumbo.com/dam-images/fit-in/360x360/Products/25032024_1711381694637_1711381701903_8710407018127_1.png",
    "available": true,
    "promoUntil": null
  },
  {
    "id": "611160ZK",
    "title": "McCain Airfryer Kroketten 600 g",
    "category": "Diepvries",
    "price": 3.49,
    "promoPrice": null,
    "pricePerUnit": "5.82 kg",
    "image": "https://www.jumbo.com/dam-images/fit-in/360x360/Products/12122024_1734014924059_1734014931060_8710438125023_1.png",
    "available": true,
    "promoUntil": null
  },
  {
    "id": "680459STK",
    "title": "HEMA Digitale Keukenweegschaal",
    "category": "Non-food en servicebalie",
    "price": 18.49,
    "promoPrice": null,
    "pricePerUnit": "18.49 pieces",
    "image": "https://www.jumbo.com/dam-images/fit-in/360x360/Products/25042025_1745547338274_1745547342077_680459_STK_08720354247419_C1N1.png",
    "available": true,
    "promoUntil": null
  },
  {
    "id": "67851PAK",
    "title": "Schär Bladerdeeg Glutenvrij 250 g",
    "category": "Diepvries",
    "price": 4.25,
    "promoPrice": null,
    "pricePerUnit": "17.0 kg",
    "image": "https://www.jumbo.com/dam-images/fit-in/360x360/Products/02042025_1743559290287_1743559293498_67851_PAK_08008698006931_C1N1.png",
    "available": true,
    "promoUntil": null
  },
  {
    "id": "595073ZK",
    "title": "Bibigo Gyoza Vegan Korean Style BBQ 300 g",
    "category": "Diepvries",
    "price": 4.49,
    "promoPrice": null,
    "pricePerUnit": "14.97 kg",
    "image": "https://www.jumbo.com/dam-images/fit-in/360x360/Products/26052025_1748225125657_1748225132889_595073_ZK_04016337982502_C1N1.png",
    "available": true,
    "promoUntil": null
  },
  {
    "id": "409867POT",
    "title": "Patak's Zoete Mango Chutney 340 g",
    "category": "Wereldkeukens, kruiden, pasta en rijst",
    "price": 3.36,
    "promoPrice": null,
    "pricePerUnit": "9.88 kg",
    "image": "https://www.jumbo.com/dam-images/fit-in/360x360/Products/13062024_1718242829620_1718242839888_409867_POT_05011308303040_C1N1.png",
    "available": true,
    "promoUntil": null
  },
  {
    "id": "640380FLS",
    "title": "Jumbo Eco Wasmiddel Universeel 1,5 L 30 Wasbeurten",
    "category": "Huishouden en dieren",
    "price": 3.99,
    "promoPrice": null,
    "pricePerUnit": "0.13 wb",
    "image": "https://www.jumbo.com/dam-images/fit-in/360x360/Products/23122024_1734967976494_1734967981268_8718452829194_1.png",
    "available": true,
    "promoUntil": null
  },
  {
    "id": "689524BLK",
    "title": "Monster Energy Zero Sugar Lando Norris 500 ml",
    "category": "Frisdrank en sappen",
    "price": 2.29,
    "promoPrice": null,
    "pricePerUnit": "4.58 l",
    "image": "https://www.jumbo.com/dam-images/fit-in/360x360/Products/12062025_1749695256726_1749695262081_689524_BLK_05056784907504_H1N1.png",
    "available": true,
    "promoUntil": null
  },
  {
    "id": "687154ZK",
    "title": "Jumbo Kruidnoten Witte Chocolade 250 g",
    "category": "Koek, snoep, chocolade en chips",
    "price": 2.99,
    "promoPrice": null,
    "pricePerUnit": "11.96 kg",
    "image": "https://www.jumbo.com/dam-images/fit-in/360x360/Products/12062025_1749742493193_1749742508307_8718452899623_596.png",
    "available": true,
    "promoUntil": null
  },
  {
    "id": "607566BAK",
    "title": "Healthy Bakers Low Carb Bolletjes 4 Stuks",
    "category": "Brood en gebak",
    "price": 3.49,
    "promoPrice": null,
    "pricePerUnit": "0.87 pieces",
    "image": "https://www.jumbo.com/dam-images/fit-in/360x360/Products/05032024_1709652977289_1709652984620_8717241064648_1.png",
    "available": true,
    "promoUntil": null
  },
  {
    "id": "505593BUS",
    "title": "NIVEA MEN Black &amp; White Invisible Fresh Anti-Transpirant Spray - 150ml",
    "category": "Drogisterij en baby",
    "price": 5.69,
    "promoPrice": null,
    "pricePerUnit": "37.93 l",
    "image": "https://www.jumbo.com/dam-images/fit-in/360x360/Products/16072025_1752680047625_1752680049798_4005900457721_1.png",
    "available": true,
    "promoUntil": null
  },
  {
    "id": "612238PAK",
    "title": "Pirulo Fruit Joy Waterijs 5 Stuks 325 g",
    "category": "Diepvries",
    "price": 3.99,
    "promoPrice": null,
    "pricePerUnit": "12.28 l",
    "image": "https://www.jumbo.com/dam-images/fit-in/360x360/Products/29052024_1716978851064_1716978861707_8436575299952_1.png",
    "available": true,
    "promoUntil": null
  },
  {
    "id": "396481STK",
    "title": "Jumbo Extreme Puur 100 g",
    "category": "Koek, snoep, chocolade en chips",
    "price": 2.69,
    "promoPrice": null,
    "pricePerUnit": "26.9 kg",
    "image": "https://www.jumbo.com/dam-images/fit-in/360x360/Products/09082023_1691587629373_1691587636542_8718452501670_1.png",
    "available": true,
    "promoUntil": null
  },
  {
    "id": "572963ZK",
    "title": "Jumbo Pepita Mix Gezouten 250 g",
    "category": "Koek, snoep, chocolade en chips",
    "price": 1.49,
    "promoPrice": null,
    "pricePerUnit": "5.96 kg",
    "image": "https://www.jumbo.com/dam-images/fit-in/360x360/Products/14022024_1707872893880_1707872900952_8718452723676_1.png",
    "available": true,
    "promoUntil": null
  },
  {
    "id": "611085CUP",
    "title": "Jumbo Ongezouten Macadamia's 90 g",
    "category": "Koek, snoep, chocolade en chips",
    "price": 3.21,
    "promoPrice": null,
    "pricePerUnit": "35.67 kg",
    "image": "https://www.jumbo.com/dam-images/fit-in/360x360/Products/12122024_1734014843803_1734014846816_8718452740147_1.png",
    "available": true,
    "promoUntil": null
  },
  {
    "id": "640419FLS",
    "title": "HG Toiletruimte Reiniger 500ml",
    "category": "Huishouden en dieren",
    "price": 4.36,
    "promoPrice": null,
    "pricePerUnit": "8.72 l",
    "image": "https://www.jumbo.com/dam-images/fit-in/360x360/Products/16072024_1721109441777_1721109446005_640419_FLS_08711577094560_C1N1.png",
    "available": true,
    "promoUntil": null
  },
  {
    "id": "641737KGR",
    "title": "Jumbo Boerenkaas 48+ Belegen Stuk ca. 450 g",
    "category": "Vleeswaren, kaas en tapas",
    "price": 8.82,
    "promoPrice": null,
    "pricePerUnit": "19.59 kg",
    "image": "https://www.jumbo.com/dam-images/fit-in/360x360/Products/2369026000000T1Aangepast508640e3-ff1f-4041-ac95-872ca3c006e4-1757329631288.png",
    "available": true,
    "promoUntil": null
  },
  {
    "id": "194783STK",
    "title": "Jumbo Boemboe Bami Goreng Mild 95 g",
    "category": "Wereldkeukens, kruiden, pasta en rijst",
    "price": 0.98,
    "promoPrice": null,
    "pricePerUnit": "10.32 kg",
    "image": "https://www.jumbo.com/dam-images/fit-in/360x360/Products/04122024_1733329976431_1733329997393_8718452765669_596.png",
    "available": true,
    "promoUntil": null
  },
  {
    "id": "664473FLS",
    "title": "Jumbo Vers Sap Perzik, Appel & Passievrucht 500ML",
    "category": "Aardappelen, groente en fruit",
    "price": 2.59,
    "promoPrice": null,
    "pricePerUnit": "5.18 l",
    "image": "https://www.jumbo.com/dam-images/fit-in/360x360/Products/06012025_1736181228694_1736181232608_8718452880324_1.png",
    "available": true,
    "promoUntil": null
  },
  {
    "id": "686160FLS",
    "title": "innocent orange juice with bits 1500ml",
    "category": "Frisdrank en sappen",
    "price": 4.99,
    "promoPrice": null,
    "pricePerUnit": "3.33 l",
    "image": "https://www.jumbo.com/dam-images/fit-in/360x360/Products/29052025_1748485788121_1748485794032_686160_FLS_05038862136617_C1N1.png",
    "available": true,
    "promoUntil": null
  },
  {
    "id": "161421DS",
    "title": "Fairtrade Original Thaise Gele Curry 70 g",
    "category": "Wereldkeukens, kruiden, pasta en rijst",
    "price": 2.15,
    "promoPrice": null,
    "pricePerUnit": "30.71 kg",
    "image": "https://www.jumbo.com/dam-images/fit-in/360x360/Products/06022024_1707188015653_1707188023495_161421_DS_08711741353073_C1N1.png",
    "available": true,
    "promoUntil": null
  },
  {
    "id": "705178ZK",
    "title": "Jumbo Tortilla Chips Nacho Cheese 300 g",
    "category": "Koek, snoep, chocolade en chips",
    "price": 1.79,
    "promoPrice": null,
    "pricePerUnit": "5.97 kg",
    "image": "https://www.jumbo.com/dam-images/fit-in/360x360/Products/04072025_1751636012437_1751636031243_8718452897568_596.png",
    "available": true,
    "promoUntil": null
  },
  {
    "id": "622464DS",
    "title": "Jumbo Sojaboontjes 150 g",
    "category": "Aardappelen, groente en fruit",
    "price": 2.49,
    "promoPrice": null,
    "pricePerUnit": "16.6 kg",
    "image": "https://www.jumbo.com/dam-images/fit-in/360x360/Products/07022025_1738956793210_1738956800786_8718452834600_1.png",
    "available": true,
    "promoUntil": null
  },
  {
    "id": "502184DS",
    "title": "Fisherman's Friend Salmiak Suikervrij 3 Pack 3 x 25 g",
    "category": "Koek, snoep, chocolade en chips",
    "price": 3.36,
    "promoPrice": null,
    "pricePerUnit": "44.8 kg",
    "image": "https://www.jumbo.com/dam-images/fit-in/360x360/Products/30042025_1745980404998_1745980407940_502184_DS_05000357103763_C1N1.png",
    "available": true,
    "promoUntil": null
  },
  {
    "id": "141230PAK",
    "title": "Jumbo Rode Grapefruitsap 1 L",
    "category": "Frisdrank en sappen",
    "price": 1.89,
    "promoPrice": null,
    "pricePerUnit": "1.89 l",
    "image": "https://www.jumbo.com/dam-images/fit-in/360x360/Products/29092023_1695995553335_1695995556080_8718452646692_1.png",
    "available": true,
    "promoUntil": null
  },
  {
    "id": "632192DS",
    "title": "Flame Fast Aanmaakblokjes 32 Stuks",
    "category": "Non-food en servicebalie",
    "price": 1.87,
    "promoPrice": null,
    "pricePerUnit": "9.35 kg",
    "image": "https://www.jumbo.com/dam-images/fit-in/360x360/Products/26082025_1756166471362_1756166479066_8711167010901_1.png",
    "available": true,
    "promoUntil": null
  },
  {
    "id": "489814FLS",
    "title": "Naïf Anti-klit Haarlotion voor Baby & Kids 150 ML",
    "category": "Drogisterij en baby",
    "price": 15.49,
    "promoPrice": null,
    "pricePerUnit": "103.27 l",
    "image": "https://www.jumbo.com/dam-images/fit-in/360x360/Products/20122023_1703064055035_1703064056378_489814_FLS_08719325317145_C1N1.png",
    "available": true,
    "promoUntil": null
  },
  {
    "id": "269547DSL",
    "title": "Jumbo Huiswijn - Chardonnay 12 x 250 ml",
    "category": "Bier en wijn",
    "price": 27.48,
    "promoPrice": null,
    "pricePerUnit": "9.16 l",
    "image": "https://www.jumbo.com/dam-images/fit-in/360x360/Products/269547DSL-1692282865988.png",
    "available": true,
    "promoUntil": null
  },
  {
    "id": "667973BLK",
    "title": "Batu Kombucha Organic Fermented Tea Ginger & Lemon 250 ml",
    "category": "Frisdrank en sappen",
    "price": 1.65,
    "promoPrice": null,
    "pricePerUnit": "6.6 l",
    "image": "https://www.jumbo.com/dam-images/fit-in/360x360/Products/19032025_1742351236045_1742351245818_667973_BLK_08725500170238_H1N1.png",
    "available": true,
    "promoUntil": null
  },
  {
    "id": "300437ZK",
    "title": "Bonne Maman La Madeleine 7 Stuks 175 g",
    "category": "Koek, snoep, chocolade en chips",
    "price": 2.96,
    "promoPrice": null,
    "pricePerUnit": "16.91 kg",
    "image": "https://www.jumbo.com/dam-images/fit-in/360x360/Products/09082023_1691588186716_1691588344782_3178530408485_1.png",
    "available": true,
    "promoUntil": null
  },
  {
    "id": "218606STK",
    "title": "Palmolive Basics Anti-roos Shampoo 350 ml",
    "category": "Drogisterij en baby",
    "price": 2.39,
    "promoPrice": null,
    "pricePerUnit": "6.83 l",
    "image": "https://www.jumbo.com/dam-images/fit-in/360x360/Products/09082023_1691588148707_1691588155925_8718951065529_1.png",
    "available": true,
    "promoUntil": null
  },
  {
    "id": "539053DSL",
    "title": "Amstel Radler Citroen Bier Blik 4x6x330ml",
    "category": "Bier en wijn",
    "price": 25.16,
    "promoPrice": null,
    "pricePerUnit": "3.18 l",
    "image": "https://www.jumbo.com/dam-images/fit-in/360x360/Products/89334DSL-1692362503656.png",
    "available": true,
    "promoUntil": null
  },
  {
    "id": "628752PAK",
    "title": "Pedigree Dentastix Mini Kauwstaaf - Gebitsverzorgende Hondensnack - 35 Stuks",
    "category": "Huishouden en dieren",
    "price": 9.89,
    "promoPrice": null,
    "pricePerUnit": "17.98 kg",
    "image": "https://www.jumbo.com/dam-images/fit-in/360x360/Products/18022025_1739892767609_1739892789204_5010394006095_596.png",
    "available": true,
    "promoUntil": null
  },
  {
    "id": "203740ZK",
    "title": "Verstegen Mix voor Stamppot Zuurkool 10 g",
    "category": "Wereldkeukens, kruiden, pasta en rijst",
    "price": 1.39,
    "promoPrice": null,
    "pricePerUnit": "139.0 kg",
    "image": "https://www.jumbo.com/dam-images/fit-in/360x360/Products/25022025_1740456109009_1740456114612_203740_ZK_08712200982230_C1N1.png",
    "available": true,
    "promoUntil": null
  },
  {
    "id": "692607ZK",
    "title": "Knorr Maaltijdmix Ovenpasta Tomaat Mozzarella 64 g",
    "category": "Wereldkeukens, kruiden, pasta en rijst",
    "price": 1.99,
    "promoPrice": null,
    "pricePerUnit": "31.09 kg",
    "image": "https://www.jumbo.com/dam-images/fit-in/360x360/Products/17072025_1752748404951_1752748411263_8721201953033_1.png",
    "available": true,
    "promoUntil": null
  },
  {
    "id": "489489POT",
    "title": "NIVEA Crème Blik - 250ml - Voor Gezicht, Handen en Lichaam - 48H Hydratatie - Bodycrème",
    "category": "Drogisterij en baby",
    "price": 7.39,
    "promoPrice": null,
    "pricePerUnit": "29.56 l",
    "image": "https://www.jumbo.com/dam-images/fit-in/360x360/Products/04092025_1756985589019_1756985593205_4005900946195_1.png",
    "available": true,
    "promoUntil": null
  },
  {
    "id": "510355TRA",
    "title": "Jumbo Mini Luikse Wafels Pure Chocolade 8 Stuks",
    "category": "Koek, snoep, chocolade en chips",
    "price": 1.89,
    "promoPrice": null,
    "pricePerUnit": "5.62 kg",
    "image": "https://www.jumbo.com/dam-images/fit-in/360x360/Products/09082023_1691592275806_1691592303101_8718452670208_1.png",
    "available": true,
    "promoUntil": null
  },
  {
    "id": "520075STK",
    "title": "Rosewood Chewy Sticks Eend, 4 Stuks",
    "category": "Huishouden en dieren",
    "price": 4.39,
    "promoPrice": null,
    "pricePerUnit": "43.9 kg",
    "image": "https://www.jumbo.com/dam-images/fit-in/360x360/Products/06062024_1717632137360_1717632142163_8712113454909_1.png",
    "available": true,
    "promoUntil": null
  },
  {
    "id": "536532TRL",
    "title": "Amstel - Pilsener - Blik - 4 x 6 x 330ML",
    "category": "Bier en wijn",
    "price": 23.96,
    "promoPrice": null,
    "pricePerUnit": "3.03 l",
    "image": "https://www.jumbo.com/dam-images/fit-in/360x360/Products/AmstelPilsenertray24x330mlA1N1c5a65ee9-a78a-419e-ae07-3385915a0775-1734359689447.png",
    "available": true,
    "promoUntil": null
  },
  {
    "id": "624003FLS",
    "title": "Sourcy Vitaminwater Mango-Guave Gurana 500ML",
    "category": "Frisdrank en sappen",
    "price": 1.79,
    "promoPrice": null,
    "pricePerUnit": "3.58 l",
    "image": "https://www.jumbo.com/dam-images/fit-in/360x360/Products/16042024_1713230712844_1713230718862_624003_FLS_08715600249378_C1N1.png",
    "available": true,
    "promoUntil": null
  },
  {
    "id": "500593ZK",
    "title": "Candyman Suikervrije Vrieslollies 15 x 40 ml",
    "category": "Diepvries",
    "price": 2.44,
    "promoPrice": null,
    "pricePerUnit": "4.07 l",
    "image": "https://www.jumbo.com/dam-images/fit-in/360x360/Products/12122023_1702364397624_1702364400228_500593_ZK_08719700006817_C1N1.png",
    "available": true,
    "promoUntil": null
  },
  {
    "id": "641742KGR",
    "title": "Jumbo Boerenkaas 48+ Belegen ca. 175 g",
    "category": "Vleeswaren, kaas en tapas",
    "price": 3.5,
    "promoPrice": null,
    "pricePerUnit": "19.99 kg",
    "image": "https://www.jumbo.com/dam-images/fit-in/360x360/Products/30062025_1751293987625_1751293992783_2369027000000_1.png",
    "available": true,
    "promoUntil": null
  },
  {
    "id": "197017BUS",
    "title": "Saitaku Sesame Seeds Black Roasted 95 g",
    "category": "Wereldkeukens, kruiden, pasta en rijst",
    "price": 3.75,
    "promoPrice": null,
    "pricePerUnit": "39.47 kg",
    "image": "https://www.jumbo.com/dam-images/fit-in/360x360/Products/07082025_1754528965901_1754528970314_197017_BUS_05060194790465_C1N1.png",
    "available": true,
    "promoUntil": null
  },
  {
    "id": "669484DS",
    "title": "Liefmans Fruitbier Peach 0% 4x250ML",
    "category": "Bier en wijn",
    "price": 5.49,
    "promoPrice": null,
    "pricePerUnit": "5.49 l",
    "image": "https://www.jumbo.com/dam-images/fit-in/360x360/Products/05411686702976C1N1ef596a65-3cd0-497d-a647-c77996352342-1740998512616.png",
    "available": true,
    "promoUntil": null
  },
  {
    "id": "688521DSL",
    "title": "Robijn Wasverzachter Summer Pink - 8 x 780ML",
    "category": "Huishouden en dieren",
    "price": 54.32,
    "promoPrice": 27.16,
    "pricePerUnit": "0.17 wb",
    "image": "https://www.jumbo.com/dam-images/fit-in/360x360/Products/08720181633560H1N1b3274603-360d-486c-9e57-8bf38a7ac9bd-1753099385151.png",
    "available": true,
    "promoUntil": "di 7 okt"
  },
  {
    "id": "676552ZK",
    "title": "Jumbo Biologisch Ongebrande Walnoten in Dop 400g",
    "category": "Aardappelen, groente en fruit",
    "price": 2.99,
    "promoPrice": null,
    "pricePerUnit": "7.48 kg",
    "image": "https://www.jumbo.com/dam-images/fit-in/360x360/Products/26032025_1742974366810_1742974372416_8718452891696_1.png",
    "available": true,
    "promoUntil": null
  },
  {
    "id": "692609ZK",
    "title": "Knorr Maaltijdmix Hollandse Gehaktschotel 57 g",
    "category": "Wereldkeukens, kruiden, pasta en rijst",
    "price": 1.99,
    "promoPrice": null,
    "pricePerUnit": "34.91 kg",
    "image": "https://www.jumbo.com/dam-images/fit-in/360x360/Products/17072025_1752748404968_1752748411547_8721201970276_1.png",
    "available": true,
    "promoUntil": null
  },
  {
    "id": "588282BUS",
    "title": "NIVEA MEN Dry Impact Anti-Transpirant Spray - 150ml",
    "category": "Drogisterij en baby",
    "price": 5.69,
    "promoPrice": null,
    "pricePerUnit": "37.93 l",
    "image": "https://www.jumbo.com/dam-images/fit-in/360x360/Products/16072025_1752658389340_1752658392872_4006000049632_1.png",
    "available": true,
    "promoUntil": null
  },
  {
    "id": "352269CUP",
    "title": "Ben & Jerry's IJs Cookie Dough S'Wich Up 465 ml",
    "category": "Diepvries",
    "price": 7.85,
    "promoPrice": null,
    "pricePerUnit": "16.88 l",
    "image": "https://www.jumbo.com/dam-images/fit-in/360x360/Products/29072025_1753752128652_1753752174462_352269_CUP_08711327371682_H1N1.png",
    "available": true,
    "promoUntil": null
  },
  {
    "id": "176730POT",
    "title": "Go-Tan Djinten (komijn) 30g",
    "category": "Wereldkeukens, kruiden, pasta en rijst",
    "price": 1.89,
    "promoPrice": null,
    "pricePerUnit": "63.0 kg",
    "image": "https://www.jumbo.com/dam-images/fit-in/360x360/Products/20122023_1703042054595_1703042059983_176730_POT_08710605092448_C1N1.png",
    "available": true,
    "promoUntil": null
  },
  {
    "id": "698587FLS",
    "title": "Andrélon Shampoo Kokos Volume Boost 250 ml",
    "category": "Drogisterij en baby",
    "price": 5.99,
    "promoPrice": null,
    "pricePerUnit": "23.96 l",
    "image": "https://www.jumbo.com/dam-images/fit-in/360x360/Products/05062025_1749119590690_1749119594929_8720181576652_1.png",
    "available": true,
    "promoUntil": null
  },
  {
    "id": "559464BLS",
    "title": "Air Wick Essential Mist Automatische Luchtverfrisser - Innerlijke Rust - Navulling",
    "category": "Huishouden en dieren",
    "price": 5.99,
    "promoPrice": null,
    "pricePerUnit": "299.5 l",
    "image": "https://www.jumbo.com/dam-images/fit-in/360x360/Products/25022025_1740450751852_1740450755816_559464_BLS_03059943024588_C1N1.png",
    "available": true,
    "promoUntil": null
  },
  {
    "id": "451582PAK",
    "title": "Tony's Chocolonely Melk Chocolate Chip Cookie 180 g",
    "category": "Koek, snoep, chocolade en chips",
    "price": 4.31,
    "promoPrice": null,
    "pricePerUnit": "23.94 kg",
    "image": "https://www.jumbo.com/dam-images/fit-in/360x360/Products/26062025_1750948394610_1750948399774_8719956492068_1.png",
    "available": true,
    "promoUntil": null
  },
  {
    "id": "194771STK",
    "title": "Conimex Mix Babi Ketjap 75 g",
    "category": "Wereldkeukens, kruiden, pasta en rijst",
    "price": 1.68,
    "promoPrice": null,
    "pricePerUnit": "18.26 kg",
    "image": "https://www.jumbo.com/dam-images/fit-in/360x360/Products/28032025_1743127471661_1743127492735_194771_STK_08714100795712_C1N1.png",
    "available": true,
    "promoUntil": null
  },
  {
    "id": "96248FLS",
    "title": "St. Michael - Dornfelder - 750ML",
    "category": "Bier en wijn",
    "price": 5.99,
    "promoPrice": null,
    "pricePerUnit": "7.99 l",
    "image": "https://www.jumbo.com/dam-images/fit-in/360x360/Products/29082025_1756431220044_1756431223939_96248_FLS_04006975181504_C1N1.png",
    "available": true,
    "promoUntil": null
  },
  {
    "id": "641747KGR",
    "title": "Jumbo Boerenkaas 48+ Jong Belegen ca. 200 g",
    "category": "Vleeswaren, kaas en tapas",
    "price": 3.8,
    "promoPrice": null,
    "pricePerUnit": "18.99 kg",
    "image": "https://www.jumbo.com/dam-images/fit-in/360x360/Products/30062025_1751293987653_1751293993910_2369024000000_1.png",
    "available": true,
    "promoUntil": null
  },
  {
    "id": "579840STK",
    "title": "Jumbo Huishouddoekjes 3 Stuks",
    "category": "Huishouden en dieren",
    "price": 0.79,
    "promoPrice": null,
    "pricePerUnit": "0.26 pieces",
    "image": "https://www.jumbo.com/dam-images/fit-in/360x360/Products/14052025_1747215231142_1747215243561_8718452699568_1.png",
    "available": true,
    "promoUntil": null
  },
  {
    "id": "74449STK",
    "title": "Roter Vitamine C bruistabletten citroen, 2 x 20 stuks",
    "category": "Drogisterij en baby",
    "price": 12.99,
    "promoPrice": null,
    "pricePerUnit": "0.32 pieces",
    "image": "https://www.jumbo.com/dam-images/fit-in/360x360/Products/24092025_1758672090463_1758672094724_8713304942687_1.png",
    "available": true,
    "promoUntil": null
  },
  {
    "id": "620574ZK",
    "title": "Always Discreet Verband Voor Urineverlies",
    "category": "Drogisterij en baby",
    "price": 4.59,
    "promoPrice": null,
    "pricePerUnit": "0.38 pieces",
    "image": "https://www.jumbo.com/dam-images/fit-in/360x360/Products/25082025_1756121594078_1756121598083_8700216252836_1.png",
    "available": true,
    "promoUntil": null
  },
  {
    "id": "679553STK",
    "title": "HEMA Cocktailprikkers 200 Stuks",
    "category": "Non-food en servicebalie",
    "price": 0.99,
    "promoPrice": null,
    "pricePerUnit": "0.0 pieces",
    "image": "https://www.jumbo.com/dam-images/fit-in/360x360/Products/13022025_1739439003220_1739439011036_679553_STK_08720354472347_C1N1.png",
    "available": true,
    "promoUntil": null
  },
  {
    "id": "452910FLS",
    "title": "Tussock Jumper - Verdejo - Biologisch - 750 ML",
    "category": "Bier en wijn",
    "price": 5.49,
    "promoPrice": null,
    "pricePerUnit": "7.32 l",
    "image": "https://www.jumbo.com/dam-images/fit-in/360x360/Products/08022024_1707359768298_1707359776328_3760204540012_1.png",
    "available": true,
    "promoUntil": null
  },
  {
    "id": "495033STK",
    "title": "Parrano  Geraspte Mozzarella",
    "category": "Vleeswaren, kaas en tapas",
    "price": 2.99,
    "promoPrice": null,
    "pricePerUnit": "22.15 kg",
    "image": "https://www.jumbo.com/dam-images/fit-in/360x360/Products/08102024_1728390792422_1728390798397_8710912016786_1.png",
    "available": true,
    "promoUntil": null
  },
  {
    "id": "626905FLS",
    "title": "Air Wick - Active Fresh Automatische Luchtverfrisser Navulling - Boeket van Jasmijn 228ml",
    "category": "Huishouden en dieren",
    "price": 7.83,
    "promoPrice": null,
    "pricePerUnit": "34.34 l",
    "image": "https://www.jumbo.com/dam-images/fit-in/360x360/Products/04042025_1743734583900_1743734586397_626905_FLS_03665468302393_A1N1.png",
    "available": true,
    "promoUntil": null
  },
  {
    "id": "469092BLK",
    "title": "Jumbo Mint Suikervrij 2 x 50 Stuks",
    "category": "Koek, snoep, chocolade en chips",
    "price": 2.08,
    "promoPrice": null,
    "pricePerUnit": "2.08 pieces",
    "image": "https://www.jumbo.com/dam-images/fit-in/360x360/Products/20122023_1703041216341_1703041220826_469092_BLK_08718452554379_C1N1.png",
    "available": true,
    "promoUntil": null
  },
  {
    "id": "217470FLS",
    "title": "Klein Vriend - Pinotage - 750ML",
    "category": "Bier en wijn",
    "price": 3.25,
    "promoPrice": null,
    "pricePerUnit": "4.33 l",
    "image": "https://www.jumbo.com/dam-images/fit-in/360x360/Products/09082023_1691589159993_1691589167763_4041584003151_1.png",
    "available": true,
    "promoUntil": null
  },
  {
    "id": "576381STK",
    "title": "Jumbo - Tarwe Maïsbollen Wit - 4 Stuks",
    "category": "Brood en gebak",
    "price": 1.89,
    "promoPrice": null,
    "pricePerUnit": "7.27 kg",
    "image": "https://www.jumbo.com/dam-images/fit-in/360x360/Products/07052025_1746603227674_1746603232375_8718452891252_1.png",
    "available": true,
    "promoUntil": null
  },
  {
    "id": "548101STK",
    "title": "Pataks mini Naan garlic & herbs",
    "category": "Wereldkeukens, kruiden, pasta en rijst",
    "price": 2.84,
    "promoPrice": null,
    "pricePerUnit": "15.11 kg",
    "image": "https://www.jumbo.com/dam-images/fit-in/360x360/Products/24092024_1727140707569_1727140715905_548101_STK_05010338301712_C1N1.png",
    "available": true,
    "promoUntil": null
  },
  {
    "id": "624770PAK",
    "title": "Taksi Siroop Tropisch Fruit 750ml",
    "category": "Frisdrank en sappen",
    "price": 2.99,
    "promoPrice": null,
    "pricePerUnit": "3.99 l",
    "image": "https://www.jumbo.com/dam-images/fit-in/360x360/Products/04092025_1756996411705_1756996422561_8720157402466_596.png",
    "available": true,
    "promoUntil": null
  },
  {
    "id": "143210POT",
    "title": "Verstegen Mix voor Shoarma 170 g",
    "category": "Wereldkeukens, kruiden, pasta en rijst",
    "price": 5.29,
    "promoPrice": null,
    "pricePerUnit": "31.12 kg",
    "image": "https://www.jumbo.com/dam-images/fit-in/360x360/Products/14032024_1710388177118_1710388182850_143210_POT_08712200770912_H1N1.png",
    "available": true,
    "promoUntil": null
  },
  {
    "id": "644471DS",
    "title": "Honig Basis voor Kip Tandoori 48g",
    "category": "Wereldkeukens, kruiden, pasta en rijst",
    "price": 1.99,
    "promoPrice": null,
    "pricePerUnit": "41.46 kg",
    "image": "https://www.jumbo.com/dam-images/fit-in/360x360/Products/18072025_1752800444538_1752800456410_644471_DS_08714700170438_H1N1.png",
    "available": true,
    "promoUntil": null
  },
  {
    "id": "218227FLS",
    "title": "Coebergh - Red Fruit - 750ML",
    "category": "Bier en wijn",
    "price": 8.99,
    "promoPrice": null,
    "pricePerUnit": "11.99 l",
    "image": "https://www.jumbo.com/dam-images/fit-in/360x360/Products/18092023_1695030396129_1695030397935_8710833002707_1.png",
    "available": true,
    "promoUntil": null
  },
  {
    "id": "621633STK",
    "title": "Chaumes Le Fondant Authentique 150 g",
    "category": "Vleeswaren, kaas en tapas",
    "price": 4.49,
    "promoPrice": null,
    "pricePerUnit": "29.93 kg",
    "image": "https://www.jumbo.com/dam-images/fit-in/360x360/Products/24062024_1719221610993_1719221619450_3090291435077_1.png",
    "available": true,
    "promoUntil": null
  },
  {
    "id": "603740BLS",
    "title": "Jumbo Flex Medium Tandenborstel 2 Stuks",
    "category": "Drogisterij en baby",
    "price": 1.49,
    "promoPrice": null,
    "pricePerUnit": "0.75 pieces",
    "image": "https://www.jumbo.com/dam-images/fit-in/360x360/Products/18012024_1705581363171_1705581368523_8718452775125_1.png",
    "available": true,
    "promoUntil": null
  },
  {
    "id": "685696FLS",
    "title": "Dove Advanced Care Douchegel Replenishing 225 ml",
    "category": "Drogisterij en baby",
    "price": 5.95,
    "promoPrice": null,
    "pricePerUnit": "26.44 l",
    "image": "https://www.jumbo.com/dam-images/fit-in/360x360/Products/13062025_1749810766645_1749810770944_8720181608308_1.png",
    "available": true,
    "promoUntil": null
  },
  {
    "id": "291654FLS",
    "title": "Three Thieves - Chardonnay - 750 ML",
    "category": "Bier en wijn",
    "price": 11.99,
    "promoPrice": null,
    "pricePerUnit": "15.99 l",
    "image": "https://www.jumbo.com/dam-images/fit-in/360x360/Products/12122024_1734014460319_1734014462980_894509008762_1.png",
    "available": true,
    "promoUntil": null
  },
  {
    "id": "523105PAK",
    "title": "Jumbo Chocolate Cookies met Witte Chocolade, Rozijnen & Cranberry's 8 Stuks",
    "category": "Koek, snoep, chocolade en chips",
    "price": 1.89,
    "promoPrice": null,
    "pricePerUnit": "9.45 kg",
    "image": "https://www.jumbo.com/dam-images/fit-in/360x360/Products/18042024_1713447308604_1713447325972_8718452671489_596.png",
    "available": true,
    "promoUntil": null
  },
  {
    "id": "169253STK",
    "title": "Ambi Pur Elektrische Luchtverfrisser Navulling",
    "category": "Huishouden en dieren",
    "price": 4.99,
    "promoPrice": null,
    "pricePerUnit": "249.5 l",
    "image": "https://www.jumbo.com/dam-images/fit-in/360x360/Products/25082025_1756118061957_1756118067114_4015400787297_1.png",
    "available": true,
    "promoUntil": null
  },
  {
    "id": "391159ZK",
    "title": "Rodi Kip met Rijst 1 kg",
    "category": "Huishouden en dieren",
    "price": 4.49,
    "promoPrice": null,
    "pricePerUnit": "4.49 kg",
    "image": "https://www.jumbo.com/dam-images/fit-in/360x360/Products/16092025_1757985822581_1757985829826_391159_ZK_08710429016484_C1N1.png",
    "available": true,
    "promoUntil": null
  },
  {
    "id": "647089KP",
    "title": "Jumbo Biologisch Feta Plak 150 g",
    "category": "Vleeswaren, kaas en tapas",
    "price": 2.79,
    "promoPrice": null,
    "pricePerUnit": "18.6 kg",
    "image": "https://www.jumbo.com/dam-images/fit-in/360x360/Products/14022025_1739539722204_1739539731933_8718452839070_596.png",
    "available": true,
    "promoUntil": null
  },
  {
    "id": "568230PAK",
    "title": "Roosvicee Multivit Appel & Rode Vruchten 1,5 L",
    "category": "Frisdrank en sappen",
    "price": 2.49,
    "promoPrice": null,
    "pricePerUnit": "1.66 l",
    "image": "https://www.jumbo.com/dam-images/fit-in/360x360/Products/26012025_1737858187854_1737858191816_568230_PAK_08710395949212_C1N1.png",
    "available": true,
    "promoUntil": null
  },
  {
    "id": "483093DS",
    "title": "LU Bastogne Mini's Koekjes 160g",
    "category": "Koek, snoep, chocolade en chips",
    "price": 2.39,
    "promoPrice": null,
    "pricePerUnit": "14.94 kg",
    "image": "https://www.jumbo.com/dam-images/fit-in/360x360/Products/05082025_1754408014810_1754408020168_7622201676087_1.png",
    "available": true,
    "promoUntil": null
  },
  {
    "id": "693712STK",
    "title": "Jumbo Emmentaler Kaas 45+ Plakken 150 g",
    "category": "Vleeswaren, kaas en tapas",
    "price": 3.79,
    "promoPrice": null,
    "pricePerUnit": "25.27 kg",
    "image": "https://www.jumbo.com/dam-images/fit-in/360x360/Products/09082023_1691588420120_1691588428966_8718452274703_1.png",
    "available": true,
    "promoUntil": null
  },
  {
    "id": "186134DS",
    "title": "Oreo Mini Ice Cream with Oreo Cookie Pieces 6 x 204 g",
    "category": "Diepvries",
    "price": 4.19,
    "promoPrice": null,
    "pricePerUnit": "12.7 l",
    "image": "https://www.jumbo.com/dam-images/fit-in/360x360/Products/29052024_1716978851086_1716978856616_4007993019831_1.png",
    "available": true,
    "promoUntil": null
  },
  {
    "id": "563314FLS",
    "title": "Andrélon Men Shampoo Iedere Dag 300 ml",
    "category": "Drogisterij en baby",
    "price": 5.99,
    "promoPrice": null,
    "pricePerUnit": "19.97 l",
    "image": "https://www.jumbo.com/dam-images/fit-in/360x360/Products/16012024_1705379981112_1705379990437_563314_FLS_08720181327780_C1N1.png",
    "available": true,
    "promoUntil": null
  },
  {
    "id": "639184FLS",
    "title": "Driehoek Gel Schoonmaak Azijn 725 ml",
    "category": "Huishouden en dieren",
    "price": 2.99,
    "promoPrice": null,
    "pricePerUnit": "4.12 l",
    "image": "https://www.jumbo.com/dam-images/fit-in/360x360/Products/05082025_1754356570458_1754356572623_639184_FLS_08721008228396_C1N1.png",
    "available": true,
    "promoUntil": null
  },
  {
    "id": "246239STK",
    "title": "Jumbo Chinois met Bakkersroom 500 g",
    "category": "Brood en gebak",
    "price": 4.19,
    "promoPrice": null,
    "pricePerUnit": "8.38 kg",
    "image": "https://www.jumbo.com/dam-images/fit-in/360x360/Products/09082023_1691586112794_1691586120639_8718452393794_1.png",
    "available": true,
    "promoUntil": null
  },
  {
    "id": "143207POT",
    "title": "Verstegen Mix voor Rundvlees 225 g",
    "category": "Wereldkeukens, kruiden, pasta en rijst",
    "price": 4.99,
    "promoPrice": null,
    "pricePerUnit": "22.18 kg",
    "image": "https://www.jumbo.com/dam-images/fit-in/360x360/Products/26082025_1756173956077_1756173960195_143207_POT_08712200544421_C1N1.png",
    "available": true,
    "promoUntil": null
  },
  {
    "id": "367544FLS",
    "title": "Marcel's Green Soap Lavender Rosemary Handsoap 250 ml",
    "category": "Drogisterij en baby",
    "price": 3.79,
    "promoPrice": null,
    "pricePerUnit": "15.16 l",
    "image": "https://www.jumbo.com/dam-images/fit-in/360x360/Products/08032025_1741400785797_1741400791879_367544_FLS_08719189416138_C1N1.png",
    "available": true,
    "promoUntil": null
  },
  {
    "id": "477536STK",
    "title": "Multibier - Dutch Beerbox - 5 x 330ML",
    "category": "Bier en wijn",
    "price": 15.66,
    "promoPrice": null,
    "pricePerUnit": "9.49 l",
    "image": "https://www.jumbo.com/dam-images/fit-in/360x360/Products/20092025_1758332696088_1758332701340_477536_STK_08717775909996_C1N1.png",
    "available": true,
    "promoUntil": null
  },
  {
    "id": "225904STK",
    "title": "Look-O-Look Zure Streken Aardbei Vegan 20 stuks",
    "category": "Koek, snoep, chocolade en chips",
    "price": 2.35,
    "promoPrice": null,
    "pricePerUnit": "18.8 kg",
    "image": "https://www.jumbo.com/dam-images/fit-in/360x360/Products/07072025_1751902617884_1751902622869_8713600098859_1.png",
    "available": true,
    "promoUntil": null
  },
  {
    "id": "443760POT",
    "title": "Jumbo Sweet Mint Gum 105 g",
    "category": "Koek, snoep, chocolade en chips",
    "price": 1.53,
    "promoPrice": null,
    "pricePerUnit": "14.57 kg",
    "image": "https://www.jumbo.com/dam-images/fit-in/360x360/Products/12122023_1702347642227_1702347648362_443760_POT_08718452534319_C1N1.png",
    "available": true,
    "promoUntil": null
  },
  {
    "id": "528659DS",
    "title": "Honig Maaltijdmix voor Nasi Speciaal Dubbelpak 2 x 39 g",
    "category": "Wereldkeukens, kruiden, pasta en rijst",
    "price": 2.99,
    "promoPrice": null,
    "pricePerUnit": "39.34 kg",
    "image": "https://www.jumbo.com/dam-images/fit-in/360x360/Products/18072025_1752805672783_1752805689005_528659_DS_08714700170476_H1N1.png",
    "available": true,
    "promoUntil": null
  },
  {
    "id": "703758ZK",
    "title": "MAGGI Champignon Prei 40g",
    "category": "Wereldkeukens, kruiden, pasta en rijst",
    "price": 1.79,
    "promoPrice": null,
    "pricePerUnit": "44.75 kg",
    "image": "https://www.jumbo.com/dam-images/fit-in/360x360/Products/10062025_1749580369530_1749580379876_7613035188198_1.png",
    "available": true,
    "promoUntil": null
  },
  {
    "id": "369852BUS",
    "title": "Air Wick Pure Aziatische Kersenbloesem 250 ml",
    "category": "Huishouden en dieren",
    "price": 4.79,
    "promoPrice": null,
    "pricePerUnit": "19.16 l",
    "image": "https://www.jumbo.com/dam-images/fit-in/360x360/Products/22112023_1700619991823_1700619995356_369852_BUS_03059943021693_C1N1.png",
    "available": true,
    "promoUntil": null
  },
  {
    "id": "416223ZK",
    "title": "Kwekkeboom Oven & Airfryer Black Angus Bitterballen 240 g",
    "category": "Diepvries",
    "price": 5.49,
    "promoPrice": null,
    "pricePerUnit": "22.88 kg",
    "image": "https://www.jumbo.com/dam-images/fit-in/360x360/Products/31052024_1717151657747_1717151662577_8719009390068_1.png",
    "available": true,
    "promoUntil": null
  },
  {
    "id": "572630ZK",
    "title": "Jumbo Pinda Mix Gezouten 200 g",
    "category": "Koek, snoep, chocolade en chips",
    "price": 1.99,
    "promoPrice": null,
    "pricePerUnit": "9.95 kg",
    "image": "https://www.jumbo.com/dam-images/fit-in/360x360/Products/29042025_1745940768901_1745940785435_8718452723683_596.png",
    "available": true,
    "promoUntil": null
  },
  {
    "id": "656695KGR",
    "title": "Jumbo Kaas 20+ Komijn  Pan Pan Plakken ca. 200 g",
    "category": "Vleeswaren, kaas en tapas",
    "price": 3.74,
    "promoPrice": null,
    "pricePerUnit": "18.69 kg",
    "image": "https://www.jumbo.com/dam-images/fit-in/360x360/Products/14102024_1728894968545_1728894979063_2352945000000_1.png",
    "available": true,
    "promoUntil": null
  },
  {
    "id": "437171POT",
    "title": "Verstegen Mix voor Patat & Frites 225 g",
    "category": "Wereldkeukens, kruiden, pasta en rijst",
    "price": 5.32,
    "promoPrice": null,
    "pricePerUnit": "23.64 kg",
    "image": "https://www.jumbo.com/dam-images/fit-in/360x360/Products/29072025_1753754332076_1753754336910_437171_POT_08712200216908_H1N1.png",
    "available": true,
    "promoUntil": null
  },
  {
    "id": "198004DS",
    "title": "Gourmet Gold Hartig Torentje Mix Kattenvoer nat",
    "category": "Huishouden en dieren",
    "price": 6.09,
    "promoPrice": null,
    "pricePerUnit": "8.96 kg",
    "image": "https://www.jumbo.com/dam-images/fit-in/360x360/Products/23092025_1758600522696_1758600556237_198004_DS_07613036416054_C1N1_s01.png",
    "available": true,
    "promoUntil": null
  },
  {
    "id": "637550FLS",
    "title": "Nivea Care Shower Creme Care 500 ML",
    "category": "Drogisterij en baby",
    "price": 7.99,
    "promoPrice": null,
    "pricePerUnit": "15.98 l",
    "image": "https://www.jumbo.com/dam-images/fit-in/360x360/Products/15052025_1747274294624_1747274295175_637550_FLS_04005808899296_C1N1.png",
    "available": true,
    "promoUntil": null
  },
  {
    "id": "609266PAK",
    "title": "CoolBest Fruit Ontbijt Bosvruchten 750 ml",
    "category": "Frisdrank en sappen",
    "price": 1.99,
    "promoPrice": null,
    "pricePerUnit": "2.65 l",
    "image": "https://www.jumbo.com/dam-images/fit-in/360x360/Products/19062025_1750339965952_1750339971262_8720157402107_1.png",
    "available": true,
    "promoUntil": null
  },
  {
    "id": "602331KGR",
    "title": "Jumbo Biologische Kaas Extra Belegen 50+ Stuk ca. 450 g",
    "category": "Vleeswaren, kaas en tapas",
    "price": 8.36,
    "promoPrice": null,
    "pricePerUnit": "20.49 kg",
    "image": "https://www.jumbo.com/dam-images/fit-in/360x360/Products/12122024_1734014842024_1734014847443_2348645000000_1.png",
    "available": true,
    "promoUntil": null
  },
  {
    "id": "640544KGR",
    "title": "Jumbo Fleischwurst ca. 120 g",
    "category": "Vleeswaren, kaas en tapas",
    "price": 2.0,
    "promoPrice": null,
    "pricePerUnit": "16.67 kg",
    "image": "https://www.jumbo.com/dam-images/fit-in/360x360/Products/04072025_1751617995929_1751617999946_2333234000000_1.png",
    "available": true,
    "promoUntil": null
  },
  {
    "id": "701004BUS",
    "title": "Jumbo Pink Deodorant 150 ml",
    "category": "Drogisterij en baby",
    "price": 2.0,
    "promoPrice": null,
    "pricePerUnit": "13.33 l",
    "image": "https://www.jumbo.com/dam-images/fit-in/360x360/Products/18082025_1755541982471_1755541984890_8718452611393_1.png",
    "available": true,
    "promoUntil": null
  },
  {
    "id": "431097FLS",
    "title": "Vitamin Well Hydrate met de Smaak van Rabarber/Aardbei 500 ml",
    "category": "Frisdrank en sappen",
    "price": 1.99,
    "promoPrice": null,
    "pricePerUnit": "3.98 l",
    "image": "https://www.jumbo.com/dam-images/fit-in/360x360/Products/23112023_1700735583362_1700735590495_7350042718955_1.png",
    "available": true,
    "promoUntil": null
  },
  {
    "id": "683087DS",
    "title": "Jumbo Kip Caesar Salade Bowl 250 g",
    "category": "Verse maaltijden en gemak",
    "price": 3.99,
    "promoPrice": null,
    "pricePerUnit": "15.96 kg",
    "image": "https://www.jumbo.com/dam-images/fit-in/360x360/Products/26052025_1748244747876_1748244755030_8718452904006_1.png",
    "available": true,
    "promoUntil": null
  },
  {
    "id": "616705FLS",
    "title": "Dove Advanced Care Verzorgende Douchegel Nourishing Care 400 ml",
    "category": "Drogisterij en baby",
    "price": 8.95,
    "promoPrice": null,
    "pricePerUnit": "22.38 l",
    "image": "https://www.jumbo.com/dam-images/fit-in/360x360/Products/26062025_1750904537173_1750904564241_616705_FLS_08720181460074_H1N1.png",
    "available": true,
    "promoUntil": null
  },
  {
    "id": "646155ZK",
    "title": "Paolo Grissini Torinesi 150 g",
    "category": "Wereldkeukens, kruiden, pasta en rijst",
    "price": 1.49,
    "promoPrice": null,
    "pricePerUnit": "9.93 kg",
    "image": "https://www.jumbo.com/dam-images/fit-in/360x360/Products/26112024_1732631598338_1732631607703_8718247444519_1.png",
    "available": true,
    "promoUntil": null
  },
  {
    "id": "623763ZK",
    "title": "Grand'Italia Spaghetti Tradizionali Voordeelpak 1kg",
    "category": "Wereldkeukens, kruiden, pasta en rijst",
    "price": 2.38,
    "promoPrice": null,
    "pricePerUnit": "2.38 kg",
    "image": "https://www.jumbo.com/dam-images/fit-in/360x360/Products/26092024_1727316722905_1727316726905_623763_ZK_08000050028599_H1N1.png",
    "available": true,
    "promoUntil": null
  },
  {
    "id": "529524DS",
    "title": "Kinder Surprise 3 x 20 g",
    "category": "Koek, snoep, chocolade en chips",
    "price": 3.49,
    "promoPrice": null,
    "pricePerUnit": "58.17 kg",
    "image": "https://www.jumbo.com/dam-images/fit-in/360x360/Products/24092025_1758717259822_1758717266650_8000500309285_1.png",
    "available": true,
    "promoUntil": null
  },
  {
    "id": "608134PAK",
    "title": "FuzeTea No Sugar Black Tea Perzik- en Vlierbloesemsmaak 1,5 L",
    "category": "Frisdrank en sappen",
    "price": 3.09,
    "promoPrice": null,
    "pricePerUnit": "2.06 l",
    "image": "https://www.jumbo.com/dam-images/fit-in/360x360/Products/05022025_1738725879202_1738725888870_608134_PAK_05449000322081_H1N1.png",
    "available": true,
    "promoUntil": null
  },
  {
    "id": "677691DS",
    "title": "Trachitol Zuigtabletten, 30 stuks",
    "category": "Drogisterij en baby",
    "price": 7.99,
    "promoPrice": null,
    "pricePerUnit": "0.27 pieces",
    "image": "https://www.jumbo.com/dam-images/fit-in/360x360/Products/20052025_1747699239326_1747699245849_4104480785337_1.png",
    "available": true,
    "promoUntil": null
  },
  {
    "id": "617918KP",
    "title": "Stacked Flavour Original Chips 170 g",
    "category": "Koek, snoep, chocolade en chips",
    "price": 1.54,
    "promoPrice": null,
    "pricePerUnit": "9.06 kg",
    "image": "https://www.jumbo.com/dam-images/fit-in/360x360/Products/07062024_1717759995531_1717760000418_3760020822002_1.png",
    "available": true,
    "promoUntil": null
  },
  {
    "id": "544417DS",
    "title": "LeFort - Tripel - Fles - 4 x 330ML",
    "category": "Bier en wijn",
    "price": 8.89,
    "promoPrice": null,
    "pricePerUnit": "6.73 l",
    "image": "https://www.jumbo.com/dam-images/fit-in/360x360/Products/10082023_1691678465207_1691678471382_5411858012339_1.png",
    "available": true,
    "promoUntil": null
  },
  {
    "id": "675920DS",
    "title": "Cornetto Mango White Chocolate 4x140ML",
    "category": "Diepvries",
    "price": 4.59,
    "promoPrice": null,
    "pricePerUnit": "8.2 l",
    "image": "https://www.jumbo.com/dam-images/fit-in/360x360/Products/19082025_1755567749254_1755567772178_675920_DS_08711327664340_C1N1.png",
    "available": true,
    "promoUntil": null
  },
  {
    "id": "384135FLS",
    "title": "Odorex Men Fresh Protection Deodorant Anti-Transpirant 50ml",
    "category": "Drogisterij en baby",
    "price": 2.99,
    "promoPrice": null,
    "pricePerUnit": "59.8 l",
    "image": "https://www.jumbo.com/dam-images/fit-in/360x360/Products/09082023_1691587397146_1691587403905_8710919103908_1.png",
    "available": true,
    "promoUntil": null
  },
  {
    "id": "664908ZK",
    "title": "Venco Droptoppers Salmiak & Mint 225 g",
    "category": "Koek, snoep, chocolade en chips",
    "price": 2.56,
    "promoPrice": null,
    "pricePerUnit": "11.38 kg",
    "image": "https://www.jumbo.com/dam-images/fit-in/360x360/Products/18012025_1737168376252_1737168384631_664908_ZK_08713800255946_H1N1.png",
    "available": true,
    "promoUntil": null
  },
  {
    "id": "638570ZK",
    "title": "Old Amsterdam Original 48+ Geraspte Kaas 150 g",
    "category": "Vleeswaren, kaas en tapas",
    "price": 3.99,
    "promoPrice": null,
    "pricePerUnit": "26.6 kg",
    "image": "https://www.jumbo.com/dam-images/fit-in/360x360/Products/14072025_1752507225746_1752507232382_8710243910234_1.png",
    "available": true,
    "promoUntil": null
  },
  {
    "id": "144717CUP",
    "title": "Ben & Jerry's IJs Mix The Classic Cool-lection 4 x 100ml 400ml",
    "category": "Diepvries",
    "price": 6.99,
    "promoPrice": null,
    "pricePerUnit": "17.48 l",
    "image": "https://www.jumbo.com/dam-images/fit-in/360x360/Products/29082025_1756429646845_1756429666172_144717_CUP_08711327321571_C1N1.png",
    "available": true,
    "promoUntil": null
  },
  {
    "id": "519972ZK",
    "title": "McCain Kid Smile Aardappelgezichtjes 750g",
    "category": "Diepvries",
    "price": 3.39,
    "promoPrice": null,
    "pricePerUnit": "4.52 kg",
    "image": "https://www.jumbo.com/dam-images/fit-in/360x360/Products/16082024_1723815323349_1723815328097_3256830000018_1.png",
    "available": true,
    "promoUntil": null
  },
  {
    "id": "554680TRA",
    "title": "Milka Sensations Chocolade Koekjes Chocovulling 8 stuks 208 g",
    "category": "Koek, snoep, chocolade en chips",
    "price": 3.28,
    "promoPrice": null,
    "pricePerUnit": "15.77 kg",
    "image": "https://www.jumbo.com/dam-images/fit-in/360x360/Products/24092025_1758724491424_1758724499295_7622201751708_596.png",
    "available": true,
    "promoUntil": null
  },
  {
    "id": "158840RP",
    "title": "Lindt Excellence Orange Intense 100 g",
    "category": "Koek, snoep, chocolade en chips",
    "price": 3.95,
    "promoPrice": null,
    "pricePerUnit": "39.5 kg",
    "image": "https://www.jumbo.com/dam-images/fit-in/360x360/Products/15112024_1731644058037_1731644075591_158840_RP_03046920028370_H1N1.png",
    "available": true,
    "promoUntil": null
  },
  {
    "id": "448038DS",
    "title": "Mora Crispy Chick'n Burgers Original 3 Stuks 240 g",
    "category": "Diepvries",
    "price": 4.19,
    "promoPrice": null,
    "pricePerUnit": "17.46 kg",
    "image": "https://www.jumbo.com/dam-images/fit-in/360x360/Products/10022024_1707533779331_1707533794973_448038_DS_08710861912832_C1N1_s01.png",
    "available": true,
    "promoUntil": null
  },
  {
    "id": "163134FLS",
    "title": "Jumbo Bad & Douchegel met Lavendel 1 L",
    "category": "Drogisterij en baby",
    "price": 1.89,
    "promoPrice": null,
    "pricePerUnit": "1.89 l",
    "image": "https://www.jumbo.com/dam-images/fit-in/360x360/Products/10082023_1691674929752_1691674953815_8718452121458_1.png",
    "available": true,
    "promoUntil": null
  },
  {
    "id": "540493BLK",
    "title": "Nexba Kombucha Mango Blik 330 ML",
    "category": "Frisdrank en sappen",
    "price": 1.59,
    "promoPrice": null,
    "pricePerUnit": "4.82 l",
    "image": "https://www.jumbo.com/dam-images/fit-in/360x360/Products/08032024_1709865665986_1709865669401_540493_BLK_05060770731141_C1N1.png",
    "available": true,
    "promoUntil": null
  },
  {
    "id": "558230DSL",
    "title": "Gourmet Gold Mousse met Zalm Kattenvoer Nat 24 x 85 g",
    "category": "Huishouden en dieren",
    "price": 19.44,
    "promoPrice": null,
    "pricePerUnit": "9.53 kg",
    "image": "https://www.jumbo.com/dam-images/fit-in/360x360/Products/558230DSL-1692282736323.png",
    "available": true,
    "promoUntil": null
  },
  {
    "id": "685590DS",
    "title": "Pedigree Adult Maaltijdzakjes - Mix Selectie in gelei - Hondenvoer - 12 x 100 g",
    "category": "Huishouden en dieren",
    "price": 6.69,
    "promoPrice": null,
    "pricePerUnit": "5.57 kg",
    "image": "https://www.jumbo.com/dam-images/fit-in/360x360/Products/10032025_1741635148259_1741635169012_5900951320422_596.png",
    "available": true,
    "promoUntil": null
  },
  {
    "id": "678339STK",
    "title": "HEMA Champagneglazen Herbruikbaar 4 Stuks",
    "category": "Non-food en servicebalie",
    "price": 2.99,
    "promoPrice": null,
    "pricePerUnit": "0.75 pieces",
    "image": "https://www.jumbo.com/dam-images/fit-in/360x360/Products/16102024_1729044963429_1729044965678_405693_ZK_08720354491805_C1N1.png",
    "available": true,
    "promoUntil": null
  },
  {
    "id": "567799DS",
    "title": "Jumbo Kleurvangers 24 Stuks",
    "category": "Huishouden en dieren",
    "price": 1.79,
    "promoPrice": null,
    "pricePerUnit": "0.07 pieces",
    "image": "https://www.jumbo.com/dam-images/fit-in/360x360/Products/09082023_1691595043721_1691595053384_8718452741762_1.png",
    "available": true,
    "promoUntil": null
  },
  {
    "id": "392325ZK",
    "title": "Kinder Bueno Mini 108 g",
    "category": "Koek, snoep, chocolade en chips",
    "price": 2.86,
    "promoPrice": null,
    "pricePerUnit": "26.48 kg",
    "image": "https://www.jumbo.com/dam-images/fit-in/360x360/Products/22082025_1755829293212_1755829302021_392325_ZK_08000500180709_H1N1.png",
    "available": true,
    "promoUntil": null
  },
  {
    "id": "398381ZK",
    "title": "Jumbo Tortilla Sweet Chili Chips 170 g",
    "category": "Koek, snoep, chocolade en chips",
    "price": 1.29,
    "promoPrice": null,
    "pricePerUnit": "7.59 kg",
    "image": "https://www.jumbo.com/dam-images/fit-in/360x360/Products/09082023_1691587661833_1691587673995_8718452502066_1.png",
    "available": true,
    "promoUntil": null
  },
  {
    "id": "617508FLS",
    "title": "Spa TOUCH Mocktail Bruisend Mojito 1L",
    "category": "Frisdrank en sappen",
    "price": 1.79,
    "promoPrice": null,
    "pricePerUnit": "1.79 l",
    "image": "https://www.jumbo.com/dam-images/fit-in/360x360/Products/16062025_1750088026419_1750088029140_5410013813934_1.png",
    "available": true,
    "promoUntil": null
  },
  {
    "id": "646520DS",
    "title": "Honig Macaroni Vlugkokend 250g",
    "category": "Wereldkeukens, kruiden, pasta en rijst",
    "price": 0.93,
    "promoPrice": null,
    "pricePerUnit": "3.72 kg",
    "image": "https://www.jumbo.com/dam-images/fit-in/360x360/Products/18042025_1744946293635_1744946305219_646520_DS_08715700126401_H1N1.png",
    "available": true,
    "promoUntil": null
  },
  {
    "id": "498559ZK",
    "title": "Katja Drop Haringen 295 g",
    "category": "Koek, snoep, chocolade en chips",
    "price": 2.56,
    "promoPrice": null,
    "pricePerUnit": "8.68 kg",
    "image": "https://www.jumbo.com/dam-images/fit-in/360x360/Products/23072024_1721699584175_1721699592600_498559_ZK_08716100103474_C1N1.png",
    "available": true,
    "promoUntil": null
  },
  {
    "id": "432456ZK",
    "title": "Bonzo Mini Menu Hondenvoer met Rund",
    "category": "Huishouden en dieren",
    "price": 5.31,
    "promoPrice": null,
    "pricePerUnit": "3.54 kg",
    "image": "https://www.jumbo.com/dam-images/fit-in/360x360/Products/23092025_1758591563118_1758591647135_432456_ZK_07613287217868_H1N1_s01.png",
    "available": true,
    "promoUntil": null
  },
  {
    "id": "712705DS",
    "title": "Whiskas 1+ Natvoer - Classic - Selectie in Saus - Maaltijdzakjes 80 x 85 g",
    "category": "Huishouden en dieren",
    "price": 35.99,
    "promoPrice": null,
    "pricePerUnit": "0.01 kg",
    "image": "https://www.jumbo.com/dam-images/fit-in/360x360/Products/13082025_1755110115110_1755110127866_4008429171765_596.png",
    "available": true,
    "promoUntil": null
  },
  {
    "id": "226838FLS",
    "title": "Jumbo Charming Magnolia Wasmiddel Color 980 ml 28 Wasbeurten",
    "category": "Huishouden en dieren",
    "price": 5.49,
    "promoPrice": null,
    "pricePerUnit": "0.2 wb",
    "image": "https://www.jumbo.com/dam-images/fit-in/360x360/Products/09082023_1691585275243_1691585287864_8718452360741_1.png",
    "available": true,
    "promoUntil": null
  },
  {
    "id": "544260FLS",
    "title": "Dove Advanced Anti-Transpirant Deodorant Roller Clean Comfort 50 ml",
    "category": "Drogisterij en baby",
    "price": 5.49,
    "promoPrice": null,
    "pricePerUnit": "109.8 l",
    "image": "https://www.jumbo.com/dam-images/fit-in/360x360/Products/15022025_1739589693305_1739589708612_544260_FLS_00000059092582_H1N1.png",
    "available": true,
    "promoUntil": null
  },
  {
    "id": "645592ZK",
    "title": "Bertolli Basilicum Pastasaus met Basilicum en Peterselie 460 g",
    "category": "Wereldkeukens, kruiden, pasta en rijst",
    "price": 3.46,
    "promoPrice": null,
    "pricePerUnit": "7.52 kg",
    "image": "https://www.jumbo.com/dam-images/fit-in/360x360/Products/14022025_1739539877708_1739539883460_8720791220068_1.png",
    "available": true,
    "promoUntil": null
  },
  {
    "id": "628913RP",
    "title": "Jumbo Melkchocolade Pinda & Karamel 190 g",
    "category": "Koek, snoep, chocolade en chips",
    "price": 2.34,
    "promoPrice": null,
    "pricePerUnit": "12.32 kg",
    "image": "https://www.jumbo.com/dam-images/fit-in/360x360/Products/23052025_1748010789170_1748010802469_8718452877119_596.png",
    "available": true,
    "promoUntil": null
  },
  {
    "id": "664906ZK",
    "title": "Venco Honingdrop Hard Zoet XL Verpakking 340 g",
    "category": "Koek, snoep, chocolade en chips",
    "price": 3.54,
    "promoPrice": null,
    "pricePerUnit": "10.41 kg",
    "image": "https://www.jumbo.com/dam-images/fit-in/360x360/Products/18012025_1737168410915_1737168419464_664906_ZK_08713800255748_H1N1.png",
    "available": true,
    "promoUntil": null
  },
  {
    "id": "624108FLS",
    "title": "Smaakt Bio Appelsap 750 ml",
    "category": "Frisdrank en sappen",
    "price": 3.19,
    "promoPrice": null,
    "pricePerUnit": "4.25 l",
    "image": "https://www.jumbo.com/dam-images/fit-in/360x360/Products/09092025_1757403274993_1757403277889_8718469779246_1.png",
    "available": true,
    "promoUntil": null
  },
  {
    "id": "566475FLS",
    "title": "Terra Pura - Seleccion Privada - Cabernet Sauvignon - 750ML",
    "category": "Bier en wijn",
    "price": 12.99,
    "promoPrice": null,
    "pricePerUnit": "17.32 l",
    "image": "https://www.jumbo.com/dam-images/fit-in/360x360/Products/09082023_1691596460408_1691596463478_7804677231513_1.png",
    "available": true,
    "promoUntil": null
  },
  {
    "id": "585773ZK",
    "title": "Duyvis Fijnproevers Notenmix Paprika 140 g",
    "category": "Koek, snoep, chocolade en chips",
    "price": 3.99,
    "promoPrice": null,
    "pricePerUnit": "28.5 kg",
    "image": "https://www.jumbo.com/dam-images/fit-in/360x360/Products/27032025_1743082411435_1743082417889_8710398529053_1.png",
    "available": true,
    "promoUntil": null
  },
  {
    "id": "421330PAK",
    "title": "Heinz Tomaten blokjes biologisch",
    "category": "Wereldkeukens, kruiden, pasta en rijst",
    "price": 1.99,
    "promoPrice": null,
    "pricePerUnit": "5.1 kg",
    "image": "https://www.jumbo.com/dam-images/fit-in/360x360/Products/12122024_1733971182991_1733971196733_421330_PAK_08715700119939_H1N1.png",
    "available": true,
    "promoUntil": null
  },
  {
    "id": "207725PAK",
    "title": "Dettol Hygiënische Wasmachine Reiniger 250 ml",
    "category": "Huishouden en dieren",
    "price": 3.79,
    "promoPrice": null,
    "pricePerUnit": "15.16 l",
    "image": "https://www.jumbo.com/dam-images/fit-in/360x360/Products/24042024_1713926064386_1713926067970_207725_PAK_08710552278131_C1N1.png",
    "available": true,
    "promoUntil": null
  },
  {
    "id": "644775DS",
    "title": "Mousline Aardappelpuree Naturel 2 x 138 g",
    "category": "Wereldkeukens, kruiden, pasta en rijst",
    "price": 2.29,
    "promoPrice": null,
    "pricePerUnit": "8.3 kg",
    "image": "https://www.jumbo.com/dam-images/fit-in/360x360/Products/08082024_1723099912224_1723099918389_644775_DS_03760381261762_C1N1.png",
    "available": true,
    "promoUntil": null
  },
  {
    "id": "548743DS",
    "title": "Always Daily Protect Extra Long OdourBlock technologie Inlegkruisjes",
    "category": "Drogisterij en baby",
    "price": 2.99,
    "promoPrice": null,
    "pricePerUnit": "0.14 pieces",
    "image": "https://www.jumbo.com/dam-images/fit-in/360x360/Products/15082025_1755216054969_1755216058866_8006540806524_1.png",
    "available": true,
    "promoUntil": null
  },
  {
    "id": "658706PAK",
    "title": "Bayman Crackertjes 40 Stuks 250 g",
    "category": "Koek, snoep, chocolade en chips",
    "price": 1.09,
    "promoPrice": null,
    "pricePerUnit": "4.36 kg",
    "image": "https://www.jumbo.com/dam-images/fit-in/360x360/Products/12122024_1734014464294_1734014469210_8716496560288_1.png",
    "available": true,
    "promoUntil": null
  },
  {
    "id": "643214TRA",
    "title": "Maaslander Belegen 50+ Kaas Plakken 140 g",
    "category": "Vleeswaren, kaas en tapas",
    "price": 3.29,
    "promoPrice": null,
    "pricePerUnit": "23.5 kg",
    "image": "https://www.jumbo.com/dam-images/fit-in/360x360/Products/10072025_1752157973414_1752157984983_8710243910388_596.png",
    "available": true,
    "promoUntil": null
  },
  {
    "id": "538304BLK",
    "title": "PALM - Belgische Amber Ale Speciaalbier - Blik - 500ML",
    "category": "Bier en wijn",
    "price": 1.59,
    "promoPrice": null,
    "pricePerUnit": "3.18 l",
    "image": "https://www.jumbo.com/dam-images/fit-in/360x360/Products/03062025_1748913909700_1748913912941_538304_BLK_05410783009513_A1N1.png",
    "available": true,
    "promoUntil": null
  },
  {
    "id": "165481DS",
    "title": "Verkade Specials Smiles 5 x 5 Stuks 190 g",
    "category": "Koek, snoep, chocolade en chips",
    "price": 2.15,
    "promoPrice": null,
    "pricePerUnit": "11.32 kg",
    "image": "https://www.jumbo.com/dam-images/fit-in/360x360/Products/04012025_1735960797617_1735960803074_165481_DS_08710412974746_H1N1.png",
    "available": true,
    "promoUntil": null
  },
  {
    "id": "686142FLS",
    "title": "Jean Balmont - Muscat Moelleux - 750 ML",
    "category": "Bier en wijn",
    "price": 3.99,
    "promoPrice": null,
    "pricePerUnit": "5.32 l",
    "image": "https://www.jumbo.com/dam-images/fit-in/360x360/Products/27052025_1748360091118_1748360095943_3176780039954_1.png",
    "available": true,
    "promoUntil": null
  },
  {
    "id": "645594ZK",
    "title": "Bertolli Pastasaus met Mascarpone en Peterselie 460 g",
    "category": "Wereldkeukens, kruiden, pasta en rijst",
    "price": 4.15,
    "promoPrice": null,
    "pricePerUnit": "9.02 kg",
    "image": "https://www.jumbo.com/dam-images/fit-in/360x360/Products/29102024_1730194385949_1730194391512_8720791223212_1.png",
    "available": true,
    "promoUntil": null
  },
  {
    "id": "647599POT",
    "title": "Jumbo's Arrabbiata Pastasaus 500 g",
    "category": "Wereldkeukens, kruiden, pasta en rijst",
    "price": 3.29,
    "promoPrice": null,
    "pricePerUnit": "6.58 kg",
    "image": "https://www.jumbo.com/dam-images/fit-in/360x360/Products/12122024_1734003203361_1734003211228_8718452870967_1.png",
    "available": true,
    "promoUntil": null
  },
  {
    "id": "556780PAK",
    "title": "Galbani Grana Padano DOP Grof Geraspt 70 g",
    "category": "Vleeswaren, kaas en tapas",
    "price": 2.19,
    "promoPrice": null,
    "pricePerUnit": "31.29 kg",
    "image": "https://www.jumbo.com/dam-images/fit-in/360x360/Products/09082023_1691592204327_1691592206360_8000430395853_1.png",
    "available": true,
    "promoUntil": null
  },
  {
    "id": "431126FLS",
    "title": "Rivella Original Fles 0,5L",
    "category": "Frisdrank en sappen",
    "price": 1.75,
    "promoPrice": null,
    "pricePerUnit": "3.5 l",
    "image": "https://www.jumbo.com/dam-images/fit-in/360x360/Products/18072024_1721266321070_1721266328805_431126_FLS_08715600243413_H1N1.png",
    "available": true,
    "promoUntil": null
  },
  {
    "id": "269546FLS",
    "title": "Jumbo Huiswijn - Chenin Blanc - 1L",
    "category": "Bier en wijn",
    "price": 4.89,
    "promoPrice": null,
    "pricePerUnit": "4.89 l",
    "image": "https://www.jumbo.com/dam-images/fit-in/360x360/Products/18092023_1695046820880_1695046824824_8718452380633_1.png",
    "available": true,
    "promoUntil": null
  },
  {
    "id": "643020TAS",
    "title": "XOX Bacon Snack 100 g",
    "category": "Koek, snoep, chocolade en chips",
    "price": 1.79,
    "promoPrice": null,
    "pricePerUnit": "17.9 kg",
    "image": "https://www.jumbo.com/dam-images/fit-in/360x360/Products/18062025_1750232047772_1750232054442_4031446809977_1.png",
    "available": true,
    "promoUntil": null
  },
  {
    "id": "694040CUP",
    "title": "Jumbo Rolletje Coppa met Ricotta Roomkaas en Basilicum 65 g",
    "category": "Vleeswaren, kaas en tapas",
    "price": 2.99,
    "promoPrice": null,
    "pricePerUnit": "46.0 kg",
    "image": "https://www.jumbo.com/dam-images/fit-in/360x360/Products/08072025_1751988827854_1751988834778_8718452923939_1.png",
    "available": true,
    "promoUntil": null
  },
  {
    "id": "78939BLK",
    "title": "Danerolles Croissants Extra Large 6 Stuks 340 g",
    "category": "Brood en gebak",
    "price": 2.9,
    "promoPrice": null,
    "pricePerUnit": "8.53 kg",
    "image": "https://www.jumbo.com/dam-images/fit-in/360x360/Products/30042024_1714463352673_1714463356672_8713788118226_1.png",
    "available": true,
    "promoUntil": null
  },
  {
    "id": "545067BLK",
    "title": "Jumbo - Cola Vanilla Flavour - Zero Sugar - Blik - 330ML",
    "category": "Frisdrank en sappen",
    "price": 0.55,
    "promoPrice": null,
    "pricePerUnit": "1.67 l",
    "image": "https://www.jumbo.com/dam-images/fit-in/360x360/Products/09082023_1691592918193_1691592926788_8718452717651_1.png",
    "available": true,
    "promoUntil": null
  },
  {
    "id": "201410BAK",
    "title": "Jumbo Stracciatella Roomijs 518 g",
    "category": "Diepvries",
    "price": 2.49,
    "promoPrice": null,
    "pricePerUnit": "2.49 l",
    "image": "https://www.jumbo.com/dam-images/fit-in/360x360/Products/02042024_1712064910706_1712064921299_8718452774647_1.png",
    "available": true,
    "promoUntil": null
  },
  {
    "id": "606005DS",
    "title": "Danerolles Fresh Dough Pains au Chocolat Classic 6 Stuks 275 g",
    "category": "Brood en gebak",
    "price": 3.81,
    "promoPrice": null,
    "pricePerUnit": "13.85 kg",
    "image": "https://www.jumbo.com/dam-images/fit-in/360x360/Products/04072024_1720056507209_1720056518421_606005_DS_08719189108545_C1N1.png",
    "available": true,
    "promoUntil": null
  },
  {
    "id": "590995ZK",
    "title": "Jumbo Luchtige Rijstcrackers 175 g",
    "category": "Koek, snoep, chocolade en chips",
    "price": 2.39,
    "promoPrice": null,
    "pricePerUnit": "13.66 kg",
    "image": "https://www.jumbo.com/dam-images/fit-in/360x360/Products/03082024_1722651452626_1722651469311_590995_ZK_08718452741793_C1N1.png",
    "available": true,
    "promoUntil": null
  },
  {
    "id": "429168FLS",
    "title": "Bar-le-Duc Natuurlijk Mineraalwater Bruisend met citroensmaak 1,5 L",
    "category": "Frisdrank en sappen",
    "price": 1.25,
    "promoPrice": null,
    "pricePerUnit": "0.83 l",
    "image": "https://www.jumbo.com/dam-images/fit-in/360x360/Products/26052025_1748228379989_1748228382841_429168_FLS_08722200963047_H1N1.png",
    "available": true,
    "promoUntil": null
  },
  {
    "id": "574528CUP",
    "title": "Robijn Classics 3-in-1 Wascapsules Black Velvet 15 wasbeurten",
    "category": "Huishouden en dieren",
    "price": 12.89,
    "promoPrice": null,
    "pricePerUnit": "0.86 wb",
    "image": "https://www.jumbo.com/dam-images/fit-in/360x360/Products/23092025_1758600043077_1758600108111_574528_CUP_08720181395314_H1N1.png",
    "available": true,
    "promoUntil": null
  },
  {
    "id": "623983FLS",
    "title": "Sourcy Vitaminwater Mango-Guave Gurana Energy 1000ML",
    "category": "Frisdrank en sappen",
    "price": 2.59,
    "promoPrice": null,
    "pricePerUnit": "2.59 l",
    "image": "https://www.jumbo.com/dam-images/fit-in/360x360/Products/30042024_1714442569740_1714442576207_623983_FLS_08715600249392_C1N1.png",
    "available": true,
    "promoUntil": null
  },
  {
    "id": "166508PAK",
    "title": "Appelsientje Zwarte Bes 1L",
    "category": "Frisdrank en sappen",
    "price": 3.49,
    "promoPrice": null,
    "pricePerUnit": "3.49 l",
    "image": "https://www.jumbo.com/dam-images/fit-in/360x360/Products/26022025_1740573223605_1740573229630_8713300075136_1.png",
    "available": true,
    "promoUntil": null
  },
  {
    "id": "75670DS",
    "title": "Schär  Croissant à la Française Glutenvrij  4 Stuks 220 g",
    "category": "Diepvries",
    "price": 5.58,
    "promoPrice": null,
    "pricePerUnit": "25.36 kg",
    "image": "https://www.jumbo.com/dam-images/fit-in/360x360/Products/02062025_1748853148857_1748853156111_8008698006696_1.png",
    "available": true,
    "promoUntil": null
  },
  {
    "id": "632433PAK",
    "title": "Aviateur Gevulde Speculaas 240 g",
    "category": "Koek, snoep, chocolade en chips",
    "price": 1.59,
    "promoPrice": null,
    "pricePerUnit": "6.63 kg",
    "image": "https://www.jumbo.com/dam-images/fit-in/360x360/Products/24092024_1727192005617_1727192011684_8713627004017_1.png",
    "available": true,
    "promoUntil": null
  },
  {
    "id": "610463FLS",
    "title": "Blue Wonder tegen schimmel spray 500ML",
    "category": "Huishouden en dieren",
    "price": 4.54,
    "promoPrice": null,
    "pricePerUnit": "9.08 l",
    "image": "https://www.jumbo.com/dam-images/fit-in/360x360/Products/24122024_1735005842796_1735005846097_610463_FLS_08712038003398_C1N1.png",
    "available": true,
    "promoUntil": null
  },
  {
    "id": "424515CUP",
    "title": "Lassie Zilvervliesrijst Minuutje 2 x 125 g",
    "category": "Wereldkeukens, kruiden, pasta en rijst",
    "price": 1.87,
    "promoPrice": null,
    "pricePerUnit": "7.48 kg",
    "image": "https://www.jumbo.com/dam-images/fit-in/360x360/Products/07052024_1715044583619_1715044590884_424515_CUP_08410184021098_H1N1.png",
    "available": true,
    "promoUntil": null
  },
  {
    "id": "669263STK",
    "title": "HEMA Vershoudbakjes 2 x 2 L",
    "category": "Non-food en servicebalie",
    "price": 4.79,
    "promoPrice": null,
    "pricePerUnit": "2.4 pieces",
    "image": "https://www.jumbo.com/dam-images/fit-in/360x360/Products/13122024_1734084845640_1734084849112_669263_STK_08720354650431_C1N1.png",
    "available": true,
    "promoUntil": null
  },
  {
    "id": "544637BLK",
    "title": "Jumbo Cola Cherry - Blik 330ML",
    "category": "Frisdrank en sappen",
    "price": 0.55,
    "promoPrice": null,
    "pricePerUnit": "1.67 l",
    "image": "https://www.jumbo.com/dam-images/fit-in/360x360/Products/02042025_1743604410311_1743604427378_8718452639502_596.png",
    "available": true,
    "promoUntil": null
  },
  {
    "id": "406383POT",
    "title": "Jumbo Biologisch Rode Pesto Vegan 190 g",
    "category": "Wereldkeukens, kruiden, pasta en rijst",
    "price": 3.43,
    "promoPrice": null,
    "pricePerUnit": "18.05 kg",
    "image": "https://www.jumbo.com/dam-images/fit-in/360x360/Products/09092025_1757421320440_1757421330460_8718452532506_1.png",
    "available": true,
    "promoUntil": null
  },
  {
    "id": "307722DS",
    "title": "Jumbo Biologisch Aardbeien 225 g",
    "category": "Aardappelen, groente en fruit",
    "price": 1.79,
    "promoPrice": null,
    "pricePerUnit": "7.96 kg",
    "image": "https://www.jumbo.com/dam-images/fit-in/360x360/Products/29042025_1745937192685_1745937215486_8718452808595_596.png",
    "available": true,
    "promoUntil": null
  },
  {
    "id": "664649ZK",
    "title": "Venco Tikkels Mix van Drop & Dropmint 245 g",
    "category": "Koek, snoep, chocolade en chips",
    "price": 2.56,
    "promoPrice": null,
    "pricePerUnit": "10.45 kg",
    "image": "https://www.jumbo.com/dam-images/fit-in/360x360/Products/18012025_1737166842767_1737166850984_664649_ZK_08713800255380_H1N1.png",
    "available": true,
    "promoUntil": null
  },
  {
    "id": "151611PAK",
    "title": "Balconi Mix Max with Tasty Cocoa Cream Filling 10 x 35 g",
    "category": "Koek, snoep, chocolade en chips",
    "price": 2.96,
    "promoPrice": null,
    "pricePerUnit": "8.46 kg",
    "image": "https://www.jumbo.com/dam-images/fit-in/360x360/Products/09082023_1691585107904_1691585136879_8001585001040_1.png",
    "available": true,
    "promoUntil": null
  },
  {
    "id": "551854TRA",
    "title": "Jumbo Duo Pofaardappel met Yoghurt-Knoflooksaus 500 g",
    "category": "Aardappelen, groente en fruit",
    "price": 2.29,
    "promoPrice": null,
    "pricePerUnit": "4.58 kg",
    "image": "https://www.jumbo.com/dam-images/fit-in/360x360/Products/28062024_1719588830578_1719588836148_8718452809929_1.png",
    "available": true,
    "promoUntil": null
  },
  {
    "id": "422657ZK",
    "title": "Chio Popcorn Sweet & Salty 150 g",
    "category": "Koek, snoep, chocolade en chips",
    "price": 1.89,
    "promoPrice": null,
    "pricePerUnit": "12.6 kg",
    "image": "https://www.jumbo.com/dam-images/fit-in/360x360/Products/13092025_1757727691761_1757727697267_422657_ZK_08710532442743_C1N1.png",
    "available": true,
    "promoUntil": null
  },
  {
    "id": "439298FLS",
    "title": "Lipton Ice Tea Green Lemon 500 ml",
    "category": "Frisdrank en sappen",
    "price": 1.99,
    "promoPrice": null,
    "pricePerUnit": "3.98 l",
    "image": "https://www.jumbo.com/dam-images/fit-in/360x360/Products/07062025_1749260253792_1749260290092_439298_FLS_08711327519978_H1N1.png",
    "available": true,
    "promoUntil": null
  },
  {
    "id": "237962STK",
    "title": "Verstegen Provençaalse Kruiden 11 g",
    "category": "Wereldkeukens, kruiden, pasta en rijst",
    "price": 2.59,
    "promoPrice": null,
    "pricePerUnit": "235.45 kg",
    "image": "https://www.jumbo.com/dam-images/fit-in/360x360/Products/25022025_1740455517736_1740455522041_237962_STK_08712200570802_C1N1.png",
    "available": true,
    "promoUntil": null
  },
  {
    "id": "635519ZK",
    "title": "Harlekijntjes Zachte Fruit Drop 300 g",
    "category": "Koek, snoep, chocolade en chips",
    "price": 1.97,
    "promoPrice": null,
    "pricePerUnit": "6.57 kg",
    "image": "https://www.jumbo.com/dam-images/fit-in/360x360/Products/09072024_1720517781469_1720517788945_8717524966188_1.png",
    "available": true,
    "promoUntil": null
  },
  {
    "id": "151139DS",
    "title": "Jumbo Knapperige Kaas Wafelbolletjes 100 g",
    "category": "Koek, snoep, chocolade en chips",
    "price": 0.94,
    "promoPrice": null,
    "pricePerUnit": "9.4 kg",
    "image": "https://www.jumbo.com/dam-images/fit-in/360x360/Products/26082025_1756215315203_1756215326399_8718452922802_596.png",
    "available": true,
    "promoUntil": null
  },
  {
    "id": "510350ZK",
    "title": "Jumbo Party Muffins 300 g",
    "category": "Koek, snoep, chocolade en chips",
    "price": 2.69,
    "promoPrice": null,
    "pricePerUnit": "8.97 kg",
    "image": "https://www.jumbo.com/dam-images/fit-in/360x360/Products/10082023_1691677687928_1691677696813_8718452676088_1.png",
    "available": true,
    "promoUntil": null
  },
  {
    "id": "659643DS",
    "title": "Jumbo Vriesverse Bramen 250 g",
    "category": "Diepvries",
    "price": 1.97,
    "promoPrice": null,
    "pricePerUnit": "7.88 kg",
    "image": "https://www.jumbo.com/dam-images/fit-in/360x360/Products/03122024_1733225556521_1733225572853_8718452888924_596.png",
    "available": true,
    "promoUntil": null
  },
  {
    "id": "707582FLS",
    "title": "Neutral Shampoo Normaal 250 ML",
    "category": "Drogisterij en baby",
    "price": 5.29,
    "promoPrice": null,
    "pricePerUnit": "21.16 l",
    "image": "https://www.jumbo.com/dam-images/fit-in/360x360/Products/15072025_1752541804475_1752541827280_707582_FLS_08720181766237_H1N1.png",
    "available": true,
    "promoUntil": null
  },
  {
    "id": "488405BUS",
    "title": "Wella New Wave Ultra Strong Power Hold Haarspray 250 ml",
    "category": "Drogisterij en baby",
    "price": 4.69,
    "promoPrice": null,
    "pricePerUnit": "18.76 l",
    "image": "https://www.jumbo.com/dam-images/fit-in/360x360/Products/09082023_1691579018948_1691579031844_4056800729685_1.png",
    "available": true,
    "promoUntil": null
  },
  {
    "id": "608716ZK",
    "title": "Jumbo Biologisch Geraspte Belegen Kaas 50+ 150 g",
    "category": "Vleeswaren, kaas en tapas",
    "price": 3.79,
    "promoPrice": null,
    "pricePerUnit": "25.27 kg",
    "image": "https://www.jumbo.com/dam-images/fit-in/360x360/Products/12122024_1734014822778_1734014830302_8718452777433_1.png",
    "available": true,
    "promoUntil": null
  },
  {
    "id": "578043ZK",
    "title": "Jumbo Gezouten Borrelnoten Cocktail 275 g",
    "category": "Koek, snoep, chocolade en chips",
    "price": 3.69,
    "promoPrice": null,
    "pricePerUnit": "13.42 kg",
    "image": "https://www.jumbo.com/dam-images/fit-in/360x360/Products/14022024_1707873740806_1707873746500_8718452740369_1.png",
    "available": true,
    "promoUntil": null
  },
  {
    "id": "634191DS",
    "title": "Robijn Collections 3-in-1 Wascapsules Color Paradise Secret 15 Wasbeurten",
    "category": "Huishouden en dieren",
    "price": 14.29,
    "promoPrice": null,
    "pricePerUnit": "0.95 wb",
    "image": "https://www.jumbo.com/dam-images/fit-in/360x360/Products/24092025_1758679386866_1758679450759_634191_DS_08720181510939_H1N1.png",
    "available": true,
    "promoUntil": null
  },
  {
    "id": "542922BLK",
    "title": "Gourmet Gold Malse Lekkernijen Kattenvoer nat met Kip",
    "category": "Huishouden en dieren",
    "price": 0.84,
    "promoPrice": null,
    "pricePerUnit": "9.88 kg",
    "image": "https://www.jumbo.com/dam-images/fit-in/360x360/Products/04042025_1743730104146_1743730121334_542922_BLK_08445290502186_C1N1_s01.png",
    "available": true,
    "promoUntil": null
  },
  {
    "id": "675880DS",
    "title": "Magnum IJs Utopia Double Hazelnut 3 x 85 ml",
    "category": "Diepvries",
    "price": 4.39,
    "promoPrice": null,
    "pricePerUnit": "17.22 l",
    "image": "https://www.jumbo.com/dam-images/fit-in/360x360/Products/17092025_1758071716532_1758071762500_675880_DS_08711327665873_H1N1.png",
    "available": true,
    "promoUntil": null
  },
  {
    "id": "518555CUP",
    "title": "Jumbo Gevuld Ei Salade 150 g",
    "category": "Vleeswaren, kaas en tapas",
    "price": 2.35,
    "promoPrice": null,
    "pricePerUnit": "15.67 kg",
    "image": "https://www.jumbo.com/dam-images/fit-in/360x360/Products/18062025_1750257312747_1750257321796_8718452667093_1.png",
    "available": true,
    "promoUntil": null
  },
  {
    "id": "292477TRA",
    "title": "Jumbo Parmaham 70 g",
    "category": "Vleeswaren, kaas en tapas",
    "price": 3.25,
    "promoPrice": null,
    "pricePerUnit": "46.43 kg",
    "image": "https://www.jumbo.com/dam-images/fit-in/360x360/Products/11032025_1741710792167_1741710799967_8718452423569_1.png",
    "available": true,
    "promoUntil": null
  },
  {
    "id": "426884DS",
    "title": "Jumbo Cookies & Cream 6 Stuks",
    "category": "Koek, snoep, chocolade en chips",
    "price": 1.99,
    "promoPrice": null,
    "pricePerUnit": "13.27 kg",
    "image": "https://www.jumbo.com/dam-images/fit-in/360x360/Products/29092023_1695995409966_1695995417506_8718452632183_1.png",
    "available": true,
    "promoUntil": null
  },
  {
    "id": "647410FLS",
    "title": "Jumbo Vers Sap Sinaasappel & Mango 500ML",
    "category": "Frisdrank en sappen",
    "price": 2.49,
    "promoPrice": null,
    "pricePerUnit": "4.98 l",
    "image": "https://www.jumbo.com/dam-images/fit-in/360x360/Products/08112024_1731069466819_1731069471529_8718452861569_1.png",
    "available": true,
    "promoUntil": null
  },
  {
    "id": "573338TAS",
    "title": "Jumbo Ongebrande Paranoten 150 g",
    "category": "Koek, snoep, chocolade en chips",
    "price": 2.62,
    "promoPrice": null,
    "pricePerUnit": "17.47 kg",
    "image": "https://www.jumbo.com/dam-images/fit-in/360x360/Products/14022024_1707872954723_1707872961299_8718452725526_1.png",
    "available": true,
    "promoUntil": null
  },
  {
    "id": "672332PAK",
    "title": "Sultana Knapperige Biscuit Kokos 5 Stuks 207 g",
    "category": "Koek, snoep, chocolade en chips",
    "price": 2.0,
    "promoPrice": null,
    "pricePerUnit": "9.66 kg",
    "image": "https://www.jumbo.com/dam-images/fit-in/360x360/Products/27022025_1740627385899_1740627392247_672332_PAK_08710412045569_H1N1.png",
    "available": true,
    "promoUntil": null
  },
  {
    "id": "419903PAK",
    "title": "Cesar Selectie in Saus 12 x 100 g",
    "category": "Huishouden en dieren",
    "price": 8.21,
    "promoPrice": null,
    "pricePerUnit": "6.84 kg",
    "image": "https://www.jumbo.com/dam-images/fit-in/360x360/Products/06082024_1722944116580_1722944134332_8410136019883_596.png",
    "available": true,
    "promoUntil": null
  },
  {
    "id": "654823BAK",
    "title": "Jumbo Stokbroodje Pulled Chicken 356 g",
    "category": "Verse maaltijden en gemak",
    "price": 4.99,
    "promoPrice": null,
    "pricePerUnit": "14.02 kg",
    "image": "https://www.jumbo.com/dam-images/fit-in/360x360/Products/13122024_1734107580767_1734107591963_8718452850976_1.png",
    "available": true,
    "promoUntil": null
  },
  {
    "id": "673779ZK",
    "title": "Jumbo Julienne Koolmix 150 g",
    "category": "Aardappelen, groente en fruit",
    "price": 1.49,
    "promoPrice": null,
    "pricePerUnit": "9.93 kg",
    "image": "https://www.jumbo.com/dam-images/fit-in/360x360/Products/20032025_1742488408583_1742488418777_8718452892556_1.png",
    "available": true,
    "promoUntil": null
  },
  {
    "id": "621516ZK",
    "title": "Jumbo Biologisch Hele Sperziebonen 450g",
    "category": "Diepvries",
    "price": 1.23,
    "promoPrice": null,
    "pricePerUnit": "2.73 kg",
    "image": "https://www.jumbo.com/dam-images/fit-in/360x360/Products/23052024_1716456913970_1716456925547_8718452810055_1.png",
    "available": true,
    "promoUntil": null
  },
  {
    "id": "476227ZK",
    "title": "Jumbo Jelly Beans Zoet & Zuur 200 g",
    "category": "Koek, snoep, chocolade en chips",
    "price": 1.39,
    "promoPrice": null,
    "pricePerUnit": "6.95 kg",
    "image": "https://www.jumbo.com/dam-images/fit-in/360x360/Products/10082023_1691677208307_1691677214800_8718452534142_1.png",
    "available": true,
    "promoUntil": null
  },
  {
    "id": "583902ZK",
    "title": "Jumbo Aardappel Schotel Hollandse Stijl 450 g",
    "category": "Diepvries",
    "price": 2.49,
    "promoPrice": null,
    "pricePerUnit": "5.53 kg",
    "image": "https://www.jumbo.com/dam-images/fit-in/360x360/Products/20122023_1703089984368_1703089998803_8718452741885_1.png",
    "available": true,
    "promoUntil": null
  },
  {
    "id": "190741CUP",
    "title": "Cesar Classic met Malse Kip 150 g",
    "category": "Huishouden en dieren",
    "price": 1.77,
    "promoPrice": null,
    "pricePerUnit": "11.8 kg",
    "image": "https://www.jumbo.com/dam-images/fit-in/360x360/Products/06082024_1722944116338_1722944126888_4008429092770_596.png",
    "available": true,
    "promoUntil": null
  },
  {
    "id": "687753ZK",
    "title": "Special Nuts Gezouten Cashewnoten 200 g",
    "category": "Koek, snoep, chocolade en chips",
    "price": 2.16,
    "promoPrice": null,
    "pricePerUnit": "10.8 kg",
    "image": "https://www.jumbo.com/dam-images/fit-in/360x360/Products/07052025_1746631967442_1746631974454_8714073145132_1.png",
    "available": true,
    "promoUntil": null
  },
  {
    "id": "578744DS",
    "title": "Jumbo Kleine Salade Quinoa met Pistachenoten & Gemberdressing 205 g",
    "category": "Verse maaltijden en gemak",
    "price": 3.09,
    "promoPrice": null,
    "pricePerUnit": "15.07 kg",
    "image": "https://www.jumbo.com/dam-images/fit-in/360x360/Products/25042025_1745588008912_1745588014543_8718452903153_1.png",
    "available": true,
    "promoUntil": null
  },
  {
    "id": "632989KGR",
    "title": "Jumbo Hausmacher ca. 120 g",
    "category": "Vleeswaren, kaas en tapas",
    "price": 2.15,
    "promoPrice": null,
    "pricePerUnit": "17.9 kg",
    "image": "https://www.jumbo.com/dam-images/fit-in/360x360/Products/29012025_1738168390522_1738168399294_2369201000000_1.png",
    "available": true,
    "promoUntil": null
  },
  {
    "id": "524842ZK",
    "title": "Duyvis Oven Roasted Gezouten Cashews 125 gr",
    "category": "Koek, snoep, chocolade en chips",
    "price": 3.29,
    "promoPrice": null,
    "pricePerUnit": "26.32 kg",
    "image": "https://www.jumbo.com/dam-images/fit-in/360x360/Products/16072025_1752661986552_1752661994410_8710398157621_1.png",
    "available": true,
    "promoUntil": null
  },
  {
    "id": "484492FLS",
    "title": "Tiempo & Tierra - Moscatel -  750ML",
    "category": "Bier en wijn",
    "price": 4.99,
    "promoPrice": null,
    "pricePerUnit": "6.65 l",
    "image": "https://www.jumbo.com/dam-images/fit-in/360x360/Products/11082023_1691742798803_1691742802235_8411971007189_1.png",
    "available": true,
    "promoUntil": null
  },
  {
    "id": "690182ZK",
    "title": "Jumbo Biologisch Aardappelen Kruimig 1 kg",
    "category": "Aardappelen, groente en fruit",
    "price": 2.39,
    "promoPrice": null,
    "pricePerUnit": "2.39 kg",
    "image": "https://www.jumbo.com/dam-images/fit-in/360x360/Products/8718452892778T1019563fc-9008-42d0-88fc-23323e879cf0-1749216349129.png",
    "available": true,
    "promoUntil": null
  },
  {
    "id": "646929PAK",
    "title": "Jumbo Biologisch Portobello 2 Stuks",
    "category": "Aardappelen, groente en fruit",
    "price": 1.69,
    "promoPrice": null,
    "pricePerUnit": "0.85 pieces",
    "image": "https://www.jumbo.com/dam-images/fit-in/360x360/Products/02122024_1733142835768_1733142839758_8718452850525_1.png",
    "available": true,
    "promoUntil": null
  },
  {
    "id": "668854DS",
    "title": "Jopen Mooie Nel IPA Bier Blikken 4 x 330 ml",
    "category": "Bier en wijn",
    "price": 10.19,
    "promoPrice": null,
    "pricePerUnit": "7.72 l",
    "image": "https://www.jumbo.com/dam-images/fit-in/360x360/Products/12122024_1734014927097_1734014937547_8714799302550_1.png",
    "available": true,
    "promoUntil": null
  },
  {
    "id": "308868STK",
    "title": "Rennie kauwtabletten Suikervrij bij brandend maagzuur, 36 stuks",
    "category": "Drogisterij en baby",
    "price": 5.79,
    "promoPrice": null,
    "pricePerUnit": "0.16 pieces",
    "image": "https://www.jumbo.com/dam-images/fit-in/360x360/Products/24092025_1758672061323_1758672067931_8713091025624_1.png",
    "available": true,
    "promoUntil": null
  },
  {
    "id": "367545FLS",
    "title": "Marcel's Green Soap Handzeep Sandelhout & Kardemom 250ML",
    "category": "Drogisterij en baby",
    "price": 3.79,
    "promoPrice": null,
    "pricePerUnit": "15.16 l",
    "image": "https://www.jumbo.com/dam-images/fit-in/360x360/Products/08032025_1741400796378_1741400802398_367545_FLS_08719189416145_C1N1.png",
    "available": true,
    "promoUntil": null
  },
  {
    "id": "569904CUP",
    "title": "Glade Fragranced Bathroom Gel Luscious Cherry & Peony",
    "category": "Huishouden en dieren",
    "price": 3.45,
    "promoPrice": null,
    "pricePerUnit": "19.17 kg",
    "image": "https://www.jumbo.com/dam-images/fit-in/360x360/Products/24032024_1711247059415_1711247066552_569904_CUP_05000204184860_C1N1.png",
    "available": true,
    "promoUntil": null
  },
  {
    "id": "420497PAK",
    "title": "CoolBest Extremely Exotic 1 L",
    "category": "Frisdrank en sappen",
    "price": 3.29,
    "promoPrice": null,
    "pricePerUnit": "3.29 l",
    "image": "https://www.jumbo.com/dam-images/fit-in/360x360/Products/30082025_1756516046941_1756516080901_420497_PAK_08720157464471_C1N1.png",
    "available": true,
    "promoUntil": null
  },
  {
    "id": "479769FLS",
    "title": "Driehoek Zachte Groene Zeep 900 g",
    "category": "Huishouden en dieren",
    "price": 4.29,
    "promoPrice": null,
    "pricePerUnit": "4.77 kg",
    "image": "https://www.jumbo.com/dam-images/fit-in/360x360/Products/05082025_1754357462911_1754357466718_479769_FLS_08720254337449_C1N1.png",
    "available": true,
    "promoUntil": null
  },
  {
    "id": "562740ZK",
    "title": "Jumbo Mix voor Gehakt 40 g",
    "category": "Wereldkeukens, kruiden, pasta en rijst",
    "price": 1.16,
    "promoPrice": null,
    "pricePerUnit": "29.0 kg",
    "image": "https://www.jumbo.com/dam-images/fit-in/360x360/Products/14022024_1707872532730_1707872577174_8718452721450_1.png",
    "available": true,
    "promoUntil": null
  },
  {
    "id": "580105PAK",
    "title": "De Koekebacker Gevuld Speculaas met Banketspijs 275 g",
    "category": "Koek, snoep, chocolade en chips",
    "price": 1.89,
    "promoPrice": null,
    "pricePerUnit": "6.87 kg",
    "image": "https://www.jumbo.com/dam-images/fit-in/360x360/Products/06092023_1694017982125_1694017987404_8713621109039_1.png",
    "available": true,
    "promoUntil": null
  },
  {
    "id": "147543BLK",
    "title": "Jumbo Paté met Rund & Gevogelte 400 g",
    "category": "Huishouden en dieren",
    "price": 0.99,
    "promoPrice": null,
    "pricePerUnit": "2.48 kg",
    "image": "https://www.jumbo.com/dam-images/fit-in/360x360/Products/8718452583942e3b51c9f-0e07-4642-9984-a5e7b516c419-1695112896784.png",
    "available": true,
    "promoUntil": null
  },
  {
    "id": "83575ZK",
    "title": "Grand'Italia Linguine all'Uovo 500 g",
    "category": "Wereldkeukens, kruiden, pasta en rijst",
    "price": 2.0,
    "promoPrice": null,
    "pricePerUnit": "4.0 kg",
    "image": "https://www.jumbo.com/dam-images/fit-in/360x360/Products/25052024_1716605345474_1716605347650_83575_ZK_08000050014998_H1N1.png",
    "available": true,
    "promoUntil": null
  },
  {
    "id": "562872FLS",
    "title": "Schweppes Spritz Alcoholvrije Drank Bittere Sinaasappelsmaak Bevat Kinine 1 L",
    "category": "Frisdrank en sappen",
    "price": 2.29,
    "promoPrice": null,
    "pricePerUnit": "2.29 l",
    "image": "https://www.jumbo.com/dam-images/fit-in/360x360/Products/25072025_1753406067124_1753406077122_562872_FLS_03124480196149_C1N1.png",
    "available": true,
    "promoUntil": null
  },
  {
    "id": "521736DS",
    "title": "Honig Maaltijdmix voor Kapucijners 45 g",
    "category": "Wereldkeukens, kruiden, pasta en rijst",
    "price": 1.99,
    "promoPrice": null,
    "pricePerUnit": "44.22 kg",
    "image": "https://www.jumbo.com/dam-images/fit-in/360x360/Products/05072025_1751683835053_1751683848989_521736_DS_08714700170407_H1N1.png",
    "available": true,
    "promoUntil": null
  },
  {
    "id": "578149BAK",
    "title": "Jumbo Pastasalade Pesto 350 g",
    "category": "Verse maaltijden en gemak",
    "price": 4.0,
    "promoPrice": null,
    "pricePerUnit": "11.43 kg",
    "image": "https://www.jumbo.com/dam-images/fit-in/360x360/Products/12052025_1747064006275_1747064013022_8718452913367_1.png",
    "available": true,
    "promoUntil": null
  },
  {
    "id": "575235ZK",
    "title": "Chan's Surinaamse Rijst 1 kg",
    "category": "Wereldkeukens, kruiden, pasta en rijst",
    "price": 2.96,
    "promoPrice": null,
    "pricePerUnit": "2.96 kg",
    "image": "https://www.jumbo.com/dam-images/fit-in/360x360/Products/12042024_1712889186638_1712889191553_575235_ZK_08713344003089_C1N1.png",
    "available": true,
    "promoUntil": null
  },
  {
    "id": "669267STK",
    "title": "HEMA Tapasprikkers 50 Stuks",
    "category": "Non-food en servicebalie",
    "price": 1.59,
    "promoPrice": null,
    "pricePerUnit": "0.03 pieces",
    "image": "https://www.jumbo.com/dam-images/fit-in/360x360/Products/13122024_1734084872492_1734084875307_669267_STK_08720354338865_C1N1.png",
    "available": true,
    "promoUntil": null
  },
  {
    "id": "557608BLK",
    "title": "Jumbo Blackcurrant Cassis - Blik - 250 ML",
    "category": "Frisdrank en sappen",
    "price": 0.49,
    "promoPrice": null,
    "pricePerUnit": "1.96 l",
    "image": "https://www.jumbo.com/dam-images/fit-in/360x360/Products/14022024_1707872667376_1707872677673_8718452639618_1.png",
    "available": true,
    "promoUntil": null
  },
  {
    "id": "616782BLK",
    "title": "Euroma Picadillo by Jonnie Boer",
    "category": "Wereldkeukens, kruiden, pasta en rijst",
    "price": 3.26,
    "promoPrice": null,
    "pricePerUnit": "67.92 kg",
    "image": "https://www.jumbo.com/dam-images/fit-in/360x360/Products/31052024_1717151660876_1717151664323_8717600351662_1.png",
    "available": true,
    "promoUntil": null
  },
  {
    "id": "177705PAK",
    "title": "Jumbo Biologisch Zuurkool Naturel 520 g",
    "category": "Aardappelen, groente en fruit",
    "price": 1.19,
    "promoPrice": null,
    "pricePerUnit": "2.38 kg",
    "image": "https://www.jumbo.com/dam-images/fit-in/360x360/Products/27022024_1709051592182_1709051602760_8718452628834_1.png",
    "available": true,
    "promoUntil": null
  },
  {
    "id": "670756STK",
    "title": "HEMA Snijplank 35x25cm Groen",
    "category": "Non-food en servicebalie",
    "price": 4.99,
    "promoPrice": null,
    "pricePerUnit": "4.99 pieces",
    "image": "https://www.jumbo.com/dam-images/fit-in/360x360/Products/08042025_1744080765820_1744080769361_670756_STK_08720354519851_C1N1.png",
    "available": true,
    "promoUntil": null
  },
  {
    "id": "193118STK",
    "title": "Tony's Chocolonely Donkere Melk Chocolade Reep 42% 180 g",
    "category": "Koek, snoep, chocolade en chips",
    "price": 4.25,
    "promoPrice": null,
    "pricePerUnit": "23.61 kg",
    "image": "https://www.jumbo.com/dam-images/fit-in/360x360/Products/05092025_1757037256359_1757037262668_193118_STK_08717677338597_C1N1.png",
    "available": true,
    "promoUntil": null
  },
  {
    "id": "188343POT",
    "title": "Verstegen Chilivlokken 28 g",
    "category": "Wereldkeukens, kruiden, pasta en rijst",
    "price": 3.39,
    "promoPrice": null,
    "pricePerUnit": "121.07 kg",
    "image": "https://www.jumbo.com/dam-images/fit-in/360x360/Products/22082024_1724293021158_1724293026180_188343_POT_08712200753939_C1N1.png",
    "available": true,
    "promoUntil": null
  },
  {
    "id": "690488BKR",
    "title": "Jumbo Cottage Cheese Biologisch 200 g",
    "category": "Vleeswaren, kaas en tapas",
    "price": 1.29,
    "promoPrice": null,
    "pricePerUnit": "6.45 kg",
    "image": "https://www.jumbo.com/dam-images/fit-in/360x360/Products/09072025_1752064369138_1752064387557_8718452889389_596.png",
    "available": true,
    "promoUntil": null
  },
  {
    "id": "625070FLS",
    "title": "Tussock Jumper - Primitivo - 750ML",
    "category": "Bier en wijn",
    "price": 5.49,
    "promoPrice": null,
    "pricePerUnit": "7.32 l",
    "image": "https://www.jumbo.com/dam-images/fit-in/360x360/Products/01072025_1751380370228_1751380373626_3760204540272_1.png",
    "available": true,
    "promoUntil": null
  },
  {
    "id": "154888PAK",
    "title": "Jumbo Snack met Kip Strips 150 g",
    "category": "Huishouden en dieren",
    "price": 1.59,
    "promoPrice": null,
    "pricePerUnit": "10.6 kg",
    "image": "https://www.jumbo.com/dam-images/fit-in/360x360/Products/10062024_1718033711694_1718033715828_8718452549351_1.png",
    "available": true,
    "promoUntil": null
  },
  {
    "id": "450593FLS",
    "title": "Villebois - Pinot Noir - 750ML",
    "category": "Bier en wijn",
    "price": 10.49,
    "promoPrice": null,
    "pricePerUnit": "13.99 l",
    "image": "https://www.jumbo.com/dam-images/fit-in/360x360/Products/09082023_1691589747680_1691589816373_3760189780878_1.png",
    "available": true,
    "promoUntil": null
  },
  {
    "id": "573018TRA",
    "title": "8.6 Extreme - Bier - Blik - 4 x 500ML",
    "category": "Bier en wijn",
    "price": 8.39,
    "promoPrice": null,
    "pricePerUnit": "4.2 l",
    "image": "https://www.jumbo.com/dam-images/fit-in/360x360/Products/05082024_1722816020508_1722816025976_8714800047869_1.png",
    "available": true,
    "promoUntil": null
  },
  {
    "id": "513497DS",
    "title": "Lassie Basmati rijst 750 g duurzaam",
    "category": "Wereldkeukens, kruiden, pasta en rijst",
    "price": 3.55,
    "promoPrice": null,
    "pricePerUnit": "4.73 kg",
    "image": "https://www.jumbo.com/dam-images/fit-in/360x360/Products/11122024_1733883910906_1733883916453_513497_DS_08718781601812_H1N1.png",
    "available": true,
    "promoUntil": null
  },
  {
    "id": "182176POT",
    "title": "Jumbo Chili 39 g",
    "category": "Wereldkeukens, kruiden, pasta en rijst",
    "price": 2.72,
    "promoPrice": null,
    "pricePerUnit": "69.74 kg",
    "image": "https://www.jumbo.com/dam-images/fit-in/360x360/Products/12122024_1734014401333_1734014405721_87337365_1.png",
    "available": true,
    "promoUntil": null
  },
  {
    "id": "666322TRA",
    "title": "Jumbo Geboortekoekjes Roze 191 g",
    "category": "Koek, snoep, chocolade en chips",
    "price": 1.89,
    "promoPrice": null,
    "pricePerUnit": "10.5 kg",
    "image": "https://www.jumbo.com/dam-images/fit-in/360x360/Products/18042025_1744972367662_1744972376857_8718452875238_1.png",
    "available": true,
    "promoUntil": null
  },
  {
    "id": "612986CUP",
    "title": "Kips Groentespread Zongedroogde Tomaat 125g",
    "category": "Vleeswaren, kaas en tapas",
    "price": 2.59,
    "promoPrice": null,
    "pricePerUnit": "20.72 kg",
    "image": "https://www.jumbo.com/dam-images/fit-in/360x360/Products/26052025_1748230645664_1748230654440_612986_CUP_08710991005022_C1N1.png",
    "available": true,
    "promoUntil": null
  },
  {
    "id": "498234DS",
    "title": "Roter Paracetamol tabletten 500 mg, 20 stuks",
    "category": "Drogisterij en baby",
    "price": 2.79,
    "promoPrice": null,
    "pricePerUnit": "0.14 pieces",
    "image": "https://www.jumbo.com/dam-images/fit-in/360x360/Products/24092025_1758672133105_1758672139087_8713304103026_1.png",
    "available": true,
    "promoUntil": null
  },
  {
    "id": "168942ZK",
    "title": "Whiskas Adult Kattenbrokken Rund zak 1,9 Kg",
    "category": "Huishouden en dieren",
    "price": 8.83,
    "promoPrice": null,
    "pricePerUnit": "4.65 kg",
    "image": "https://www.jumbo.com/dam-images/fit-in/360x360/Products/10082023_1691677954322_1691677963502_5900951258558_596.png",
    "available": true,
    "promoUntil": null
  },
  {
    "id": "417825ZK",
    "title": "Slooow Bio Organic Crispy Meergranen Broodjes 320 g",
    "category": "Brood en gebak",
    "price": 2.39,
    "promoPrice": null,
    "pricePerUnit": "7.47 kg",
    "image": "https://www.jumbo.com/dam-images/fit-in/360x360/Products/30062025_1751293987608_1751293994485_8718564135244_1.png",
    "available": true,
    "promoUntil": null
  },
  {
    "id": "172229POT",
    "title": "Olvarit Appel Zuivel Bosbes 12+ Maanden 200 g",
    "category": "Drogisterij en baby",
    "price": 1.44,
    "promoPrice": null,
    "pricePerUnit": "7.2 kg",
    "image": "https://www.jumbo.com/dam-images/fit-in/360x360/Products/172229_8591119003065_1_T1_172229POT1691311480299.png",
    "available": true,
    "promoUntil": null
  },
  {
    "id": "525998CUP",
    "title": "Jumbo Kip-Mambo Salade 150 g",
    "category": "Vleeswaren, kaas en tapas",
    "price": 2.35,
    "promoPrice": null,
    "pricePerUnit": "15.67 kg",
    "image": "https://www.jumbo.com/dam-images/fit-in/360x360/Products/18062025_1750257313025_1750257321509_8718452689354_1.png",
    "available": true,
    "promoUntil": null
  },
  {
    "id": "196243STK",
    "title": "Jumbo Seroendeng 150 g",
    "category": "Wereldkeukens, kruiden, pasta en rijst",
    "price": 2.59,
    "promoPrice": null,
    "pricePerUnit": "17.27 kg",
    "image": "https://www.jumbo.com/dam-images/fit-in/360x360/Products/09082023_1691584856166_1691584882303_8718452261727_1.png",
    "available": true,
    "promoUntil": null
  },
  {
    "id": "145734PAK",
    "title": "Fairtrade Original Thaise Rode Curry 70 g",
    "category": "Wereldkeukens, kruiden, pasta en rijst",
    "price": 2.15,
    "promoPrice": null,
    "pricePerUnit": "30.71 kg",
    "image": "https://www.jumbo.com/dam-images/fit-in/360x360/Products/16122023_1702697977716_1702697984449_145734_PAK_08711741353660_C1N1.png",
    "available": true,
    "promoUntil": null
  },
  {
    "id": "468004ZK",
    "title": "HEMA Lange Kaarsen 12 Stuks Ivoor",
    "category": "Non-food en servicebalie",
    "price": 7.19,
    "promoPrice": null,
    "pricePerUnit": "7.19 pieces",
    "image": "https://www.jumbo.com/dam-images/fit-in/360x360/Products/09082023_1691587398302_1691587408917_8713475468610_1.png",
    "available": true,
    "promoUntil": null
  },
  {
    "id": "616687BUS",
    "title": "Dove Advanced Care Anti-Transpirant Pomegranate Scent 150ML",
    "category": "Drogisterij en baby",
    "price": 5.99,
    "promoPrice": null,
    "pricePerUnit": "39.93 l",
    "image": "https://www.jumbo.com/dam-images/fit-in/360x360/Products/15042025_1744678932833_1744678940451_616687_BUS_08720181291791_C1N1.png",
    "available": true,
    "promoUntil": null
  },
  {
    "id": "194890STK",
    "title": "Jumbo Boemboe Rode Curry 95 g",
    "category": "Wereldkeukens, kruiden, pasta en rijst",
    "price": 0.98,
    "promoPrice": null,
    "pricePerUnit": "10.32 kg",
    "image": "https://www.jumbo.com/dam-images/fit-in/360x360/Products/04122024_1733329976597_1733329995656_8718452765737_596.png",
    "available": true,
    "promoUntil": null
  },
  {
    "id": "674165DS",
    "title": "Holie's Crunchy Bar Amandel Speculaas 3 x 2 Stuks 6 x 20 g",
    "category": "Koek, snoep, chocolade en chips",
    "price": 3.26,
    "promoPrice": null,
    "pricePerUnit": "27.17 kg",
    "image": "https://www.jumbo.com/dam-images/fit-in/360x360/Products/04062025_1749040468019_1749040476189_8720256082705_1.png",
    "available": true,
    "promoUntil": null
  },
  {
    "id": "169231ZK",
    "title": "Chio Chips Kettle Cooked Sweet Chilli & Red Pepper 150 g",
    "category": "Koek, snoep, chocolade en chips",
    "price": 2.29,
    "promoPrice": null,
    "pricePerUnit": "15.27 kg",
    "image": "https://www.jumbo.com/dam-images/fit-in/360x360/Products/30012025_1738203400278_1738203418201_169231_ZK_08710532446284_H1N1_R.png",
    "available": true,
    "promoUntil": null
  },
  {
    "id": "585174TRA",
    "title": "Jumbo's Plantaardige Spinazie Cashew Girasoli 250 g",
    "category": "Wereldkeukens, kruiden, pasta en rijst",
    "price": 2.79,
    "promoPrice": null,
    "pricePerUnit": "11.16 kg",
    "image": "https://www.jumbo.com/dam-images/fit-in/360x360/Products/23092024_1727091277989_1727091285559_8718452832644_1.png",
    "available": true,
    "promoUntil": null
  },
  {
    "id": "448023TAS",
    "title": "Noel Chorizo 225 g",
    "category": "Vleeswaren, kaas en tapas",
    "price": 3.77,
    "promoPrice": null,
    "pricePerUnit": "16.76 kg",
    "image": "https://www.jumbo.com/dam-images/fit-in/360x360/Products/09082023_1691588798896_1691588804046_8410783013111_1.png",
    "available": true,
    "promoUntil": null
  },
  {
    "id": "153726BLK",
    "title": "Karvan Cévitam GO Aardbei Siroop, 48 ml",
    "category": "Frisdrank en sappen",
    "price": 3.99,
    "promoPrice": null,
    "pricePerUnit": "83.12 l",
    "image": "https://www.jumbo.com/dam-images/fit-in/360x360/Products/17042025_1744856648160_1744856656223_153726_BLK_00000087157673_H1N1.png",
    "available": true,
    "promoUntil": null
  },
  {
    "id": "248270ZK",
    "title": "Parrano Geraspte Kaas Snippers Robusto",
    "category": "Vleeswaren, kaas en tapas",
    "price": 2.69,
    "promoPrice": null,
    "pricePerUnit": "33.63 kg",
    "image": "https://www.jumbo.com/dam-images/fit-in/360x360/Products/08102024_1728390792231_1728390798674_8710912005322_1.png",
    "available": true,
    "promoUntil": null
  },
  {
    "id": "678185ZK",
    "title": "Pampers Harmonie Pants Maat 6, 24 Luierbroekjes",
    "category": "Drogisterij en baby",
    "price": 23.99,
    "promoPrice": null,
    "pricePerUnit": "1.0 pieces",
    "image": "https://www.jumbo.com/dam-images/fit-in/360x360/Products/14082025_1755196423795_1755196430688_8700216705431_1.png",
    "available": true,
    "promoUntil": null
  },
  {
    "id": "35092PAK",
    "title": "Rambol Smeltkaas met Noten 125 g",
    "category": "Vleeswaren, kaas en tapas",
    "price": 3.29,
    "promoPrice": null,
    "pricePerUnit": "26.32 kg",
    "image": "https://www.jumbo.com/dam-images/fit-in/360x360/Products/25072025_1753413550792_1753413558422_35092_PAK_03175360000100_A1N1_s36.png",
    "available": true,
    "promoUntil": null
  },
  {
    "id": "661276DS",
    "title": "Jumbo Smeerkaas Puntjes 8 Stuks",
    "category": "Vleeswaren, kaas en tapas",
    "price": 1.59,
    "promoPrice": null,
    "pricePerUnit": "11.36 kg",
    "image": "https://www.jumbo.com/dam-images/fit-in/360x360/Products/06012025_1736181228612_1736181242167_8718452811335_596.png",
    "available": true,
    "promoUntil": null
  },
  {
    "id": "638608BAK",
    "title": "Jumbo's Kruidige Paprika Ui & Tomaat Groente Spread & Dip 150 g",
    "category": "Vleeswaren, kaas en tapas",
    "price": 1.99,
    "promoPrice": null,
    "pricePerUnit": "13.27 kg",
    "image": "https://www.jumbo.com/dam-images/fit-in/360x360/Products/07072025_1751887996453_1751888002417_8718452856282_1.png",
    "available": true,
    "promoUntil": null
  },
  {
    "id": "547735BUS",
    "title": "AXE Fine Fragrance Collection Premium Deodorant Bodyspray Blue Lavender 150 ml",
    "category": "Drogisterij en baby",
    "price": 8.49,
    "promoPrice": null,
    "pricePerUnit": "56.6 l",
    "image": "https://www.jumbo.com/dam-images/fit-in/360x360/Products/14032025_1741920256266_1741920293580_547735_BUS_08720181297601_C1N1.png",
    "available": true,
    "promoUntil": null
  },
  {
    "id": "432223FLS",
    "title": "Jumbo Helder Licht Bruisend Mineraalwater Watermeloen Smaak 500ML",
    "category": "Frisdrank en sappen",
    "price": 0.75,
    "promoPrice": null,
    "pricePerUnit": "1.5 l",
    "image": "https://www.jumbo.com/dam-images/fit-in/360x360/Products/28022025_1740753169332_1740753180608_8718452640447_596.png",
    "available": true,
    "promoUntil": null
  },
  {
    "id": "670075STK",
    "title": "Theedoek Ruit Oker/Roze/Koraal",
    "category": "Non-food en servicebalie",
    "price": 3.99,
    "promoPrice": null,
    "pricePerUnit": "3.99 pieces",
    "image": "https://www.jumbo.com/dam-images/fit-in/360x360/Products/25042025_1745543693378_1745543698500_670075_STK_08720354932056_C1N1.png",
    "available": true,
    "promoUntil": null
  },
  {
    "id": "653737ZK",
    "title": "Aoste Salami-Sticks 70 g",
    "category": "Vleeswaren, kaas en tapas",
    "price": 1.99,
    "promoPrice": null,
    "pricePerUnit": "28.43 kg",
    "image": "https://www.jumbo.com/dam-images/fit-in/360x360/Products/17122024_1734401246991_1734401252476_653737_ZK_03449851328005_C1N1_s01.png",
    "available": true,
    "promoUntil": null
  },
  {
    "id": "551158ZK",
    "title": "Hak Mexicanez Taco's 550 g",
    "category": "Wereldkeukens, kruiden, pasta en rijst",
    "price": 3.29,
    "promoPrice": null,
    "pricePerUnit": "5.98 kg",
    "image": "https://www.jumbo.com/dam-images/fit-in/360x360/Products/14022024_1707872533107_1707872584092_8720600621734_1.png",
    "available": true,
    "promoUntil": null
  },
  {
    "id": "632048ZK",
    "title": "Stegeman Fuet Knoflook Basilicum 130 g",
    "category": "Vleeswaren, kaas en tapas",
    "price": 3.95,
    "promoPrice": null,
    "pricePerUnit": "30.38 kg",
    "image": "https://www.jumbo.com/dam-images/fit-in/360x360/Products/11092025_1757588653201_1757588659957_8710765967853_596.png",
    "available": true,
    "promoUntil": null
  },
  {
    "id": "612645TUB",
    "title": "Doritos Dips Nacho Cheese Tortilla Dip Saus 898 gr",
    "category": "Koek, snoep, chocolade en chips",
    "price": 7.49,
    "promoPrice": null,
    "pricePerUnit": "8.34 kg",
    "image": "https://www.jumbo.com/dam-images/fit-in/360x360/Products/27032025_1743068013431_1743068020593_3168930168850_1.png",
    "available": true,
    "promoUntil": null
  },
  {
    "id": "538510DS",
    "title": "Alfa Edel Pils Blikken 6 x 33 cl",
    "category": "Bier en wijn",
    "price": 6.39,
    "promoPrice": null,
    "pricePerUnit": "3.23 l",
    "image": "https://www.jumbo.com/dam-images/fit-in/360x360/Products/09052025_1746811987145_1746811993031_8711527001969_1.png",
    "available": true,
    "promoUntil": null
  },
  {
    "id": "686993FLS",
    "title": "JP. Chenet - Spritz Sparkling - 750ML",
    "category": "Bier en wijn",
    "price": 6.65,
    "promoPrice": null,
    "pricePerUnit": "8.87 l",
    "image": "https://www.jumbo.com/dam-images/fit-in/360x360/Products/03062025_1748968348208_1748968352443_3500610156267_1.png",
    "available": true,
    "promoUntil": null
  },
  {
    "id": "540431DSL",
    "title": "Whiskas 1+ Kattenvoer - Vis selectie in gelei - maaltijdzakjes 4x12x85g",
    "category": "Huishouden en dieren",
    "price": 23.64,
    "promoPrice": null,
    "pricePerUnit": "0.49 pieces",
    "image": "https://www.jumbo.com/dam-images/fit-in/360x360/Products/540431DSL-1692280562720.png",
    "available": true,
    "promoUntil": null
  },
  {
    "id": "692693STK",
    "title": "HEMA Balpennen Blauw 24 Stuks",
    "category": "Non-food en servicebalie",
    "price": 3.69,
    "promoPrice": null,
    "pricePerUnit": "0.15 pieces",
    "image": "https://www.jumbo.com/dam-images/fit-in/360x360/Products/07052025_1746580932375_1746580935197_692693_STK_08721245006115_C1N1.png",
    "available": true,
    "promoUntil": null
  },
  {
    "id": "303107DS",
    "title": "Bolletje Dreumesbiscuit vanaf 12 Maanden 10 x 2 Stuks 150 g",
    "category": "Drogisterij en baby",
    "price": 1.73,
    "promoPrice": null,
    "pricePerUnit": "11.53 kg",
    "image": "https://www.jumbo.com/dam-images/fit-in/360x360/Products/20122024_1734698014814_1734698020098_8710482533560_1.png",
    "available": true,
    "promoUntil": null
  },
  {
    "id": "474846FLS",
    "title": "Neutral Wasverzachter Parfumvrij 27 wasbeurten",
    "category": "Huishouden en dieren",
    "price": 4.45,
    "promoPrice": null,
    "pricePerUnit": "0.16 wb",
    "image": "https://www.jumbo.com/dam-images/fit-in/360x360/Products/05092025_1757061228251_1757061231286_8720181230530_1.png",
    "available": true,
    "promoUntil": null
  },
  {
    "id": "444914PAK",
    "title": "Haust Snack Cups Naturel Rond 130 g",
    "category": "Koek, snoep, chocolade en chips",
    "price": 1.99,
    "promoPrice": null,
    "pricePerUnit": "15.31 kg",
    "image": "https://www.jumbo.com/dam-images/fit-in/360x360/Products/09082023_1691588189790_1691588324017_8710445024159_1.png",
    "available": true,
    "promoUntil": null
  },
  {
    "id": "626916DS",
    "title": "Honig Maaltijdpakket Mexicaanse Ovenschotel 401g",
    "category": "Wereldkeukens, kruiden, pasta en rijst",
    "price": 4.49,
    "promoPrice": null,
    "pricePerUnit": "11.2 kg",
    "image": "https://www.jumbo.com/dam-images/fit-in/360x360/Products/18072025_1752800944342_1752800948654_626916_DS_08715700126944_C1N1.png",
    "available": true,
    "promoUntil": null
  },
  {
    "id": "419455TRL",
    "title": "FELIX® Original Senior Mix Selectie in Gelei Kattenvoer 4 x 12 x 85 g",
    "category": "Huishouden en dieren",
    "price": 21.4,
    "promoPrice": null,
    "pricePerUnit": "5.25 kg",
    "image": "https://www.jumbo.com/dam-images/fit-in/360x360/Products/419455TRL-1692282125834.png",
    "available": true,
    "promoUntil": null
  },
  {
    "id": "616691BUS",
    "title": "Dove Men+Care Advanced Anti-Transpirant Deodorant Spray Eucalyptus + Mint 150 ml",
    "category": "Drogisterij en baby",
    "price": 5.49,
    "promoPrice": null,
    "pricePerUnit": "36.6 l",
    "image": "https://www.jumbo.com/dam-images/fit-in/360x360/Products/24092025_1758679886751_1758679895643_616691_BUS_08720181433597_C1N1.png",
    "available": true,
    "promoUntil": null
  },
  {
    "id": "674394BLK",
    "title": "Monster Energy Ultra Peachy Keen 500 ml",
    "category": "Frisdrank en sappen",
    "price": 2.29,
    "promoPrice": null,
    "pricePerUnit": "4.58 l",
    "image": "https://www.jumbo.com/dam-images/fit-in/360x360/Products/23012025_1737660807453_1737660811637_5056784905593_1.png",
    "available": true,
    "promoUntil": null
  },
  {
    "id": "65321PAK",
    "title": "Brand Weizen Bier Fles 6 x 300ml",
    "category": "Bier en wijn",
    "price": 7.29,
    "promoPrice": null,
    "pricePerUnit": "4.05 l",
    "image": "https://www.jumbo.com/dam-images/fit-in/360x360/Products/07012025_1736267672501_1736267679971_87232233_1.png",
    "available": true,
    "promoUntil": null
  },
  {
    "id": "650595CUP",
    "title": "Jumbo Tortilla Gegrilde Groenten 300 g",
    "category": "Vleeswaren, kaas en tapas",
    "price": 4.99,
    "promoPrice": null,
    "pricePerUnit": "16.63 kg",
    "image": "https://www.jumbo.com/dam-images/fit-in/360x360/Products/27052025_1748356387345_1748356398382_8718452898121_1.png",
    "available": true,
    "promoUntil": null
  },
  {
    "id": "679300PAK",
    "title": "Sanpellegrino Limonade Aranciata Rossa 6 x 330 ml",
    "category": "Frisdrank en sappen",
    "price": 7.99,
    "promoPrice": null,
    "pricePerUnit": "4.04 l",
    "image": "https://www.jumbo.com/dam-images/fit-in/360x360/Products/04032025_1741095168279_1741095175701_8002270506796_1.png",
    "available": true,
    "promoUntil": null
  },
  {
    "id": "570096ZK",
    "title": "Santa Maria Crispy Corn Tortilla Chips Salted 475 g",
    "category": "Wereldkeukens, kruiden, pasta en rijst",
    "price": 3.84,
    "promoPrice": null,
    "pricePerUnit": "8.08 kg",
    "image": "https://www.jumbo.com/dam-images/fit-in/360x360/Products/13092025_1757731112329_1757731127147_570096_ZK_07311312008145_C1N1.png",
    "available": true,
    "promoUntil": null
  },
  {
    "id": "548973ZK",
    "title": "Alesie Pandan Rijst 2 kg",
    "category": "Wereldkeukens, kruiden, pasta en rijst",
    "price": 5.89,
    "promoPrice": null,
    "pricePerUnit": "2.95 kg",
    "image": "https://www.jumbo.com/dam-images/fit-in/360x360/Products/8847179995667T12d8d4140-6630-4772-bce5-e25b96757b2e-1730392742177.png",
    "available": true,
    "promoUntil": null
  },
  {
    "id": "503860ZK",
    "title": "Look-O-Look Dropveters Vegan 25 stuks",
    "category": "Koek, snoep, chocolade en chips",
    "price": 2.34,
    "promoPrice": null,
    "pricePerUnit": "18.72 kg",
    "image": "https://www.jumbo.com/dam-images/fit-in/360x360/Products/07072025_1751902618920_1751902625269_8713600501762_1.png",
    "available": true,
    "promoUntil": null
  },
  {
    "id": "703858ZK",
    "title": "Nalys Soft Toiletpapier 2-Laags Family Pack 18 Rollen",
    "category": "Huishouden en dieren",
    "price": 11.99,
    "promoPrice": null,
    "pricePerUnit": "0.67 pieces",
    "image": "https://www.jumbo.com/dam-images/fit-in/360x360/Products/16072025_1752690824601_1752690832338_8004260236942_1.png",
    "available": true,
    "promoUntil": null
  },
  {
    "id": "421756DS",
    "title": "Sleepzz Shiepz Melatonine (5 mg tabletten), 30 stuks",
    "category": "Drogisterij en baby",
    "price": 17.99,
    "promoPrice": null,
    "pricePerUnit": "0.6 pieces",
    "image": "https://www.jumbo.com/dam-images/fit-in/360x360/Products/24092025_1758672091659_1758672096839_8711744051358_1.png",
    "available": true,
    "promoUntil": null
  },
  {
    "id": "370862ZK",
    "title": "Stegeman Salami Italiaanse Kruiden 200 g",
    "category": "Vleeswaren, kaas en tapas",
    "price": 3.99,
    "promoPrice": null,
    "pricePerUnit": "19.95 kg",
    "image": "https://www.jumbo.com/dam-images/fit-in/360x360/Products/28032025_1743157974102_1743157978287_8710765962094_1.png",
    "available": true,
    "promoUntil": null
  },
  {
    "id": "172900KST",
    "title": "Côte d'Or Bloc Chocoladereep Melk Hele Hazelnoten 180g",
    "category": "Koek, snoep, chocolade en chips",
    "price": 5.69,
    "promoPrice": null,
    "pricePerUnit": "31.61 kg",
    "image": "https://www.jumbo.com/dam-images/fit-in/360x360/Products/24092025_1758724490416_1758724500946_7622210996268_596.png",
    "available": true,
    "promoUntil": null
  },
  {
    "id": "208158STK",
    "title": "Jumbo Toast Cups Naturel 130 g",
    "category": "Koek, snoep, chocolade en chips",
    "price": 0.82,
    "promoPrice": null,
    "pricePerUnit": "6.31 kg",
    "image": "https://www.jumbo.com/dam-images/fit-in/360x360/Products/09082023_1691585108874_1691585116595_8718452324026_1.png",
    "available": true,
    "promoUntil": null
  },
  {
    "id": "646925STK",
    "title": "Jumbo Biologische Kastanjechampignon 250g",
    "category": "Aardappelen, groente en fruit",
    "price": 2.19,
    "promoPrice": null,
    "pricePerUnit": "8.76 kg",
    "image": "https://www.jumbo.com/dam-images/fit-in/360x360/Products/8718452601301T1a251cfeb-aa38-4c1d-9898-cde2fe5c19fc-1726496689091.png",
    "available": true,
    "promoUntil": null
  },
  {
    "id": "608068STK",
    "title": "Odenwald Bakery Glutenvrij Ovaal Wit Broodje 2 x 90 g",
    "category": "Diepvries",
    "price": 2.99,
    "promoPrice": null,
    "pricePerUnit": "16.61 kg",
    "image": "https://www.jumbo.com/dam-images/fit-in/360x360/Products/04092024_1725460582881_1725460590044_8715538008689_1.png",
    "available": true,
    "promoUntil": null
  },
  {
    "id": "532995STK",
    "title": "Rosewood Twister Small 6 Stuks",
    "category": "Huishouden en dieren",
    "price": 4.09,
    "promoPrice": null,
    "pricePerUnit": "45.44 kg",
    "image": "https://www.jumbo.com/dam-images/fit-in/360x360/Products/26042024_1714098104147_1714098107841_532995_STK_08712113547984_C1N1_s01.png",
    "available": true,
    "promoUntil": null
  },
  {
    "id": "690080PAK",
    "title": "Milka Melk Chocolade Tablet 190g",
    "category": "Koek, snoep, chocolade en chips",
    "price": 3.0,
    "promoPrice": null,
    "pricePerUnit": "15.79 kg",
    "image": "https://www.jumbo.com/dam-images/fit-in/360x360/Products/27062025_1750988825436_1750988842185_690080_PAK_07622202304996_C1N1_s01.png",
    "available": true,
    "promoUntil": null
  },
  {
    "id": "426856STK",
    "title": "Bolletje Kanelly Fijne Kaneelsuiker 21 Stuks 175 g",
    "category": "Koek, snoep, chocolade en chips",
    "price": 2.66,
    "promoPrice": null,
    "pricePerUnit": "15.2 kg",
    "image": "https://www.jumbo.com/dam-images/fit-in/360x360/Products/17052024_1715915258934_1715915296228_426856_STK_08710482532136_H1N1.png",
    "available": true,
    "promoUntil": null
  },
  {
    "id": "413186DS",
    "title": "Always Discreet Inlegkruisjes Voor Urineverlies Long Plus 24",
    "category": "Drogisterij en baby",
    "price": 3.89,
    "promoPrice": null,
    "pricePerUnit": "0.16 pieces",
    "image": "https://www.jumbo.com/dam-images/fit-in/360x360/Products/05092025_1757037999322_1757038000454_413186_DS_04015400844570_C1N1.png",
    "available": true,
    "promoUntil": null
  },
  {
    "id": "237944STK",
    "title": "Verstegen Dille 17 g",
    "category": "Wereldkeukens, kruiden, pasta en rijst",
    "price": 2.99,
    "promoPrice": null,
    "pricePerUnit": "175.88 kg",
    "image": "https://www.jumbo.com/dam-images/fit-in/360x360/Products/30082024_1724984546847_1724984550660_237944_STK_08712200069825_C1N1.png",
    "available": true,
    "promoUntil": null
  },
  {
    "id": "481252FLS",
    "title": "Cif CleanBoost Schuurmiddel Cream Pink 750 ml",
    "category": "Huishouden en dieren",
    "price": 3.99,
    "promoPrice": null,
    "pricePerUnit": "5.32 l",
    "image": "https://www.jumbo.com/dam-images/fit-in/360x360/Products/15082025_1755226239552_1755226279837_481252_FLS_08720182346155_H1N1.png",
    "available": true,
    "promoUntil": null
  },
  {
    "id": "682509PAK",
    "title": "Always Ultra  Maandverbanden Secure Night Extra (maat 5)",
    "category": "Drogisterij en baby",
    "price": 2.89,
    "promoPrice": null,
    "pricePerUnit": "0.36 pieces",
    "image": "https://www.jumbo.com/dam-images/fit-in/360x360/Products/14082025_1755200016863_1755200021788_8001841941899_1.png",
    "available": true,
    "promoUntil": null
  },
  {
    "id": "616707TUB",
    "title": "Sensodyne Fresh Mint 75 ml Tube",
    "category": "Drogisterij en baby",
    "price": 4.29,
    "promoPrice": null,
    "pricePerUnit": "57.2 l",
    "image": "https://www.jumbo.com/dam-images/fit-in/360x360/Products/12062024_1718165023663_1718165028532_616707_TUB_05054563185815_C1N1.png",
    "available": true,
    "promoUntil": null
  },
  {
    "id": "640442BUS",
    "title": "HGX Spray Tegen Muggen En Vliegen 400ml",
    "category": "Non-food en servicebalie",
    "price": 13.29,
    "promoPrice": null,
    "pricePerUnit": "33.23 l",
    "image": "https://www.jumbo.com/dam-images/fit-in/360x360/Products/16072024_1721112376910_1721112380740_640442_BUS_08711577078447_C1N1.png",
    "available": true,
    "promoUntil": null
  },
  {
    "id": "142988POT",
    "title": "Verstegen Bieslook 5 g",
    "category": "Wereldkeukens, kruiden, pasta en rijst",
    "price": 2.49,
    "promoPrice": null,
    "pricePerUnit": "498.0 kg",
    "image": "https://www.jumbo.com/dam-images/fit-in/360x360/Products/30082024_1724984847892_1724984856586_142988_POT_08712200063069_C1N1.png",
    "available": true,
    "promoUntil": null
  },
  {
    "id": "611274DS",
    "title": "Jumbo Poké Kip Salade Bowl 350 g",
    "category": "Verse maaltijden en gemak",
    "price": 5.29,
    "promoPrice": null,
    "pricePerUnit": "15.11 kg",
    "image": "https://www.jumbo.com/dam-images/fit-in/360x360/Products/21042025_1745193609615_1745193631145_8718452891856_1.png",
    "available": true,
    "promoUntil": null
  },
  {
    "id": "214036PAK",
    "title": "Rummo Farfalle 500 g",
    "category": "Wereldkeukens, kruiden, pasta en rijst",
    "price": 2.79,
    "promoPrice": null,
    "pricePerUnit": "5.58 kg",
    "image": "https://www.jumbo.com/dam-images/fit-in/360x360/Products/214036_8008343200851_1_T1_214036PAK1691315168475.png",
    "available": true,
    "promoUntil": null
  },
  {
    "id": "370933ZK",
    "title": "Anta Verzorgende Keelpastilles Honey Lemon Menthol 275 g",
    "category": "Koek, snoep, chocolade en chips",
    "price": 2.34,
    "promoPrice": null,
    "pricePerUnit": "8.51 kg",
    "image": "https://www.jumbo.com/dam-images/fit-in/360x360/Products/26052025_1748222176108_1748222192740_370933_ZK_08721077490243_H1N1.png",
    "available": true,
    "promoUntil": null
  },
  {
    "id": "381983DSL",
    "title": "Jumbo Luiers 3 6-10 kg 3 x 48 Stuks",
    "category": "Drogisterij en baby",
    "price": 18.39,
    "promoPrice": null,
    "pricePerUnit": "0.13 pieces",
    "image": "https://www.jumbo.com/dam-images/fit-in/360x360/Products/381983DSL-1692279258165.png",
    "available": true,
    "promoUntil": null
  },
  {
    "id": "187467BUS",
    "title": "Verstegen Mix voor Gehakt met Uitjes 200 g",
    "category": "Wereldkeukens, kruiden, pasta en rijst",
    "price": 5.83,
    "promoPrice": null,
    "pricePerUnit": "29.15 kg",
    "image": "https://www.jumbo.com/dam-images/fit-in/360x360/Products/14032024_1710387821426_1710387827026_187467_BUS_08712200752208_H1N1.png",
    "available": true,
    "promoUntil": null
  },
  {
    "id": "564436FLS",
    "title": "Red Phoenix Sriracha mayo",
    "category": "Wereldkeukens, kruiden, pasta en rijst",
    "price": 2.79,
    "promoPrice": null,
    "pricePerUnit": "7.97 l",
    "image": "https://www.jumbo.com/dam-images/fit-in/360x360/Products/13092023_1694597643906_1694597648108_8717662269417_1.png",
    "available": true,
    "promoUntil": null
  },
  {
    "id": "404620BUS",
    "title": "AXE Anti-Transpirant Spray Black 150 ml",
    "category": "Drogisterij en baby",
    "price": 7.49,
    "promoPrice": null,
    "pricePerUnit": "49.93 l",
    "image": "https://www.jumbo.com/dam-images/fit-in/360x360/Products/23092025_1758600169680_1758600199927_404620_BUS_08720181057960_H1N1.png",
    "available": true,
    "promoUntil": null
  },
  {
    "id": "613842CUP",
    "title": "Hertog IJssalon Ijs Pecan-Karamel Vanille 825 ml",
    "category": "Diepvries",
    "price": 5.29,
    "promoPrice": null,
    "pricePerUnit": "6.41 l",
    "image": "https://www.jumbo.com/dam-images/fit-in/360x360/Products/12092025_1757639326241_1757639433286_613842_CUP_08711327618527_C1N1.png",
    "available": true,
    "promoUntil": null
  },
  {
    "id": "435881STK",
    "title": "Vsm Arniflor eerste hulp gel 75 g",
    "category": "Drogisterij en baby",
    "price": 13.99,
    "promoPrice": null,
    "pricePerUnit": "186.53 kg",
    "image": "https://www.jumbo.com/dam-images/fit-in/360x360/Products/24092025_1758672062837_1758672066987_8728300906380_1.png",
    "available": true,
    "promoUntil": null
  },
  {
    "id": "218501PAK",
    "title": "Van de Boom Peer met Appel 1 L",
    "category": "Frisdrank en sappen",
    "price": 2.49,
    "promoPrice": null,
    "pricePerUnit": "2.49 l",
    "image": "https://www.jumbo.com/dam-images/fit-in/360x360/Products/28062025_1751073056244_1751073097234_218501_PAK_08713300079912_C1N1.png",
    "available": true,
    "promoUntil": null
  },
  {
    "id": "419417PAK",
    "title": "FELIX® Original Gevogelte Selectie in Saus Kattenvoer 12x85g",
    "category": "Huishouden en dieren",
    "price": 5.63,
    "promoPrice": null,
    "pricePerUnit": "5.52 kg",
    "image": "https://www.jumbo.com/dam-images/fit-in/360x360/Products/03072025_1751508088588_1751508110710_419417_PAK_07613039850909_C1N1_s02.png",
    "available": true,
    "promoUntil": null
  },
  {
    "id": "191037ZK",
    "title": "Brood van Soma Haverkorn Volkoren Meergranenbrood 400 g",
    "category": "Brood en gebak",
    "price": 2.39,
    "promoPrice": null,
    "pricePerUnit": "5.98 kg",
    "image": "https://www.jumbo.com/dam-images/fit-in/360x360/Products/08072025_1751937347587_1751937350689_191037_ZK_08710899020394_C1N1.png",
    "available": true,
    "promoUntil": null
  },
  {
    "id": "624945ZK",
    "title": "Kwekkeboom Oven & Airfryer Borrelmix Hapjes 260 g",
    "category": "Diepvries",
    "price": 5.49,
    "promoPrice": null,
    "pricePerUnit": "21.12 kg",
    "image": "https://www.jumbo.com/dam-images/fit-in/360x360/Products/17062024_1718634977499_1718634987725_8719009381813_1.png",
    "available": true,
    "promoUntil": null
  },
  {
    "id": "192009STK",
    "title": "Duyvis Pinda's Teriyaki Gemarineerd 225 g",
    "category": "Koek, snoep, chocolade en chips",
    "price": 2.39,
    "promoPrice": null,
    "pricePerUnit": "10.62 kg",
    "image": "https://www.jumbo.com/dam-images/fit-in/360x360/Products/27032025_1743082410628_1743082416349_8710398156624_1.png",
    "available": true,
    "promoUntil": null
  },
  {
    "id": "419904ZK",
    "title": "Perfect Fit - Adult - Kattenbrokken - Kip - 1,4kg",
    "category": "Huishouden en dieren",
    "price": 9.29,
    "promoPrice": null,
    "pricePerUnit": "6.64 kg",
    "image": "https://www.jumbo.com/dam-images/fit-in/360x360/Products/09082023_1691594089702_1691594103347_5900951307591_596.png",
    "available": true,
    "promoUntil": null
  },
  {
    "id": "418477CUP",
    "title": "Magnum Pint IJs Gold Caramel Billionaire 440ml",
    "category": "Diepvries",
    "price": 6.99,
    "promoPrice": null,
    "pricePerUnit": "15.89 l",
    "image": "https://www.jumbo.com/dam-images/fit-in/360x360/Products/01092025_1756722868057_1756722872105_8711327480438_1.png",
    "available": true,
    "promoUntil": null
  },
  {
    "id": "656309ZK",
    "title": "Jumbo Aardappelen Krieltjes 500 g",
    "category": "Aardappelen, groente en fruit",
    "price": 1.99,
    "promoPrice": null,
    "pricePerUnit": "3.98 kg",
    "image": "https://www.jumbo.com/dam-images/fit-in/360x360/Products/12092025_1757684030877_1757684039179_8718452499250_1.png",
    "available": true,
    "promoUntil": null
  },
  {
    "id": "646194ZK",
    "title": "Jumbo's Burrito Kruidenmix 15 g",
    "category": "Wereldkeukens, kruiden, pasta en rijst",
    "price": 0.58,
    "promoPrice": null,
    "pricePerUnit": "38.67 kg",
    "image": "https://www.jumbo.com/dam-images/fit-in/360x360/Products/26092024_1727361164326_1727361170097_8718452861125_1.png",
    "available": true,
    "promoUntil": null
  },
  {
    "id": "442265ZK",
    "title": "Go-Tan Kroepoek naturel ASC 70g",
    "category": "Wereldkeukens, kruiden, pasta en rijst",
    "price": 1.57,
    "promoPrice": null,
    "pricePerUnit": "22.43 kg",
    "image": "https://www.jumbo.com/dam-images/fit-in/360x360/Products/28032025_1743157976764_1743157985652_8710605046403_1.png",
    "available": true,
    "promoUntil": null
  },
  {
    "id": "432189FLS",
    "title": "NIVEA MEN Energy Douchegel - 500ml - 3-in-1 shower gel met mintextract - Shampoo - Voor lichaam, gezicht en haar",
    "category": "Drogisterij en baby",
    "price": 8.99,
    "promoPrice": null,
    "pricePerUnit": "17.98 l",
    "image": "https://www.jumbo.com/dam-images/fit-in/360x360/Products/21082025_1755790436710_1755790440391_4005808130146_1.png",
    "available": true,
    "promoUntil": null
  },
  {
    "id": "675816BAK",
    "title": "Kraakman Weespermoppen 13 Stuks",
    "category": "Koek, snoep, chocolade en chips",
    "price": 3.49,
    "promoPrice": null,
    "pricePerUnit": "0.27 pieces",
    "image": "https://www.jumbo.com/dam-images/fit-in/360x360/Products/05032025_1741188768491_1741188777082_8716415111263_1.png",
    "available": true,
    "promoUntil": null
  },
  {
    "id": "664472FLS",
    "title": "Jumbo Vers Sap Appel, Aardbei & Kers 500ML",
    "category": "Aardappelen, groente en fruit",
    "price": 2.59,
    "promoPrice": null,
    "pricePerUnit": "5.18 l",
    "image": "https://www.jumbo.com/dam-images/fit-in/360x360/Products/06012025_1736181228746_1736181232760_8718452880317_1.png",
    "available": true,
    "promoUntil": null
  },
  {
    "id": "641015KGR",
    "title": "Jumbo Roasted Pork Flinterdun ca. 110 g",
    "category": "Vleeswaren, kaas en tapas",
    "price": 3.41,
    "promoPrice": null,
    "pricePerUnit": "31.0 kg",
    "image": "https://www.jumbo.com/dam-images/fit-in/360x360/Products/04072025_1751617997335_1751618003675_2378648000000_1.png",
    "available": true,
    "promoUntil": null
  },
  {
    "id": "215403STK",
    "title": "Smint Clean Breath Peppermint Suikervrij Pot 150 stuks",
    "category": "Koek, snoep, chocolade en chips",
    "price": 6.43,
    "promoPrice": null,
    "pricePerUnit": "61.24 kg",
    "image": "https://www.jumbo.com/dam-images/fit-in/360x360/Products/07072025_1751902634116_1751902639597_8410031966817_1.png",
    "available": true,
    "promoUntil": null
  },
  {
    "id": "589344ZK",
    "title": "Jumbo Krokante Thaise Stijl Mix 225 g",
    "category": "Koek, snoep, chocolade en chips",
    "price": 2.59,
    "promoPrice": null,
    "pricePerUnit": "11.51 kg",
    "image": "https://www.jumbo.com/dam-images/fit-in/360x360/Products/03082024_1722650327759_1722650344518_589344_ZK_08718452741786_C1N1.png",
    "available": true,
    "promoUntil": null
  },
  {
    "id": "439133FLS",
    "title": "Mr Muscle Power Gel Ontstopper",
    "category": "Huishouden en dieren",
    "price": 3.09,
    "promoPrice": null,
    "pricePerUnit": "6.18 l",
    "image": "https://www.jumbo.com/dam-images/fit-in/360x360/Products/02012024_1704209643284_1704209649423_5000204016109_1.png",
    "available": true,
    "promoUntil": null
  },
  {
    "id": "678389STK",
    "title": "HEMA Plakstiften 20g 2 Stuks",
    "category": "Non-food en servicebalie",
    "price": 1.89,
    "promoPrice": null,
    "pricePerUnit": "0.95 pieces",
    "image": "https://www.jumbo.com/dam-images/fit-in/360x360/Products/06022025_1738859065701_1738859068647_678389_STK_08720354882832_C1N1.png",
    "available": true,
    "promoUntil": null
  },
  {
    "id": "528891BLS",
    "title": "Colgate Caries Protection Tandpasta Voordeelverpakking 4 x 75 ml",
    "category": "Drogisterij en baby",
    "price": 7.49,
    "promoPrice": null,
    "pricePerUnit": "24.97 l",
    "image": "https://www.jumbo.com/dam-images/fit-in/360x360/Products/16082024_1723774715671_1723774721495_528891_BLS_08718951370685_C1N1.png",
    "available": true,
    "promoUntil": null
  },
  {
    "id": "619533CUP",
    "title": "Ben & Jerry's Ijs Non-Dairy Cookies on Cookie Dough 465 ml",
    "category": "Diepvries",
    "price": 7.69,
    "promoPrice": null,
    "pricePerUnit": "16.54 l",
    "image": "https://www.jumbo.com/dam-images/fit-in/360x360/Products/15072025_1752577909494_1752577915333_619533_CUP_08711327626386_H1N1.png",
    "available": true,
    "promoUntil": null
  },
  {
    "id": "580753STK",
    "title": "Jumbo Microvezeldoekjes 3 Stuks",
    "category": "Huishouden en dieren",
    "price": 2.49,
    "promoPrice": null,
    "pricePerUnit": "0.83 pieces",
    "image": "https://www.jumbo.com/dam-images/fit-in/360x360/Products/14052025_1747215232033_1747215237511_8718452699582_1.png",
    "available": true,
    "promoUntil": null
  },
  {
    "id": "154893DS",
    "title": "Jumbo Hondenkoekjes Botjes 500g",
    "category": "Huishouden en dieren",
    "price": 0.99,
    "promoPrice": null,
    "pricePerUnit": "1.98 kg",
    "image": "https://www.jumbo.com/dam-images/fit-in/360x360/Products/29092023_1695995269758_1695995277019_8718452549382_1.png",
    "available": true,
    "promoUntil": null
  },
  {
    "id": "683382BUS",
    "title": "AXE Fine Fragrance Collection Premium Deodorant Bodyspray Cherry Fizz 150 ml",
    "category": "Drogisterij en baby",
    "price": 8.49,
    "promoPrice": null,
    "pricePerUnit": "56.6 l",
    "image": "https://www.jumbo.com/dam-images/fit-in/360x360/Products/19032025_1742350170935_1742350186551_683382_BUS_08720181555626_H1N1.png",
    "available": true,
    "promoUntil": null
  },
  {
    "id": "599969BAK",
    "title": "Surimi Salade 250 g",
    "category": "Vleeswaren, kaas en tapas",
    "price": 1.91,
    "promoPrice": null,
    "pricePerUnit": "7.64 kg",
    "image": "https://www.jumbo.com/dam-images/fit-in/360x360/Products/26012024_1706265244095_1706265254494_8710948371637_1.png",
    "available": true,
    "promoUntil": null
  },
  {
    "id": "172404POT",
    "title": "Olvarit 12+ Maanden Spinazie Kip Aardappel 250g",
    "category": "Drogisterij en baby",
    "price": 1.73,
    "promoPrice": null,
    "pricePerUnit": "6.92 kg",
    "image": "https://www.jumbo.com/dam-images/fit-in/360x360/Products/10112023_1699608792401_1699608812322_5900852926532_1.png",
    "available": true,
    "promoUntil": null
  },
  {
    "id": "237949STK",
    "title": "Verstegen Koriander Gemalen 33 g",
    "category": "Wereldkeukens, kruiden, pasta en rijst",
    "price": 3.09,
    "promoPrice": null,
    "pricePerUnit": "93.64 kg",
    "image": "https://www.jumbo.com/dam-images/fit-in/360x360/Products/30082024_1724984489048_1724984492849_237949_STK_08712200067562_C1N1.png",
    "available": true,
    "promoUntil": null
  },
  {
    "id": "647339BLS",
    "title": "Ambi Pur 24h Fresh & Clean Fresh Water & Mint 5in1 55 ml",
    "category": "Huishouden en dieren",
    "price": 2.99,
    "promoPrice": null,
    "pricePerUnit": "54.36 l",
    "image": "https://www.jumbo.com/dam-images/fit-in/360x360/Products/26082024_1724658768942_1724658772145_647339_BLS_08435495816355_C1N1.png",
    "available": true,
    "promoUntil": null
  },
  {
    "id": "677506BLS",
    "title": "Saridon tabletten tegen hoofd- en spierpijn, 20 stuks",
    "category": "Drogisterij en baby",
    "price": 4.19,
    "promoPrice": null,
    "pricePerUnit": "0.21 pieces",
    "image": "https://www.jumbo.com/dam-images/fit-in/360x360/Products/23052025_1747958434238_1747958438457_8713091022272_1.png",
    "available": true,
    "promoUntil": null
  },
  {
    "id": "617464ZK",
    "title": "Galbani Mozza Tris Voordeelverpakking 300g",
    "category": "Vleeswaren, kaas en tapas",
    "price": 3.99,
    "promoPrice": null,
    "pricePerUnit": "13.3 kg",
    "image": "https://www.jumbo.com/dam-images/fit-in/360x360/Products/25032024_1711381633505_1711381638496_8000430135770_1.png",
    "available": true,
    "promoUntil": null
  },
  {
    "id": "136897FLS",
    "title": "St. Michael - Riesling Nahe - 750 ML",
    "category": "Bier en wijn",
    "price": 4.99,
    "promoPrice": 3.99,
    "pricePerUnit": "5.32 l",
    "image": "https://www.jumbo.com/dam-images/fit-in/360x360/Products/29082025_1756429321932_1756429326706_136897_FLS_04006975181443_C1N1.png",
    "available": true,
    "promoUntil": "di 7 okt"
  },
  {
    "id": "218388STK",
    "title": "Jumbo Snack Kip Kluifjes 100 g",
    "category": "Huishouden en dieren",
    "price": 2.47,
    "promoPrice": null,
    "pricePerUnit": "24.7 kg",
    "image": "https://www.jumbo.com/dam-images/fit-in/360x360/Products/17032025_1742229208329_1742229216152_8718452584017_1.png",
    "available": true,
    "promoUntil": null
  },
  {
    "id": "519512DS",
    "title": "Olvarit Knijpfruit Banaan Kiwi Aardbei 12+ Maanden 4 x 100 g",
    "category": "Drogisterij en baby",
    "price": 4.45,
    "promoPrice": null,
    "pricePerUnit": "11.13 kg",
    "image": "https://www.jumbo.com/dam-images/fit-in/360x360/Products/10082023_1691677711114_1691677717369_5900852060922_1.png",
    "available": true,
    "promoUntil": null
  },
  {
    "id": "341656PAK",
    "title": "Healthy People Blauwe Bosbes en Framboos 1L",
    "category": "Frisdrank en sappen",
    "price": 3.19,
    "promoPrice": null,
    "pricePerUnit": "3.19 l",
    "image": "https://www.jumbo.com/dam-images/fit-in/360x360/Products/04092025_1756996410800_1756996417698_8717677035069_1.png",
    "available": true,
    "promoUntil": null
  },
  {
    "id": "640421FLS",
    "title": "HG laminaat, vinyl en PVC reiniger 1L",
    "category": "Huishouden en dieren",
    "price": 9.29,
    "promoPrice": null,
    "pricePerUnit": "9.29 l",
    "image": "https://www.jumbo.com/dam-images/fit-in/360x360/Products/16072024_1721109457908_1721109463387_640421_FLS_08711577190521_C1N1.png",
    "available": true,
    "promoUntil": null
  },
  {
    "id": "513263DS",
    "title": "Lassie Meer Noten rijst 250 g",
    "category": "Wereldkeukens, kruiden, pasta en rijst",
    "price": 2.37,
    "promoPrice": null,
    "pricePerUnit": "9.48 kg",
    "image": "https://www.jumbo.com/dam-images/fit-in/360x360/Products/10052024_1715304208559_1715304214025_513263_DS_08718781601751_H1N1.png",
    "available": true,
    "promoUntil": null
  },
  {
    "id": "572633ZK",
    "title": "Jumbo Olijf Notenmix Gezouten 200 g",
    "category": "Koek, snoep, chocolade en chips",
    "price": 2.69,
    "promoPrice": null,
    "pricePerUnit": "13.45 kg",
    "image": "https://www.jumbo.com/dam-images/fit-in/360x360/Products/14022024_1707872953976_1707872959305_8718452724819_1.png",
    "available": true,
    "promoUntil": null
  },
  {
    "id": "652385BUS",
    "title": "Pringles Pittig Gekruid 165 g",
    "category": "Koek, snoep, chocolade en chips",
    "price": 2.69,
    "promoPrice": null,
    "pricePerUnit": "16.3 kg",
    "image": "https://www.jumbo.com/dam-images/fit-in/360x360/Products/17092025_1758073774417_1758073781739_652385_BUS_.png",
    "available": true,
    "promoUntil": null
  },
  {
    "id": "134893DSL",
    "title": "Gato Negro - Chardonnay 6 x 750 ml",
    "category": "Bier en wijn",
    "price": 31.74,
    "promoPrice": null,
    "pricePerUnit": "7.05 l",
    "image": "https://www.jumbo.com/dam-images/fit-in/360x360/Products/134893DSL-1692282842069.png",
    "available": true,
    "promoUntil": null
  },
  {
    "id": "25520BAK",
    "title": "Go-Tan Gebakken Uitjes 100 g",
    "category": "Wereldkeukens, kruiden, pasta en rijst",
    "price": 1.23,
    "promoPrice": null,
    "pricePerUnit": "12.3 kg",
    "image": "https://www.jumbo.com/dam-images/fit-in/360x360/Products/05092023_1693884573173_1693884577182_25520_BAK_08710605030938_C1N1.png",
    "available": true,
    "promoUntil": null
  },
  {
    "id": "622863ZK",
    "title": "Jumbo Slagroom Truffels 150 g",
    "category": "Koek, snoep, chocolade en chips",
    "price": 3.49,
    "promoPrice": null,
    "pricePerUnit": "23.27 kg",
    "image": "https://www.jumbo.com/dam-images/fit-in/360x360/Products/20062024_1718894210282_1718894216506_8718452806676_1.png",
    "available": true,
    "promoUntil": null
  },
  {
    "id": "623203FLS",
    "title": "innocent super smoothie blueberry antioxidant 300ml",
    "category": "Frisdrank en sappen",
    "price": 2.79,
    "promoPrice": null,
    "pricePerUnit": "9.3 l",
    "image": "https://www.jumbo.com/dam-images/fit-in/360x360/Products/11042025_1744356786044_1744356789290_5038862005098_1.png",
    "available": true,
    "promoUntil": null
  },
  {
    "id": "645664DS",
    "title": "Honig Spaghetti Vlugkokend 500g",
    "category": "Wereldkeukens, kruiden, pasta en rijst",
    "price": 1.97,
    "promoPrice": null,
    "pricePerUnit": "3.94 kg",
    "image": "https://www.jumbo.com/dam-images/fit-in/360x360/Products/18072025_1752806603900_1752806606316_645664_DS_08715700126463_C1N1.png",
    "available": true,
    "promoUntil": null
  },
  {
    "id": "933031ZK",
    "title": "Grand'Italia Spaghetti all'Uovo 500 g",
    "category": "Wereldkeukens, kruiden, pasta en rijst",
    "price": 2.0,
    "promoPrice": null,
    "pricePerUnit": "4.0 kg",
    "image": "https://www.jumbo.com/dam-images/fit-in/360x360/Products/25052024_1716605123829_1716605126258_933031_ZK_08000050328101_H1N1_R.png",
    "available": true,
    "promoUntil": null
  },
  {
    "id": "130161PAK",
    "title": "Chocolate Cookies 8 Stuks 200 g",
    "category": "Koek, snoep, chocolade en chips",
    "price": 1.68,
    "promoPrice": null,
    "pricePerUnit": "8.4 kg",
    "image": "https://www.jumbo.com/dam-images/fit-in/360x360/Products/29092023_1695994870909_1695994875528_8718452181339_1.png",
    "available": true,
    "promoUntil": null
  },
  {
    "id": "366777TRA",
    "title": "Grand'Italia Mini Gnocchi di Patate 500 g",
    "category": "Wereldkeukens, kruiden, pasta en rijst",
    "price": 2.66,
    "promoPrice": null,
    "pricePerUnit": "5.32 kg",
    "image": "https://www.jumbo.com/dam-images/fit-in/360x360/Products/09042025_1744161702886_1744161706049_366777_TRA_08000050027080_H1N1.png",
    "available": true,
    "promoUntil": null
  },
  {
    "id": "667115STK",
    "title": "HEMA Geurstokjes Dawn 100ML",
    "category": "Non-food en servicebalie",
    "price": 9.99,
    "promoPrice": null,
    "pricePerUnit": "99.9 l",
    "image": "https://www.jumbo.com/dam-images/fit-in/360x360/Products/03122024_1733226722597_1733226727682_667115_STK_08720354495131_C1N1.png",
    "available": true,
    "promoUntil": null
  },
  {
    "id": "498584ZK",
    "title": "Katja Zoo Mix 255 g",
    "category": "Koek, snoep, chocolade en chips",
    "price": 2.49,
    "promoPrice": null,
    "pricePerUnit": "9.76 kg",
    "image": "https://www.jumbo.com/dam-images/fit-in/360x360/Products/24072024_1721785565951_1721785573141_498584_ZK_08716100235472_C1N1.png",
    "available": true,
    "promoUntil": null
  },
  {
    "id": "79401ZK",
    "title": "Milka Chocoladereep Choco-Biscuit 100 g",
    "category": "Koek, snoep, chocolade en chips",
    "price": 1.87,
    "promoPrice": null,
    "pricePerUnit": "18.7 kg",
    "image": "https://www.jumbo.com/dam-images/fit-in/360x360/Products/05082025_1754408011959_1754408019408_7622400005176_596.png",
    "available": true,
    "promoUntil": null
  },
  {
    "id": "444635FLS",
    "title": "Peak Valley - Shiraz - 750ML",
    "category": "Bier en wijn",
    "price": 3.75,
    "promoPrice": null,
    "pricePerUnit": "5.0 l",
    "image": "https://www.jumbo.com/dam-images/fit-in/360x360/Products/24042024_1713943988793_1713943992426_4041584005209_1.png",
    "available": true,
    "promoUntil": null
  },
  {
    "id": "451012STK",
    "title": "Panadol Plus gladde, pijnstillende tabletten 500 mg/ 65 mg, 48 stuks",
    "category": "Drogisterij en baby",
    "price": 6.99,
    "promoPrice": null,
    "pricePerUnit": "0.15 pieces",
    "image": "https://www.jumbo.com/dam-images/fit-in/360x360/Products/30072025_1753833655744_1753833664874_8710464105587_1.png",
    "available": true,
    "promoUntil": null
  },
  {
    "id": "299044FLS",
    "title": "Grand Vin - Pauillac - Cabernet Sauvignon - Merlot - 750ML",
    "category": "Bier en wijn",
    "price": 27.49,
    "promoPrice": null,
    "pricePerUnit": "36.65 l",
    "image": "https://www.jumbo.com/dam-images/fit-in/360x360/Products/09082023_1691587589816_1691587594662_3251091702169_1.png",
    "available": true,
    "promoUntil": null
  },
  {
    "id": "677568DS",
    "title": "Pampers Premium Protection Maat 2, 23 Luiers",
    "category": "Drogisterij en baby",
    "price": 9.99,
    "promoPrice": null,
    "pricePerUnit": "0.43 pieces",
    "image": "https://www.jumbo.com/dam-images/fit-in/360x360/Products/14082025_1755196423079_1755196428501_8700216664950_1.png",
    "available": true,
    "promoUntil": null
  },
  {
    "id": "709229BLK",
    "title": "Sisi No Bubbles Orange Zero Sugar 150ML",
    "category": "Frisdrank en sappen",
    "price": 0.59,
    "promoPrice": null,
    "pricePerUnit": "3.93 l",
    "image": "https://www.jumbo.com/dam-images/fit-in/360x360/Products/17072025_1752753547605_1752753558964_709229_BLK_08715600248067_C1N1.png",
    "available": true,
    "promoUntil": null
  },
  {
    "id": "524911PAK",
    "title": "Jumbo 3 Dreumesmelk 12 Maanden 2 x 400 g",
    "category": "Drogisterij en baby",
    "price": 8.9,
    "promoPrice": null,
    "pricePerUnit": "11.13 kg",
    "image": "https://www.jumbo.com/dam-images/fit-in/360x360/Products/01082024_1722522799347_1722522804308_8718452690121_1.png",
    "available": true,
    "promoUntil": null
  },
  {
    "id": "580419ZK",
    "title": "Klene Zoete Dropmix 270g",
    "category": "Koek, snoep, chocolade en chips",
    "price": 3.19,
    "promoPrice": null,
    "pricePerUnit": "11.81 kg",
    "image": "https://www.jumbo.com/dam-images/fit-in/360x360/Products/07072025_1751902620563_1751902626378_8723400824695_1.png",
    "available": true,
    "promoUntil": null
  },
  {
    "id": "587133DS",
    "title": "Duca Oven & Airfryer Karaage Crispy Chicken Bites Japanese Style 8 Stuks 240 g",
    "category": "Diepvries",
    "price": 4.39,
    "promoPrice": null,
    "pricePerUnit": "18.29 kg",
    "image": "https://www.jumbo.com/dam-images/fit-in/360x360/Products/20092025_1758335293212_1758335309671_587133_DS_08717774020883_C1N1.png",
    "available": true,
    "promoUntil": null
  },
  {
    "id": "195254DSL",
    "title": "Alpaca - Chardonnay - Semillón - 750ML",
    "category": "Bier en wijn",
    "price": 28.74,
    "promoPrice": null,
    "pricePerUnit": "6.39 l",
    "image": "https://www.jumbo.com/dam-images/fit-in/360x360/Products/195254DSL-1692282946411.png",
    "available": true,
    "promoUntil": null
  },
  {
    "id": "136769ZK",
    "title": "Werther's Original Roomsnoepjes Caramel & Crème Zak, 150 gram",
    "category": "Koek, snoep, chocolade en chips",
    "price": 1.95,
    "promoPrice": null,
    "pricePerUnit": "13.0 kg",
    "image": "https://www.jumbo.com/dam-images/fit-in/360x360/Products/16012024_1705419366375_1705419382147_4014400919400_1.png",
    "available": true,
    "promoUntil": null
  },
  {
    "id": "215510ZK",
    "title": "Jan Portie Poffertjes 12 Stuks 100 g",
    "category": "Verse maaltijden en gemak",
    "price": 1.39,
    "promoPrice": null,
    "pricePerUnit": "13.9 kg",
    "image": "https://www.jumbo.com/dam-images/fit-in/360x360/Products/30012025_1738236769667_1738236775065_8712941330451_1.png",
    "available": true,
    "promoUntil": null
  },
  {
    "id": "343913ZK",
    "title": "Jumbo Wokgroenten Oosters 250 g",
    "category": "Aardappelen, groente en fruit",
    "price": 1.99,
    "promoPrice": null,
    "pricePerUnit": "7.96 kg",
    "image": "https://www.jumbo.com/dam-images/fit-in/360x360/Products/29072024_1722270917500_1722270929312_8718452795284_1.png",
    "available": true,
    "promoUntil": null
  },
  {
    "id": "694185FLS",
    "title": "Tropicana Apple Pink Lady 1L",
    "category": "Frisdrank en sappen",
    "price": 3.99,
    "promoPrice": null,
    "pricePerUnit": "3.99 l",
    "image": "https://www.jumbo.com/dam-images/fit-in/360x360/Products/17042025_1744865695368_1744865698375_694185_FLS_01210002012393_C1N1.png",
    "available": true,
    "promoUntil": null
  },
  {
    "id": "577083ZK",
    "title": "Jumbo Gezouten Borrelmix Asian Style 275 g",
    "category": "Koek, snoep, chocolade en chips",
    "price": 3.19,
    "promoPrice": null,
    "pricePerUnit": "11.6 kg",
    "image": "https://www.jumbo.com/dam-images/fit-in/360x360/Products/14022024_1707873701571_1707873707475_8718452742080_1.png",
    "available": true,
    "promoUntil": null
  },
  {
    "id": "687208FLS",
    "title": "Vanish Tough Stain Powergel 200ML",
    "category": "Huishouden en dieren",
    "price": 5.49,
    "promoPrice": null,
    "pricePerUnit": "27.45 l",
    "image": "https://www.jumbo.com/dam-images/fit-in/360x360/Products/22072025_1753147664698_1753147671801_687208_FLS_08720065015666_C1N1.png",
    "available": true,
    "promoUntil": null
  },
  {
    "id": "200821STK",
    "title": "Hollandia Kaas Rolletjes 135 g",
    "category": "Koek, snoep, chocolade en chips",
    "price": 1.87,
    "promoPrice": null,
    "pricePerUnit": "13.85 kg",
    "image": "https://www.jumbo.com/dam-images/fit-in/360x360/Products/26062025_1750902714291_1750902721980_200821_STK_08710738600107_C1N1.png",
    "available": true,
    "promoUntil": null
  },
  {
    "id": "642063DS",
    "title": "HG Mierenlokdoos Binnen En Buiten 2 Stuks",
    "category": "Non-food en servicebalie",
    "price": 8.79,
    "promoPrice": null,
    "pricePerUnit": "4.4 pieces",
    "image": "https://www.jumbo.com/dam-images/fit-in/360x360/Products/25072024_1721885907134_1721885910995_642063_DS_08711577301903_C1N1.png",
    "available": true,
    "promoUntil": null
  },
  {
    "id": "414429BAK",
    "title": "Jumbo Noedels Gele Curry 260 g",
    "category": "Verse maaltijden en gemak",
    "price": 3.59,
    "promoPrice": null,
    "pricePerUnit": "13.81 kg",
    "image": "https://www.jumbo.com/dam-images/fit-in/360x360/Products/29092023_1695996275110_1695996280907_8718452674572_1.png",
    "available": true,
    "promoUntil": null
  },
  {
    "id": "661176ZK",
    "title": "Nutella Gevulde Biscuits 14 Stuks",
    "category": "Koek, snoep, chocolade en chips",
    "price": 3.36,
    "promoPrice": null,
    "pricePerUnit": "17.41 kg",
    "image": "https://www.jumbo.com/dam-images/fit-in/360x360/Products/15012025_1736933667355_1736933674007_8000500390306_1.png",
    "available": true,
    "promoUntil": null
  },
  {
    "id": "555511FLS",
    "title": "Ô – Ventoux – Rose – 750ML",
    "category": "Bier en wijn",
    "price": 7.99,
    "promoPrice": null,
    "pricePerUnit": "10.65 l",
    "image": "https://www.jumbo.com/dam-images/fit-in/360x360/Products/29082023_1693319705448_1693319707246_3302930005467_1.png",
    "available": true,
    "promoUntil": null
  },
  {
    "id": "237954STK",
    "title": "Verstegen Nootmuskaat Gemalen 40 g",
    "category": "Wereldkeukens, kruiden, pasta en rijst",
    "price": 4.37,
    "promoPrice": null,
    "pricePerUnit": "109.25 kg",
    "image": "https://www.jumbo.com/dam-images/fit-in/360x360/Products/14022024_1707873432717_1707873437466_8712200088529_1.png",
    "available": true,
    "promoUntil": null
  },
  {
    "id": "208333FLS",
    "title": "TerraPura - Single Vineyard - Red Blend - 750 ML",
    "category": "Bier en wijn",
    "price": 8.49,
    "promoPrice": null,
    "pricePerUnit": "11.32 l",
    "image": "https://www.jumbo.com/dam-images/fit-in/360x360/Products/09082023_1691586973103_1691586977027_7804616090614_1.png",
    "available": true,
    "promoUntil": null
  },
  {
    "id": "374696KGR",
    "title": "Jumbo Bio Roompaté ca. 140 g",
    "category": "Vleeswaren, kaas en tapas",
    "price": 2.96,
    "promoPrice": null,
    "pricePerUnit": "21.18 kg",
    "image": "https://www.jumbo.com/dam-images/fit-in/360x360/Products/09092025_1757421313791_1757421320364_2333445000000_1.png",
    "available": true,
    "promoUntil": null
  },
  {
    "id": "654382TRA",
    "title": "Jumbo Loempia Kip 400 g",
    "category": "Verse maaltijden en gemak",
    "price": 4.25,
    "promoPrice": null,
    "pricePerUnit": "10.63 kg",
    "image": "https://www.jumbo.com/dam-images/fit-in/360x360/Products/12122024_1734014904693_1734014915632_8718452838325_1.png",
    "available": true,
    "promoUntil": null
  },
  {
    "id": "128692ZK",
    "title": "11er Spek Rösti 350 g",
    "category": "Diepvries",
    "price": 3.19,
    "promoPrice": null,
    "pricePerUnit": "9.11 kg",
    "image": "https://www.jumbo.com/dam-images/fit-in/360x360/Products/24092025_1758676314268_1758676316253_128692_ZK_09001442221900_A1N1.png",
    "available": true,
    "promoUntil": null
  },
  {
    "id": "608048FLS",
    "title": "Pepsi Zero Sugar 0,5 L",
    "category": "Frisdrank en sappen",
    "price": 1.59,
    "promoPrice": null,
    "pricePerUnit": "3.18 l",
    "image": "https://www.jumbo.com/dam-images/fit-in/360x360/Products/25032024_1711381637154_1711381642336_8715600249002_596.png",
    "available": true,
    "promoUntil": null
  },
  {
    "id": "611039TUB",
    "title": "Oral-B Express Whitening Tandpasta 75ml",
    "category": "Drogisterij en baby",
    "price": 5.49,
    "promoPrice": null,
    "pricePerUnit": "73.2 l",
    "image": "https://www.jumbo.com/dam-images/fit-in/360x360/Products/18092025_1758155567419_1758155571047_8006540882245_1.png",
    "available": true,
    "promoUntil": null
  },
  {
    "id": "185961STK",
    "title": "Mora Groenten Loempia 175 g",
    "category": "Diepvries",
    "price": 1.99,
    "promoPrice": null,
    "pricePerUnit": "11.37 kg",
    "image": "https://www.jumbo.com/dam-images/fit-in/360x360/Products/185961_8710861994050_1_T1_185961STK1691311155292.png",
    "available": true,
    "promoUntil": null
  },
  {
    "id": "153724BLK",
    "title": "Karvan Cévitam GO Rood Fruit Siroop, 48 ml",
    "category": "Frisdrank en sappen",
    "price": 3.99,
    "promoPrice": null,
    "pricePerUnit": "83.12 l",
    "image": "https://www.jumbo.com/dam-images/fit-in/360x360/Products/17042025_1744856592002_1744856599478_153724_BLK_00000087157666_H1N1.png",
    "available": true,
    "promoUntil": null
  },
  {
    "id": "685900ZK",
    "title": "Jumbo Erwten & Wortelen 450 g",
    "category": "Diepvries",
    "price": 0.98,
    "promoPrice": null,
    "pricePerUnit": "2.18 kg",
    "image": "https://www.jumbo.com/dam-images/fit-in/360x360/Products/16052025_1747387969060_1747387983916_8718452884377_596.png",
    "available": true,
    "promoUntil": null
  },
  {
    "id": "500587STK",
    "title": "Jumbo Mini Spray Floral Green navullingen 2 x 15 ml",
    "category": "Huishouden en dieren",
    "price": 1.79,
    "promoPrice": null,
    "pricePerUnit": "0.06 pieces",
    "image": "https://www.jumbo.com/dam-images/fit-in/360x360/Products/10082023_1691677210879_1691677222741_8718452644650_1.png",
    "available": true,
    "promoUntil": null
  },
  {
    "id": "676473ZK",
    "title": "Red Band Feestmix Zuur 295 g",
    "category": "Koek, snoep, chocolade en chips",
    "price": 2.96,
    "promoPrice": null,
    "pricePerUnit": "10.03 kg",
    "image": "https://www.jumbo.com/dam-images/fit-in/360x360/Products/19032025_1742398391903_1742398401068_8713800256080_1.png",
    "available": true,
    "promoUntil": null
  },
  {
    "id": "190557PAK",
    "title": "Jumbo Gevulde Snack met Rund Snoepjes Anti-Haarbal Volwassen Katten 60 g",
    "category": "Huishouden en dieren",
    "price": 0.96,
    "promoPrice": null,
    "pricePerUnit": "16.0 kg",
    "image": "https://www.jumbo.com/dam-images/fit-in/360x360/Products/18092023_1695058797689_1695058804370_8718452549429_1.png",
    "available": true,
    "promoUntil": null
  },
  {
    "id": "153891PAK",
    "title": "Jumbo Honden Kip Kauwsticks 5 Stuks",
    "category": "Huishouden en dieren",
    "price": 0.74,
    "promoPrice": null,
    "pricePerUnit": "13.45 kg",
    "image": "https://www.jumbo.com/dam-images/fit-in/360x360/Products/10052024_1715351654988_1715351664484_8718452648795_1.png",
    "available": true,
    "promoUntil": null
  },
  {
    "id": "658947DS",
    "title": "Topking KaasTengels Oven & Airfryer Chili Kaas 10 Stuks 150 g",
    "category": "Diepvries",
    "price": 5.49,
    "promoPrice": null,
    "pricePerUnit": "36.6 kg",
    "image": "https://www.jumbo.com/dam-images/fit-in/360x360/Products/20092025_1758337650856_1758337689217_658947_DS_08711103301551_A1N1.png",
    "available": true,
    "promoUntil": null
  },
  {
    "id": "596241FLS",
    "title": "Jumbo Iedere Dag Conditioner 500 ml",
    "category": "Drogisterij en baby",
    "price": 1.99,
    "promoPrice": null,
    "pricePerUnit": "3.98 l",
    "image": "https://www.jumbo.com/dam-images/fit-in/360x360/Products/28032024_1711632849758_1711632854185_8718452775927_1.png",
    "available": true,
    "promoUntil": null
  },
  {
    "id": "675882DS",
    "title": "Ola IJs Twister Mini Tropical 6 x 50 ml",
    "category": "Diepvries",
    "price": 3.19,
    "promoPrice": null,
    "pricePerUnit": "10.63 l",
    "image": "https://www.jumbo.com/dam-images/fit-in/360x360/Products/03042025_1743643279597_1743643313723_675882_DS_08711327626942_H1N1.png",
    "available": true,
    "promoUntil": null
  },
  {
    "id": "406137ZK",
    "title": "SlooOW Bio Organic Crispy Pompoen Broodjes 320 g",
    "category": "Brood en gebak",
    "price": 2.79,
    "promoPrice": null,
    "pricePerUnit": "8.72 kg",
    "image": "https://www.jumbo.com/dam-images/fit-in/360x360/Products/17042025_1744875186268_1744875193457_8718564135459_1.png",
    "available": true,
    "promoUntil": null
  },
  {
    "id": "169865TUB",
    "title": "Jumbo Roomijs Aardbei Vanille 100 g",
    "category": "Diepvries",
    "price": 1.39,
    "promoPrice": null,
    "pricePerUnit": "6.95 l",
    "image": "https://www.jumbo.com/dam-images/fit-in/360x360/Products/05032024_1709652976699_1709652986085_8718452774579_1.png",
    "available": true,
    "promoUntil": null
  },
  {
    "id": "514001BUS",
    "title": "Wella New Wave Ultra Strong Power Hold Gel 200 ML",
    "category": "Drogisterij en baby",
    "price": 4.74,
    "promoPrice": null,
    "pricePerUnit": "23.7 l",
    "image": "https://www.jumbo.com/dam-images/fit-in/360x360/Products/4056800853960NewWaveGelUltraStrongPowerHold5200ml5f4ddeed-a573-4271-aa52-600ae2f34320-1749629488065.png",
    "available": true,
    "promoUntil": null
  },
  {
    "id": "558432POT",
    "title": "Verstegen Laurier 10 g",
    "category": "Wereldkeukens, kruiden, pasta en rijst",
    "price": 4.99,
    "promoPrice": null,
    "pricePerUnit": "499.0 kg",
    "image": "https://www.jumbo.com/dam-images/fit-in/360x360/Products/31082024_1725068320238_1725068324081_558432_POT_08712200945761_C1N1.png",
    "available": true,
    "promoUntil": null
  },
  {
    "id": "558543ZK",
    "title": "Lay's Max Ribbel Chips Zout & Peper 185 gr",
    "category": "Koek, snoep, chocolade en chips",
    "price": 2.39,
    "promoPrice": null,
    "pricePerUnit": "12.92 kg",
    "image": "https://www.jumbo.com/dam-images/fit-in/360x360/Products/26062025_1750926826709_1750926831171_8710398524225_1.png",
    "available": true,
    "promoUntil": null
  },
  {
    "id": "212146STK",
    "title": "Jumbo Verse Zuurkool 500 g",
    "category": "Aardappelen, groente en fruit",
    "price": 1.59,
    "promoPrice": null,
    "pricePerUnit": "3.18 kg",
    "image": "https://www.jumbo.com/dam-images/fit-in/360x360/Products/28112024_1732807996428_1732808001827_8718452798698_1.png",
    "available": true,
    "promoUntil": null
  },
  {
    "id": "670079STK",
    "title": "HEMA Keukendoek Uni Frisblauw",
    "category": "Non-food en servicebalie",
    "price": 2.49,
    "promoPrice": null,
    "pricePerUnit": "2.49 pieces",
    "image": "https://www.jumbo.com/dam-images/fit-in/360x360/Products/10052025_1746840348608_1746840352646_670079_STK_08720354932216_C1N1.png",
    "available": true,
    "promoUntil": null
  },
  {
    "id": "669655DS",
    "title": "Lindemans Authentic Lambic Beer Kriek Flessen 4 x 25 cl",
    "category": "Bier en wijn",
    "price": 8.99,
    "promoPrice": null,
    "pricePerUnit": "8.99 l",
    "image": "https://www.jumbo.com/dam-images/fit-in/360x360/Products/23052025_1748010789427_1748010797056_5411223050621_1.png",
    "available": true,
    "promoUntil": null
  },
  {
    "id": "33043FLS",
    "title": "Tonino - Bianco - 750ML",
    "category": "Bier en wijn",
    "price": 5.99,
    "promoPrice": null,
    "pricePerUnit": "7.99 l",
    "image": "https://www.jumbo.com/dam-images/fit-in/360x360/Products/29102024_1730169440037_1730169442817_33043_FLS_08009720221360_C1N1.png",
    "available": true,
    "promoUntil": null
  },
  {
    "id": "484910FLS",
    "title": "Mezzacorona - Moscato - Giallo - 750ML",
    "category": "Bier en wijn",
    "price": 6.79,
    "promoPrice": null,
    "pricePerUnit": "9.05 l",
    "image": "https://www.jumbo.com/dam-images/fit-in/360x360/Products/09092025_1757379625025_1757379631368_484910_FLS_08004305000101_C1N1.png",
    "available": true,
    "promoUntil": null
  },
  {
    "id": "175817ZK",
    "title": "PURINA® ONE Senior 7+ Rijk aan Kip kattenvoer 800 gr",
    "category": "Huishouden en dieren",
    "price": 6.36,
    "promoPrice": null,
    "pricePerUnit": "7.95 kg",
    "image": "https://www.jumbo.com/dam-images/fit-in/360x360/Products/23092025_1758594072709_1758594105537_175817_ZK_07613035614468_C1N1_s02.png",
    "available": true,
    "promoUntil": null
  },
  {
    "id": "568650ZK",
    "title": "Sportlife Smashmint Suikervrije kauwgom 4 x 18 g",
    "category": "Koek, snoep, chocolade en chips",
    "price": 3.28,
    "promoPrice": null,
    "pricePerUnit": "45.56 kg",
    "image": "https://www.jumbo.com/dam-images/fit-in/360x360/Products/28052025_1748442791639_1748442797150_8711400409233_1.png",
    "available": true,
    "promoUntil": null
  },
  {
    "id": "539057BLK",
    "title": "Warsteiner Premium Beer Blik 500ML",
    "category": "Bier en wijn",
    "price": 1.45,
    "promoPrice": null,
    "pricePerUnit": "2.9 l",
    "image": "https://www.jumbo.com/dam-images/fit-in/360x360/Products/14102024_1728898505341_1728898526896_4000856096413_1.png",
    "available": true,
    "promoUntil": null
  },
  {
    "id": "446643TAS",
    "title": "Noel Fuet met Zwarte Peper 150 g",
    "category": "Vleeswaren, kaas en tapas",
    "price": 3.89,
    "promoPrice": null,
    "pricePerUnit": "25.93 kg",
    "image": "https://www.jumbo.com/dam-images/fit-in/360x360/Products/09082023_1691588857626_1691588860339_8410783139682_1.png",
    "available": true,
    "promoUntil": null
  },
  {
    "id": "707372ZK",
    "title": "Jumbo Amigo's Nacho Cheese 125 g",
    "category": "Koek, snoep, chocolade en chips",
    "price": 0.99,
    "promoPrice": null,
    "pricePerUnit": "7.92 kg",
    "image": "https://www.jumbo.com/dam-images/fit-in/360x360/Products/10072025_1752143626296_1752143640549_8718452897919_596.png",
    "available": true,
    "promoUntil": null
  },
  {
    "id": "701352FLS",
    "title": "Andrélon Shampoo en Conditioner 2-in-1 400 ml",
    "category": "Drogisterij en baby",
    "price": 6.99,
    "promoPrice": null,
    "pricePerUnit": "17.48 l",
    "image": "https://www.jumbo.com/dam-images/fit-in/360x360/Products/11072025_1752244367490_1752244372002_8720181576720_1.png",
    "available": true,
    "promoUntil": null
  },
  {
    "id": "523335FLS",
    "title": "innocent tropical juice 900ml",
    "category": "Frisdrank en sappen",
    "price": 3.69,
    "promoPrice": null,
    "pricePerUnit": "4.1 l",
    "image": "https://www.jumbo.com/dam-images/fit-in/360x360/Products/09042025_1744209189430_1744209196563_5038862134750_1.png",
    "available": true,
    "promoUntil": null
  },
  {
    "id": "477322PAK",
    "title": "Castello Danablu Full Flavoured Salty and Sharp Kaas 125 g",
    "category": "Vleeswaren, kaas en tapas",
    "price": 2.85,
    "promoPrice": null,
    "pricePerUnit": "22.8 kg",
    "image": "https://www.jumbo.com/dam-images/fit-in/360x360/Products/10062025_1749558766382_1749558774406_5760466860499_1.png",
    "available": true,
    "promoUntil": null
  },
  {
    "id": "648973PAK",
    "title": "Jumbo Vochtig Toiletpapier Aloë Vera Voordeelverpakking 80 Stuks",
    "category": "Huishouden en dieren",
    "price": 1.69,
    "promoPrice": null,
    "pricePerUnit": "0.02 pieces",
    "image": "https://www.jumbo.com/dam-images/fit-in/360x360/Products/24092024_1727188368836_1727188380400_8718452849208_596.png",
    "available": true,
    "promoUntil": null
  },
  {
    "id": "405747STK",
    "title": "Swirl Vuilniszakken met Actifresh 20 liter 12 stuks",
    "category": "Huishouden en dieren",
    "price": 2.93,
    "promoPrice": null,
    "pricePerUnit": "0.24 pieces",
    "image": "https://www.jumbo.com/dam-images/fit-in/360x360/Products/17052025_1747449536448_1747449543927_405747_STK_.png",
    "available": true,
    "promoUntil": null
  },
  {
    "id": "533239BLK",
    "title": "Fernandes Super Pineapple 330 ml",
    "category": "Frisdrank en sappen",
    "price": 1.19,
    "promoPrice": null,
    "pricePerUnit": "3.61 l",
    "image": "https://www.jumbo.com/dam-images/fit-in/360x360/Products/21022024_1708522628755_1708522635459_8710642037334_1.png",
    "available": true,
    "promoUntil": null
  },
  {
    "id": "577036STK",
    "title": "Jumbo Goudse Kaas 48+ Jong Portieverpakking 3 Plakken",
    "category": "Vleeswaren, kaas en tapas",
    "price": 1.75,
    "promoPrice": null,
    "pricePerUnit": "23.33 kg",
    "image": "https://www.jumbo.com/dam-images/fit-in/360x360/Products/14022024_1707873572508_1707873577200_8718452765195_1.png",
    "available": true,
    "promoUntil": null
  },
  {
    "id": "714651FLS",
    "title": "Fritz-Kola - Zero Sugar - 330ML",
    "category": "Frisdrank en sappen",
    "price": 1.49,
    "promoPrice": null,
    "pricePerUnit": "4.52 l",
    "image": "https://www.jumbo.com/dam-images/fit-in/360x360/Products/18092023_1695037975258_1695037979396_4260107220022_1.png",
    "available": true,
    "promoUntil": null
  },
  {
    "id": "678429BLS",
    "title": "HEMA Merkstiften Permanent 2 mm 4 Stuks",
    "category": "Non-food en servicebalie",
    "price": 3.19,
    "promoPrice": null,
    "pricePerUnit": "0.8 pieces",
    "image": "https://www.jumbo.com/dam-images/fit-in/360x360/Products/09082023_1691587041453_1691587047802_8713745490860_1.png",
    "available": true,
    "promoUntil": null
  },
  {
    "id": "574143ZK",
    "title": "Bolletje Gemengde Chocolade Kruidnoten 250 g",
    "category": "Koek, snoep, chocolade en chips",
    "price": 3.39,
    "promoPrice": null,
    "pricePerUnit": "13.56 kg",
    "image": "https://www.jumbo.com/dam-images/fit-in/360x360/Products/08092025_1757320408252_1757320412528_8710482534581_1.png",
    "available": true,
    "promoUntil": null
  },
  {
    "id": "648143KGR",
    "title": "Jumbo Gorgonzola Pikant ca. 180 g",
    "category": "Vleeswaren, kaas en tapas",
    "price": 4.04,
    "promoPrice": null,
    "pricePerUnit": "22.45 kg",
    "image": "https://www.jumbo.com/dam-images/fit-in/360x360/Products/09082023_1691587042633_1691587051589_2333454000000_1.png",
    "available": true,
    "promoUntil": null
  },
  {
    "id": "383774ZK",
    "title": "Jumbo Brokkenmix met Tonijn Granen & Groenten 800 g",
    "category": "Huishouden en dieren",
    "price": 3.99,
    "promoPrice": null,
    "pricePerUnit": "4.99 kg",
    "image": "https://www.jumbo.com/dam-images/fit-in/360x360/Products/29092023_1695995100558_1695995108794_8718452476701_1.png",
    "available": true,
    "promoUntil": null
  },
  {
    "id": "273293STK",
    "title": "Conimex Maaltijdmix Bami Kruiden 22 g",
    "category": "Wereldkeukens, kruiden, pasta en rijst",
    "price": 0.93,
    "promoPrice": null,
    "pricePerUnit": "48.95 kg",
    "image": "https://www.jumbo.com/dam-images/fit-in/360x360/Products/13082025_1755049760244_1755049788120_273293_STK_08717163787205_C1N1.png",
    "available": true,
    "promoUntil": null
  },
  {
    "id": "571105ZK",
    "title": "Schär Kaiserbrötchen  Glutenvrij 4 Stuks 240 g",
    "category": "Brood en gebak",
    "price": 3.12,
    "promoPrice": null,
    "pricePerUnit": "13.0 kg",
    "image": "https://www.jumbo.com/dam-images/fit-in/360x360/Products/16092025_1758015247191_1758015253515_8008698038543_1.png",
    "available": true,
    "promoUntil": null
  },
  {
    "id": "300560ZK",
    "title": "Organix Veggie groente sticks 7 maanden",
    "category": "Drogisterij en baby",
    "price": 1.18,
    "promoPrice": null,
    "pricePerUnit": "78.67 kg",
    "image": "https://www.jumbo.com/dam-images/fit-in/360x360/Products/18112024_1731933195701_1731933219471_5024121319129_1.png",
    "available": true,
    "promoUntil": null
  },
  {
    "id": "623169BLK",
    "title": "Air Wick Automatische Luchtverfrisser Lavendel en Eucalyptus 20 ml",
    "category": "Huishouden en dieren",
    "price": 14.99,
    "promoPrice": null,
    "pricePerUnit": "749.5 l",
    "image": "https://www.jumbo.com/dam-images/fit-in/360x360/Products/04092024_1725412747510_1725412753779_623169_BLK_08720065008842_C1N1.png",
    "available": true,
    "promoUntil": null
  },
  {
    "id": "444125FLS",
    "title": "Fruity Juice Feel Good Shot Appel, Citroen & Gember (20%) 100ML",
    "category": "Frisdrank en sappen",
    "price": 1.29,
    "promoPrice": null,
    "pricePerUnit": "12.9 l",
    "image": "https://www.jumbo.com/dam-images/fit-in/360x360/Products/07092023_1694075583041_1694075586699_4006220017657_1.png",
    "available": true,
    "promoUntil": null
  },
  {
    "id": "437446ZK",
    "title": "Bonzo Senior Hondenvoer met Kip en Groenten",
    "category": "Huishouden en dieren",
    "price": 9.89,
    "promoPrice": null,
    "pricePerUnit": "3.3 kg",
    "image": "https://www.jumbo.com/dam-images/fit-in/360x360/Products/23092025_1758597092593_1758597162932_437446_ZK_07613287217820_H1N1_s01.png",
    "available": true,
    "promoUntil": null
  },
  {
    "id": "224279BAK",
    "title": "Jumbo Roomijs Pecan Karamel 500 g",
    "category": "Diepvries",
    "price": 4.59,
    "promoPrice": null,
    "pricePerUnit": "5.1 l",
    "image": "https://www.jumbo.com/dam-images/fit-in/360x360/Products/02042024_1712064910590_1712064921555_8718452774715_1.png",
    "available": true,
    "promoUntil": null
  },
  {
    "id": "692193STK",
    "title": "Sushi Begaru Sushi to Share 363 g",
    "category": "Verse maaltijden en gemak",
    "price": 8.99,
    "promoPrice": null,
    "pricePerUnit": "26.21 kg",
    "image": "https://www.jumbo.com/dam-images/fit-in/360x360/Products/09082023_1691587286868_1691587301244_8715153010081_1.png",
    "available": true,
    "promoUntil": null
  },
  {
    "id": "673442DS",
    "title": "Sonrisa - Bobal Tempranillo - 3L",
    "category": "Bier en wijn",
    "price": 9.99,
    "promoPrice": null,
    "pricePerUnit": "3.33 l",
    "image": "https://www.jumbo.com/dam-images/fit-in/360x360/Products/26032025_1742992387212_1742992393869_8420202008109_1.png",
    "available": true,
    "promoUntil": null
  },
  {
    "id": "454940ZK",
    "title": "Klene Dropliefde Suikervrij 90g",
    "category": "Koek, snoep, chocolade en chips",
    "price": 2.56,
    "promoPrice": null,
    "pricePerUnit": "28.44 kg",
    "image": "https://www.jumbo.com/dam-images/fit-in/360x360/Products/07072025_1751902635996_1751902640142_8723400795186_1.png",
    "available": true,
    "promoUntil": null
  },
  {
    "id": "373686STK",
    "title": "Gaviscon Duo kauwtabletten bij brandend maagzuur, 48 stuks",
    "category": "Drogisterij en baby",
    "price": 14.99,
    "promoPrice": null,
    "pricePerUnit": "0.31 pieces",
    "image": "https://www.jumbo.com/dam-images/fit-in/360x360/Products/24092025_1758672135834_1758672143592_8710552285733_1.png",
    "available": true,
    "promoUntil": null
  },
  {
    "id": "427814FLS",
    "title": "Mateus - Rosé  - 750ML",
    "category": "Bier en wijn",
    "price": 6.49,
    "promoPrice": null,
    "pricePerUnit": "8.65 l",
    "image": "https://www.jumbo.com/dam-images/fit-in/360x360/Products/24042024_1713943988851_1713943991873_5601012011500_1.png",
    "available": true,
    "promoUntil": null
  },
  {
    "id": "139195POT",
    "title": "Faja Lobi Roti Masala Trafasie 360 ml",
    "category": "Wereldkeukens, kruiden, pasta en rijst",
    "price": 2.96,
    "promoPrice": null,
    "pricePerUnit": "8.22 l",
    "image": "https://www.jumbo.com/dam-images/fit-in/360x360/Products/23032024_1711164632734_1711164640485_139195_POT_08712631822204_C1N1.png",
    "available": true,
    "promoUntil": null
  },
  {
    "id": "673340FLS",
    "title": "Jar Tails Pina Colada 120ML",
    "category": "Bier en wijn",
    "price": 2.99,
    "promoPrice": null,
    "pricePerUnit": "24.92 l",
    "image": "https://www.jumbo.com/dam-images/fit-in/360x360/Products/13092025_1757726204564_1757726212921_673340_FLS_08720938655272_C1N1.png",
    "available": true,
    "promoUntil": null
  },
  {
    "id": "169219ZK",
    "title": "Chio Chips Kettle Cooked Sea Salt 150 g",
    "category": "Koek, snoep, chocolade en chips",
    "price": 2.29,
    "promoPrice": null,
    "pricePerUnit": "15.27 kg",
    "image": "https://www.jumbo.com/dam-images/fit-in/360x360/Products/29012025_1738161186380_1738161195708_8710532446345_1.png",
    "available": true,
    "promoUntil": null
  },
  {
    "id": "557360BLK",
    "title": "Jack Daniel's Whiskey & Coca-Cola 330ml",
    "category": "Bier en wijn",
    "price": 2.99,
    "promoPrice": null,
    "pricePerUnit": "9.06 l",
    "image": "https://www.jumbo.com/dam-images/fit-in/360x360/Products/31102023_1698744902088_1698744904366_5449000168481_1.png",
    "available": true,
    "promoUntil": null
  },
  {
    "id": "594289PAK",
    "title": "Amstel Rosé Bier Fles 6 x 300ml",
    "category": "Bier en wijn",
    "price": 7.49,
    "promoPrice": null,
    "pricePerUnit": "4.16 l",
    "image": "https://www.jumbo.com/dam-images/fit-in/360x360/Products/07012025_1736267695126_1736267700156_8712000061418_1.png",
    "available": true,
    "promoUntil": null
  },
  {
    "id": "419412PAK",
    "title": "FELIX® Original Countryside Selectie in Gelei Kattenvoer 12x85g",
    "category": "Huishouden en dieren",
    "price": 5.41,
    "promoPrice": null,
    "pricePerUnit": "5.3 kg",
    "image": "https://www.jumbo.com/dam-images/fit-in/360x360/Products/23092025_1758595246281_1758595283718_419412_PAK_07613039850633_C1N1_s03.png",
    "available": true,
    "promoUntil": null
  },
  {
    "id": "218426STK",
    "title": "Autodrop Total Loss 280 g",
    "category": "Koek, snoep, chocolade en chips",
    "price": 2.81,
    "promoPrice": null,
    "pricePerUnit": "10.04 kg",
    "image": "https://www.jumbo.com/dam-images/fit-in/360x360/Products/21122023_1703129258355_1703129261373_218426_STK_08710452400120_C1N1.png",
    "available": true,
    "promoUntil": null
  },
  {
    "id": "703205ZK",
    "title": "Kotex Maxi Night Time Maandverband 10 Stuks",
    "category": "Drogisterij en baby",
    "price": 1.89,
    "promoPrice": null,
    "pricePerUnit": "0.19 pieces",
    "image": "https://www.jumbo.com/dam-images/fit-in/360x360/Products/18092025_1758161711437_1758161715510_703205_ZK_05029053508863_C1N1.png",
    "available": true,
    "promoUntil": null
  },
  {
    "id": "609265PAK",
    "title": "CoolBest FruitOntbijt Yoghurt Kiwi-Banaan 0,75L",
    "category": "Frisdrank en sappen",
    "price": 1.99,
    "promoPrice": null,
    "pricePerUnit": "2.65 l",
    "image": "https://www.jumbo.com/dam-images/fit-in/360x360/Products/26022025_1740573214895_1740573221980_8720157401544_1.png",
    "available": true,
    "promoUntil": null
  },
  {
    "id": "474231BUS",
    "title": "Rexona Women Advanced Protection Anti-Transpirant Spray Invisible 150 ml",
    "category": "Drogisterij en baby",
    "price": 5.99,
    "promoPrice": null,
    "pricePerUnit": "39.93 l",
    "image": "https://www.jumbo.com/dam-images/fit-in/360x360/Products/27032025_1743043057977_1743043097240_474231_BUS_08720181183775_H1N1.png",
    "available": true,
    "promoUntil": null
  },
  {
    "id": "416200DS",
    "title": "Mora Oven & Airfryer Chili Cheese Bites 240 g",
    "category": "Diepvries",
    "price": 4.79,
    "promoPrice": null,
    "pricePerUnit": "19.96 kg",
    "image": "https://www.jumbo.com/dam-images/fit-in/360x360/Products/10052025_1746845644315_1746845658665_416200_DS_08710861913082_C1N1.png",
    "available": true,
    "promoUntil": null
  },
  {
    "id": "590953DS",
    "title": "Jumbo Melkbiscuits Aardbeiensmaak 6 Stuks",
    "category": "Koek, snoep, chocolade en chips",
    "price": 1.29,
    "promoPrice": null,
    "pricePerUnit": "5.27 kg",
    "image": "https://www.jumbo.com/dam-images/fit-in/360x360/Products/14022024_1707873703112_1707873710218_8718452745081_1.png",
    "available": true,
    "promoUntil": null
  },
  {
    "id": "533422FLS",
    "title": "Marcel’s Green Soap afwasmiddel Sinaasappel & Jasmijn - 500ml",
    "category": "Huishouden en dieren",
    "price": 3.29,
    "promoPrice": null,
    "pricePerUnit": "6.58 l",
    "image": "https://www.jumbo.com/dam-images/fit-in/360x360/Products/31102024_1730345169691_1730345173953_533422_FLS_08719189416114_C1N1.png",
    "available": true,
    "promoUntil": null
  },
  {
    "id": "558598FLS",
    "title": "Bacardi Punch 700ML",
    "category": "Bier en wijn",
    "price": 15.99,
    "promoPrice": null,
    "pricePerUnit": "22.84 l",
    "image": "https://www.jumbo.com/dam-images/fit-in/360x360/Products/21082023_1692582438798_1692582442943_558598_FLS_07610113022528_C1N1.png",
    "available": true,
    "promoUntil": null
  },
  {
    "id": "555553CUP",
    "title": "Kips Vega Tuinkruiden en Bospaddenstoelen Paté 125 g",
    "category": "Vleeswaren, kaas en tapas",
    "price": 2.36,
    "promoPrice": null,
    "pricePerUnit": "18.88 kg",
    "image": "https://www.jumbo.com/dam-images/fit-in/360x360/Products/26022025_1740573213983_1740573221479_8710991004827_1.png",
    "available": true,
    "promoUntil": null
  },
  {
    "id": "339638PAK",
    "title": "Pedigree Jumbone Mini Kauwstaaf - Kip & Lam - Hondensnack - 4 Stuks",
    "category": "Huishouden en dieren",
    "price": 2.56,
    "promoPrice": null,
    "pricePerUnit": "16.0 kg",
    "image": "https://www.jumbo.com/dam-images/fit-in/360x360/Products/25082023_1692927065539_1692927069392_339638_PAK_05998749139585_H1N1.png",
    "available": true,
    "promoUntil": null
  },
  {
    "id": "675424TRA",
    "title": "Verdino Mortadella Pistachio 80 g",
    "category": "Vleeswaren, kaas en tapas",
    "price": 2.99,
    "promoPrice": null,
    "pricePerUnit": "37.38 kg",
    "image": "https://www.jumbo.com/dam-images/fit-in/360x360/Products/12052025_1747012009139_1747012018269_675424_TRA_05941866616477_C1N1.png",
    "available": true,
    "promoUntil": null
  },
  {
    "id": "681207DS",
    "title": "Gillette Venus Smooth Sensitive Voor Vrouwen, 4 Navulmesjes",
    "category": "Drogisterij en baby",
    "price": 16.99,
    "promoPrice": null,
    "pricePerUnit": "4.25 pieces",
    "image": "https://www.jumbo.com/dam-images/fit-in/360x360/Products/05092025_1757039026980_1757039029323_681207_DS_08700216495516_C1N1.png",
    "available": true,
    "promoUntil": null
  },
  {
    "id": "161446STK",
    "title": "Jumbo Tapenade Tricolore 150 g",
    "category": "Vleeswaren, kaas en tapas",
    "price": 2.38,
    "promoPrice": null,
    "pricePerUnit": "15.87 kg",
    "image": "https://www.jumbo.com/dam-images/fit-in/360x360/Products/22122023_1703262905159_1703262917243_8718452757312_1.png",
    "available": true,
    "promoUntil": null
  },
  {
    "id": "674637BLK",
    "title": "Monster Energy Ultra Rosá Drank 500 ml",
    "category": "Frisdrank en sappen",
    "price": 2.29,
    "promoPrice": null,
    "pricePerUnit": "4.58 l",
    "image": "https://www.jumbo.com/dam-images/fit-in/360x360/Products/23012025_1737660807498_1737660811941_5061013942096_1.png",
    "available": true,
    "promoUntil": null
  },
  {
    "id": "283560STK",
    "title": "Jumbo Spaghetti & Macaroni Mix 40 g",
    "category": "Wereldkeukens, kruiden, pasta en rijst",
    "price": 0.79,
    "promoPrice": null,
    "pricePerUnit": "19.75 kg",
    "image": "https://www.jumbo.com/dam-images/fit-in/360x360/Products/09082023_1691585940196_1691585956298_8718452376087_1.png",
    "available": true,
    "promoUntil": null
  },
  {
    "id": "416251DS",
    "title": "Mora Oven & Airfryer Nacho Cheese bites 12 x 23 g",
    "category": "Diepvries",
    "price": 4.79,
    "promoPrice": null,
    "pricePerUnit": "17.36 kg",
    "image": "https://www.jumbo.com/dam-images/fit-in/360x360/Products/14062025_1749866969247_1749866979163_416251_DS_08710861913051_H1N1.png",
    "available": true,
    "promoUntil": null
  },
  {
    "id": "366646KGR",
    "title": "Jumbo Cremepate ca. 75 g",
    "category": "Vleeswaren, kaas en tapas",
    "price": 1.42,
    "promoPrice": null,
    "pricePerUnit": "19.0 kg",
    "image": "https://www.jumbo.com/dam-images/fit-in/360x360/Products/10082023_1691675812958_1691675818282_2333423000000_1.png",
    "available": true,
    "promoUntil": null
  },
  {
    "id": "478693DS",
    "title": "Dr. Oetker Casa di Mama Pizza Hawaii 415 g",
    "category": "Diepvries",
    "price": 4.29,
    "promoPrice": null,
    "pricePerUnit": "10.34 kg",
    "image": "https://www.jumbo.com/dam-images/fit-in/360x360/Products/17042025_1744853256544_1744853265578_478693_DS_04001724041184_C1N1_s02.png",
    "available": true,
    "promoUntil": null
  },
  {
    "id": "33010FLS",
    "title": "Traumgarten - Riesling Kabinett - 750ML",
    "category": "Bier en wijn",
    "price": 4.99,
    "promoPrice": null,
    "pricePerUnit": "6.65 l",
    "image": "https://www.jumbo.com/dam-images/fit-in/360x360/Products/05032025_1741185149831_1741185153741_4006975003622_1.png",
    "available": true,
    "promoUntil": null
  },
  {
    "id": "625102BLK",
    "title": "Oasis Tropical 33 cl",
    "category": "Frisdrank en sappen",
    "price": 1.25,
    "promoPrice": null,
    "pricePerUnit": "3.79 l",
    "image": "https://www.jumbo.com/dam-images/fit-in/360x360/Products/04082025_1754292813237_1754292818691_3124480186560_1.png",
    "available": true,
    "promoUntil": null
  },
  {
    "id": "706635DS",
    "title": "Apetito Maaltijdbox A Glad Gemalen (IDDSI 4) - 7 Verschillende Maaltijden",
    "category": "Diepvries",
    "price": 49.6,
    "promoPrice": null,
    "pricePerUnit": "25.44 kg",
    "image": "https://www.jumbo.com/dam-images/fit-in/360x360/Products/47384winvitalisdinerdoosGladgemalen2400x240037cee918-c4bf-4728-90ef-a20de4deec08-1754577465612.png",
    "available": true,
    "promoUntil": null
  },
  {
    "id": "576073ZK",
    "title": "Jumbo Borrelzoutjes Edamame Rijstcookies 170 g",
    "category": "Koek, snoep, chocolade en chips",
    "price": 2.99,
    "promoPrice": null,
    "pricePerUnit": "17.59 kg",
    "image": "https://www.jumbo.com/dam-images/fit-in/360x360/Products/14022024_1707873433928_1707873439850_8718452707676_1.png",
    "available": true,
    "promoUntil": null
  },
  {
    "id": "614056FLS",
    "title": "Biotex Handwas & Inweek Vloeibaar Wasmiddel 1000 ml",
    "category": "Huishouden en dieren",
    "price": 6.69,
    "promoPrice": null,
    "pricePerUnit": "6.69 l",
    "image": "https://www.jumbo.com/dam-images/fit-in/360x360/Products/11032025_1741660456935_1741660480343_614056_FLS_08720181520679_H1N1.png",
    "available": true,
    "promoUntil": null
  },
  {
    "id": "634824DS",
    "title": "Dr. Oetker Ristorante Piadina Diavola Flatbread 2 stuks",
    "category": "Diepvries",
    "price": 3.99,
    "promoPrice": null,
    "pricePerUnit": "14.25 kg",
    "image": "https://www.jumbo.com/dam-images/fit-in/360x360/Products/22062025_1750556944579_1750556949989_634824_DS_04001724050124_C1N1_s04.png",
    "available": true,
    "promoUntil": null
  },
  {
    "id": "589653ZK",
    "title": "Pampers Harmonie New Baby Doekjes x 46",
    "category": "Drogisterij en baby",
    "price": 3.39,
    "promoPrice": null,
    "pricePerUnit": "0.07 pieces",
    "image": "https://www.jumbo.com/dam-images/fit-in/360x360/Products/05092025_1757037766884_1757037768155_589653_ZK_08006540815885_C1N1.png",
    "available": true,
    "promoUntil": null
  },
  {
    "id": "340550DS",
    "title": "Jumbo Goulashkroketten 4 Stuks",
    "category": "Diepvries",
    "price": 2.19,
    "promoPrice": null,
    "pricePerUnit": "7.82 kg",
    "image": "https://www.jumbo.com/dam-images/fit-in/360x360/Products/07022024_1707327243151_1707327269653_8718452766925_596.png",
    "available": true,
    "promoUntil": null
  },
  {
    "id": "572908ZK",
    "title": "Jumbo Amandel Notenmix Gezouten 200 g",
    "category": "Koek, snoep, chocolade en chips",
    "price": 3.49,
    "promoPrice": null,
    "pricePerUnit": "17.45 kg",
    "image": "https://www.jumbo.com/dam-images/fit-in/360x360/Products/14022024_1707872893086_1707872903675_8718452697953_1.png",
    "available": true,
    "promoUntil": null
  },
  {
    "id": "418594ZK",
    "title": "NIVEA 3-in-1 Verzachtende Reinigingsdoekjes - 25 Stuks",
    "category": "Drogisterij en baby",
    "price": 4.99,
    "promoPrice": null,
    "pricePerUnit": "0.2 pieces",
    "image": "https://www.jumbo.com/dam-images/fit-in/360x360/Products/18082025_1755513198477_1755513201753_4005900777973_1.png",
    "available": true,
    "promoUntil": null
  },
  {
    "id": "568441FLS",
    "title": "Air Wick Geur Neutraliserende Spray - Ochtenddauw & Witte Jasmijn",
    "category": "Huishouden en dieren",
    "price": 3.99,
    "promoPrice": null,
    "pricePerUnit": "16.84 l",
    "image": "https://www.jumbo.com/dam-images/fit-in/360x360/Products/04072025_1751593938112_1751593941024_568441_FLS_03665468301624_C1N1.png",
    "available": true,
    "promoUntil": null
  },
  {
    "id": "602592STK",
    "title": "Jumbo Gezichtsreinigingsdoekjes voor de Gevoelige Huid 30 Stuks",
    "category": "Drogisterij en baby",
    "price": 1.55,
    "promoPrice": null,
    "pricePerUnit": "0.05 pieces",
    "image": "https://www.jumbo.com/dam-images/fit-in/360x360/Products/24062024_1719239779477_1719239792476_8718452778652_596.png",
    "available": true,
    "promoUntil": null
  },
  {
    "id": "703959DS",
    "title": "Sanias Paracetamol Liquid Caps 500 mg",
    "category": "Drogisterij en baby",
    "price": 2.59,
    "promoPrice": null,
    "pricePerUnit": "0.13 pieces",
    "image": "https://www.jumbo.com/dam-images/fit-in/360x360/Products/19062025_1750304318276_1750304320311_703959_DS_08716049039506_C1N1_s01.png",
    "available": true,
    "promoUntil": null
  },
  {
    "id": "609264PAK",
    "title": "CoolBest FruitOntbijt Yoghurt Perzik-Banaan 0,75L",
    "category": "Frisdrank en sappen",
    "price": 1.99,
    "promoPrice": null,
    "pricePerUnit": "2.65 l",
    "image": "https://www.jumbo.com/dam-images/fit-in/360x360/Products/26022025_1740565970353_1740565976396_8720157401520_1.png",
    "available": true,
    "promoUntil": null
  },
  {
    "id": "350342PAK",
    "title": "Hertog Jan - Pilsener - Fles - 12 x 250ML",
    "category": "Bier en wijn",
    "price": 13.19,
    "promoPrice": null,
    "pricePerUnit": "4.4 l",
    "image": "https://www.jumbo.com/dam-images/fit-in/360x360/Products/08725000655341C1N17bc5806e-2812-403f-85c5-0d407e199426-1712753260265.png",
    "available": true,
    "promoUntil": null
  },
  {
    "id": "421472ZK",
    "title": "Jumbo Brokkenmix met Lam, Rund, Groenten & Rijst 2 kg",
    "category": "Huishouden en dieren",
    "price": 5.49,
    "promoPrice": null,
    "pricePerUnit": "2.75 kg",
    "image": "https://www.jumbo.com/dam-images/fit-in/360x360/Products/28092023_1695920456079_1695920466472_8718452508808_1.png",
    "available": true,
    "promoUntil": null
  },
  {
    "id": "398385ZK",
    "title": "Jumbo Chips Knoflook & Zout Ribbel 150 g",
    "category": "Koek, snoep, chocolade en chips",
    "price": 1.59,
    "promoPrice": null,
    "pricePerUnit": "10.6 kg",
    "image": "https://www.jumbo.com/dam-images/fit-in/360x360/Products/10102023_1696937582083_1696937588279_8718452502097_1.png",
    "available": true,
    "promoUntil": null
  },
  {
    "id": "610650STK",
    "title": "Jumbo Containerzakken 240 L 3 Stuks",
    "category": "Huishouden en dieren",
    "price": 2.99,
    "promoPrice": null,
    "pricePerUnit": "1.0 pieces",
    "image": "https://www.jumbo.com/dam-images/fit-in/360x360/Products/14022025_1739539721799_1739539728527_8718452758708_596.png",
    "available": true,
    "promoUntil": null
  },
  {
    "id": "674018DS",
    "title": "Jumbo's Gehakte Gember 90 g",
    "category": "Wereldkeukens, kruiden, pasta en rijst",
    "price": 1.99,
    "promoPrice": null,
    "pricePerUnit": "22.11 kg",
    "image": "https://www.jumbo.com/dam-images/fit-in/360x360/Products/29012025_1738157588824_1738157594259_8718452869480_1.png",
    "available": true,
    "promoUntil": null
  },
  {
    "id": "94922PAK",
    "title": "Chio Flippies Cheese XXL 115 g",
    "category": "Koek, snoep, chocolade en chips",
    "price": 1.99,
    "promoPrice": null,
    "pricePerUnit": "17.3 kg",
    "image": "https://www.jumbo.com/dam-images/fit-in/360x360/Products/13092025_1757725276681_1757725290731_94922_PAK_08710532436872_H1N1_R.png",
    "available": true,
    "promoUntil": null
  },
  {
    "id": "404594BUS",
    "title": "AXE Anti-Transpirant Spray Dark Temptation 150 ml",
    "category": "Drogisterij en baby",
    "price": 6.49,
    "promoPrice": null,
    "pricePerUnit": "43.27 l",
    "image": "https://www.jumbo.com/dam-images/fit-in/360x360/Products/23092025_1758596858414_1758596894981_404594_BUS_08720181058004_H1N1.png",
    "available": true,
    "promoUntil": null
  },
  {
    "id": "206511STK",
    "title": "Jumbo Mini Incontinentie Verband Licht Urineverlies 20 Stuks",
    "category": "Drogisterij en baby",
    "price": 3.09,
    "promoPrice": null,
    "pricePerUnit": "0.15 pieces",
    "image": "https://www.jumbo.com/dam-images/fit-in/360x360/Products/09082023_1691585108761_1691585118666_8718452302789_1.png",
    "available": true,
    "promoUntil": null
  },
  {
    "id": "617463PAK",
    "title": "Leerdammer Jong Belegen Caractère plakken 150 g",
    "category": "Vleeswaren, kaas en tapas",
    "price": 2.99,
    "promoPrice": null,
    "pricePerUnit": "19.93 kg",
    "image": "https://www.jumbo.com/dam-images/fit-in/360x360/Products/05032025_1741163584728_1741163590711_8721800408873_1.png",
    "available": true,
    "promoUntil": null
  },
  {
    "id": "438960FLS",
    "title": "Almdudler Original 0,5 L",
    "category": "Frisdrank en sappen",
    "price": 1.59,
    "promoPrice": null,
    "pricePerUnit": "3.18 l",
    "image": "https://www.jumbo.com/dam-images/fit-in/360x360/Products/03032025_1741019585618_1741019592359_9015160108450_1.png",
    "available": true,
    "promoUntil": null
  },
  {
    "id": "548742DS",
    "title": "Always Daily Fresh Normal Met Een Frisse Geur",
    "category": "Drogisterij en baby",
    "price": 5.49,
    "promoPrice": null,
    "pricePerUnit": "0.09 pieces",
    "image": "https://www.jumbo.com/dam-images/fit-in/360x360/Products/26052025_1748229807676_1748229809348_548742_DS_04015400565574_C1N1.png",
    "available": true,
    "promoUntil": null
  },
  {
    "id": "150358PAK",
    "title": "Vitakraft Menu Parkieten 500 g",
    "category": "Huishouden en dieren",
    "price": 3.32,
    "promoPrice": null,
    "pricePerUnit": "6.64 kg",
    "image": "https://www.jumbo.com/dam-images/fit-in/360x360/Products/12042025_1744420981822_1744420986593_150358_PAK_.png",
    "available": true,
    "promoUntil": null
  },
  {
    "id": "134228DS",
    "title": "Ola IJs Festini Aardbei 12 stuks 12 x 50ml",
    "category": "Diepvries",
    "price": 4.49,
    "promoPrice": null,
    "pricePerUnit": "7.48 l",
    "image": "https://www.jumbo.com/dam-images/fit-in/360x360/Products/25072025_1753408111099_1753408193246_134228_DS_08710447032732_C1N1.png",
    "available": true,
    "promoUntil": null
  },
  {
    "id": "669607DS",
    "title": "Ariel 4in1 PODS Zwart, Wasmiddel Capsules 15",
    "category": "Huishouden en dieren",
    "price": 15.99,
    "promoPrice": null,
    "pricePerUnit": "1.07 pieces",
    "image": "https://www.jumbo.com/dam-images/fit-in/360x360/Products/14082025_1755200014991_1755200020009_8700216725866_1.png",
    "available": true,
    "promoUntil": null
  },
  {
    "id": "449014DSL",
    "title": "Neleman - Macabeo - Chardonnay - Biologisch 6 x 750 ml",
    "category": "Bier en wijn",
    "price": 38.94,
    "promoPrice": null,
    "pricePerUnit": "8.65 l",
    "image": "https://www.jumbo.com/dam-images/fit-in/360x360/Products/449014DSL-1692282995204.png",
    "available": true,
    "promoUntil": null
  },
  {
    "id": "675877CUP",
    "title": "Magnum Pint IJs Utopia Double Hazelnut 440 ml",
    "category": "Diepvries",
    "price": 7.59,
    "promoPrice": null,
    "pricePerUnit": "17.25 l",
    "image": "https://www.jumbo.com/dam-images/fit-in/360x360/Products/01092025_1756722869142_1756722873687_8711327671980_1.png",
    "available": true,
    "promoUntil": null
  },
  {
    "id": "469017POT",
    "title": "Ben's Original Zoetzuur Extra Ananas 450 g",
    "category": "Wereldkeukens, kruiden, pasta en rijst",
    "price": 2.89,
    "promoPrice": null,
    "pricePerUnit": "6.42 kg",
    "image": "https://www.jumbo.com/dam-images/fit-in/360x360/Products/04012025_1735959079124_1735959110962_469017_POT_04002359016059_H1N1.png",
    "available": true,
    "promoUntil": null
  },
  {
    "id": "169257STK",
    "title": "Jumbo Mini Spray Zachte Lavendel Navullingen 2 x 15 ML",
    "category": "Huishouden en dieren",
    "price": 1.99,
    "promoPrice": null,
    "pricePerUnit": "66.33 l",
    "image": "https://www.jumbo.com/dam-images/fit-in/360x360/Products/29092023_1695994871840_1695994881317_8718449093614_1.png",
    "available": true,
    "promoUntil": null
  },
  {
    "id": "681415POT",
    "title": "Jumbo's Room & Truffel Pastasaus 330 g",
    "category": "Wereldkeukens, kruiden, pasta en rijst",
    "price": 2.99,
    "promoPrice": null,
    "pricePerUnit": "9.06 kg",
    "image": "https://www.jumbo.com/dam-images/fit-in/360x360/Products/06052025_1746534786983_1746534791421_8718452895076_1.png",
    "available": true,
    "promoUntil": null
  },
  {
    "id": "435947FLS",
    "title": "Las Viñas del Señorío - Tempranillo - Reserva - 750ML",
    "category": "Bier en wijn",
    "price": 3.99,
    "promoPrice": null,
    "pricePerUnit": "5.32 l",
    "image": "https://www.jumbo.com/dam-images/fit-in/360x360/Products/09082023_1691588245128_1691588292757_8410261199016_1.png",
    "available": true,
    "promoUntil": null
  },
  {
    "id": "494724DS",
    "title": "Tena Lady Ultra Mini Plus Inlegkruisjes 24 Stuks",
    "category": "Drogisterij en baby",
    "price": 4.79,
    "promoPrice": null,
    "pricePerUnit": "0.2 pieces",
    "image": "https://www.jumbo.com/dam-images/fit-in/360x360/Products/30072025_1753844633457_1753844636718_494724_DS_07322540226058_C1N1.png",
    "available": true,
    "promoUntil": null
  },
  {
    "id": "157388PAK",
    "title": "LION Melkchocolade Reep 6 x 30 g",
    "category": "Koek, snoep, chocolade en chips",
    "price": 2.72,
    "promoPrice": null,
    "pricePerUnit": "15.11 kg",
    "image": "https://www.jumbo.com/dam-images/fit-in/360x360/Products/23092025_1758594473649_1758594480367_157388_PAK_07613034674739_H1N1_s01.png",
    "available": true,
    "promoUntil": null
  },
  {
    "id": "631884FLS",
    "title": "Dubro Antikalk Hygiëne spray 650ml",
    "category": "Huishouden en dieren",
    "price": 3.99,
    "promoPrice": null,
    "pricePerUnit": "6.14 l",
    "image": "https://www.jumbo.com/dam-images/fit-in/360x360/Products/11072025_1752197075370_1752197082343_631884_FLS_08003650026149_C1N1.png",
    "available": true,
    "promoUntil": null
  },
  {
    "id": "616716TUB",
    "title": "Sensodyne Multicare tandpasta voor gevoelige tanden 2x75ML",
    "category": "Drogisterij en baby",
    "price": 10.96,
    "promoPrice": null,
    "pricePerUnit": "73.07 l",
    "image": "https://www.jumbo.com/dam-images/fit-in/360x360/Products/29022024_1709194827119_1709194832827_616716_TUB_05054563185693_H1N1.png",
    "available": true,
    "promoUntil": null
  },
  {
    "id": "620750CUP",
    "title": "Jumbo Groene Olijven Basilicum 140g",
    "category": "Vleeswaren, kaas en tapas",
    "price": 2.29,
    "promoPrice": null,
    "pricePerUnit": "16.36 kg",
    "image": "https://www.jumbo.com/dam-images/fit-in/360x360/Products/13112024_1731515618575_1731515628660_8718452846924_1.png",
    "available": true,
    "promoUntil": null
  },
  {
    "id": "567950FLS",
    "title": "Dettol Sensitive Wasgel 250 ml",
    "category": "Drogisterij en baby",
    "price": 2.99,
    "promoPrice": null,
    "pricePerUnit": "11.96 l",
    "image": "https://www.jumbo.com/dam-images/fit-in/360x360/Products/30032025_1743299936813_1743299942921_567950_FLS_05410036314746_C1N1.png",
    "available": true,
    "promoUntil": null
  },
  {
    "id": "447794POT",
    "title": "Romed Alcoholdoekjes in Dispenser 110 Stuks",
    "category": "Drogisterij en baby",
    "price": 5.99,
    "promoPrice": null,
    "pricePerUnit": "0.05 pieces",
    "image": "https://www.jumbo.com/dam-images/fit-in/360x360/Products/09082023_1691588712939_1691588730280_8717202434657_1.png",
    "available": true,
    "promoUntil": null
  },
  {
    "id": "91676ZK",
    "title": "Haribo Dragibus Soft 200 g",
    "category": "Koek, snoep, chocolade en chips",
    "price": 2.15,
    "promoPrice": null,
    "pricePerUnit": "10.75 kg",
    "image": "https://www.jumbo.com/dam-images/fit-in/360x360/Products/26082025_1756170629370_1756170646727_91676_ZK_03103220039588_H1N1.png",
    "available": true,
    "promoUntil": null
  },
  {
    "id": "179970STK",
    "title": "Santa Maria Taco Saus Medium 230 g",
    "category": "Wereldkeukens, kruiden, pasta en rijst",
    "price": 2.27,
    "promoPrice": null,
    "pricePerUnit": "9.87 kg",
    "image": "https://www.jumbo.com/dam-images/fit-in/360x360/Products/13092025_1757731669633_1757731680407_179970_STK_.png",
    "available": true,
    "promoUntil": null
  },
  {
    "id": "599319DS",
    "title": "Jumbo Elastische Pleisters 10 Stuks",
    "category": "Drogisterij en baby",
    "price": 0.99,
    "promoPrice": null,
    "pricePerUnit": "0.1 pieces",
    "image": "https://www.jumbo.com/dam-images/fit-in/360x360/Products/22122023_1703262906233_1703262915112_8718452771448_1.png",
    "available": true,
    "promoUntil": null
  },
  {
    "id": "567470PAK",
    "title": "Hertog Jan - Weizener - Blik - 6 x 330ML",
    "category": "Bier en wijn",
    "price": 8.39,
    "promoPrice": null,
    "pricePerUnit": "4.24 l",
    "image": "https://www.jumbo.com/dam-images/fit-in/360x360/Products/08725000660246C1N1a24de188-18ec-4a92-b52d-bd0d353af600-1713340983438.png",
    "available": true,
    "promoUntil": null
  },
  {
    "id": "51529PAK",
    "title": "Conditorei Coppenrath & Wiese - Appel Strudels - 2 Stuks",
    "category": "Diepvries",
    "price": 2.19,
    "promoPrice": null,
    "pricePerUnit": "3.65 kg",
    "image": "https://www.jumbo.com/dam-images/fit-in/360x360/Products/09082023_1691579015768_1691579029617_4008577061505_1.png",
    "available": true,
    "promoUntil": null
  },
  {
    "id": "700787TUB",
    "title": "Taft Ultra Styling Gel 150 ML",
    "category": "Drogisterij en baby",
    "price": 5.29,
    "promoPrice": null,
    "pricePerUnit": "35.27 l",
    "image": "https://www.jumbo.com/dam-images/fit-in/360x360/Products/16072025_1752630530202_1752630535330_700787_TUB_05410091771096_C1N1.png",
    "available": true,
    "promoUntil": null
  },
  {
    "id": "470971CUP",
    "title": "Sheba Filets Tonijn en kip in saus kattenvoer 60 g",
    "category": "Huishouden en dieren",
    "price": 1.55,
    "promoPrice": null,
    "pricePerUnit": "25.83 kg",
    "image": "https://www.jumbo.com/dam-images/fit-in/360x360/Products/10082023_1691676402655_1691676429018_4008429134869_596.png",
    "available": true,
    "promoUntil": null
  },
  {
    "id": "685777DS",
    "title": "Jumbo Neusspray Xylo 0,5mg/ml 10ML",
    "category": "Drogisterij en baby",
    "price": 3.69,
    "promoPrice": null,
    "pricePerUnit": "369.0 l",
    "image": "https://www.jumbo.com/dam-images/fit-in/360x360/Products/29042025_1745892323531_1745892325776_685777_DS_08718452748174_C1N1_s01.png",
    "available": true,
    "promoUntil": null
  },
  {
    "id": "431578DS",
    "title": "Zaga Zoe! Koek Biscuit 10 Stuks 140 g",
    "category": "Koek, snoep, chocolade en chips",
    "price": 2.39,
    "promoPrice": null,
    "pricePerUnit": "17.07 kg",
    "image": "https://www.jumbo.com/dam-images/fit-in/360x360/Products/09082023_1691588746177_1691588761997_5425019203672_1.png",
    "available": true,
    "promoUntil": null
  },
  {
    "id": "600048BAK",
    "title": "Sellerie Salade 250 g",
    "category": "Vleeswaren, kaas en tapas",
    "price": 1.24,
    "promoPrice": null,
    "pricePerUnit": "4.96 kg",
    "image": "https://www.jumbo.com/dam-images/fit-in/360x360/Products/16012024_1705422786518_1705422798128_8710378860510_1.png",
    "available": true,
    "promoUntil": null
  },
  {
    "id": "234772ZK",
    "title": "Stegeman Fuet Sticks Multipack Ambachtelijk 120 g",
    "category": "Vleeswaren, kaas en tapas",
    "price": 3.28,
    "promoPrice": null,
    "pricePerUnit": "27.33 kg",
    "image": "https://www.jumbo.com/dam-images/fit-in/360x360/Products/09082023_1691589700686_1691589904829_8710765960250_1.png",
    "available": true,
    "promoUntil": null
  },
  {
    "id": "401366ZK",
    "title": "Jumbo Fornaccini Toast Classica 150 g",
    "category": "Koek, snoep, chocolade en chips",
    "price": 1.75,
    "promoPrice": null,
    "pricePerUnit": "11.67 kg",
    "image": "https://www.jumbo.com/dam-images/fit-in/360x360/Products/09082023_1691588004664_1691588058435_8718452505784_1.png",
    "available": true,
    "promoUntil": null
  },
  {
    "id": "169863TUB",
    "title": "Jumbo Roomijs Triple Chocolate 100 g",
    "category": "Diepvries",
    "price": 1.39,
    "promoPrice": null,
    "pricePerUnit": "6.95 l",
    "image": "https://www.jumbo.com/dam-images/fit-in/360x360/Products/05032024_1709652976815_1709652984979_8718452774586_1.png",
    "available": true,
    "promoUntil": null
  },
  {
    "id": "523104PAK",
    "title": "Jumbo Double Chocolate Cookies met Karamelvulling & Pure Chocolade 8 Stuks",
    "category": "Koek, snoep, chocolade en chips",
    "price": 1.89,
    "promoPrice": null,
    "pricePerUnit": "9.45 kg",
    "image": "https://www.jumbo.com/dam-images/fit-in/360x360/Products/18042024_1713447308487_1713447323715_8718452671496_596.png",
    "available": true,
    "promoUntil": null
  },
  {
    "id": "534738BLK",
    "title": "Bacardi Limon & Lemonade 250ML",
    "category": "Bier en wijn",
    "price": 2.49,
    "promoPrice": null,
    "pricePerUnit": "9.96 l",
    "image": "https://www.jumbo.com/dam-images/fit-in/360x360/Products/21062025_1750468979872_1750468982494_534738_BLK_07610113020661_C1N1.png",
    "available": true,
    "promoUntil": null
  },
  {
    "id": "474189BUS",
    "title": "Rexona Women Advanced Protection Anti-Transpirant Spray Biorythm 150 ml",
    "category": "Drogisterij en baby",
    "price": 5.99,
    "promoPrice": null,
    "pricePerUnit": "39.93 l",
    "image": "https://www.jumbo.com/dam-images/fit-in/360x360/Products/25032025_1742869096170_1742869135696_474189_BUS_08720181183782_H1N1.png",
    "available": true,
    "promoUntil": null
  },
  {
    "id": "688208BAK",
    "title": "Jumbo Groente Salade Bloemkool Broccoli 200 g",
    "category": "Aardappelen, groente en fruit",
    "price": 2.35,
    "promoPrice": null,
    "pricePerUnit": "11.75 kg",
    "image": "https://www.jumbo.com/dam-images/fit-in/360x360/Products/19052025_1747654467816_1747654473779_8718452924479_1.png",
    "available": true,
    "promoUntil": null
  },
  {
    "id": "137118FLS",
    "title": "Martini - Bellini - 750ML",
    "category": "Bier en wijn",
    "price": 11.39,
    "promoPrice": null,
    "pricePerUnit": "15.19 l",
    "image": "https://www.jumbo.com/dam-images/fit-in/360x360/Products/27052025_1748310640320_1748310646334_137118_FLS_08000570083306_C1N1.png",
    "available": true,
    "promoUntil": null
  },
  {
    "id": "648733STK",
    "title": "Jumbo Emmentaler Kaas 45+ ca 120g",
    "category": "Vleeswaren, kaas en tapas",
    "price": 2.79,
    "promoPrice": null,
    "pricePerUnit": "23.25 kg",
    "image": "https://www.jumbo.com/dam-images/fit-in/360x360/Products/07062024_1717759995198_1717759999640_8718452711482_1.png",
    "available": true,
    "promoUntil": null
  },
  {
    "id": "522251STK",
    "title": "Jumbo Cacao Truffels 200 g",
    "category": "Koek, snoep, chocolade en chips",
    "price": 2.19,
    "promoPrice": null,
    "pricePerUnit": "10.95 kg",
    "image": "https://www.jumbo.com/dam-images/fit-in/360x360/Products/09082023_1691590733206_1691590756819_8718452633326_1.png",
    "available": true,
    "promoUntil": null
  },
  {
    "id": "575128ZK",
    "title": "Conimex Pasta Thaise Gele Curry 90 g",
    "category": "Wereldkeukens, kruiden, pasta en rijst",
    "price": 2.76,
    "promoPrice": null,
    "pricePerUnit": "30.67 kg",
    "image": "https://www.jumbo.com/dam-images/fit-in/360x360/Products/05072025_1751682857603_1751682907201_575128_ZK_08720182601926_H1N1.png",
    "available": true,
    "promoUntil": null
  },
  {
    "id": "142614POT",
    "title": "Euroma Italiaanse Kruiden Vriesdroog 9 g",
    "category": "Wereldkeukens, kruiden, pasta en rijst",
    "price": 2.99,
    "promoPrice": null,
    "pricePerUnit": "332.22 kg",
    "image": "https://www.jumbo.com/dam-images/fit-in/360x360/Products/08082024_1723079802178_1723079819520_142614_POT_08717600197178_C1N1.png",
    "available": true,
    "promoUntil": null
  },
  {
    "id": "194776STK",
    "title": "Conimex Maaltijdmix Nasi Speciaal 36 g",
    "category": "Wereldkeukens, kruiden, pasta en rijst",
    "price": 1.49,
    "promoPrice": null,
    "pricePerUnit": "37.25 kg",
    "image": "https://www.jumbo.com/dam-images/fit-in/360x360/Products/28032025_1743127453082_1743127477333_194776_STK_08714100795774_C1N1.png",
    "available": true,
    "promoUntil": null
  },
  {
    "id": "690245DSL",
    "title": "Robijn Klein & Krachtig Wasmiddel Zwart - 8 x 665ML",
    "category": "Huishouden en dieren",
    "price": 143.92,
    "promoPrice": 71.96,
    "pricePerUnit": "0.82 wb",
    "image": "https://www.jumbo.com/dam-images/fit-in/360x360/Products/08720181676956H1N1dcc42da7-ff25-4520-82ba-a745373a2911-1753099373579.png",
    "available": true,
    "promoUntil": "di 7 okt"
  },
  {
    "id": "532128FLS",
    "title": "Jumbo Vers Sap Appel, Drakenfruit & Banaan 500ML",
    "category": "Aardappelen, groente en fruit",
    "price": 2.69,
    "promoPrice": null,
    "pricePerUnit": "5.38 l",
    "image": "https://www.jumbo.com/dam-images/fit-in/360x360/Products/04112024_1730752387235_1730752391141_8718452863457_1.png",
    "available": true,
    "promoUntil": null
  },
  {
    "id": "584622ZK",
    "title": "Jumbo Biologisch Gesneden Boerenkool 150 g",
    "category": "Aardappelen, groente en fruit",
    "price": 1.99,
    "promoPrice": null,
    "pricePerUnit": "13.27 kg",
    "image": "https://www.jumbo.com/dam-images/fit-in/360x360/Products/03102024_1727962374312_1727962384771_8718452829040_1.png",
    "available": true,
    "promoUntil": null
  },
  {
    "id": "696482POT",
    "title": "Koningsvogel Surinaamse Sambal 270 g",
    "category": "Wereldkeukens, kruiden, pasta en rijst",
    "price": 3.65,
    "promoPrice": null,
    "pricePerUnit": "13.52 kg",
    "image": "https://www.jumbo.com/dam-images/fit-in/360x360/Products/02052025_1746168170703_1746168176546_696482_POT_08718719362105_C1N1.png",
    "available": true,
    "promoUntil": null
  },
  {
    "id": "227435PAK",
    "title": "Conimex Boemboe Bami Goreng 95 g",
    "category": "Wereldkeukens, kruiden, pasta en rijst",
    "price": 1.87,
    "promoPrice": null,
    "pricePerUnit": "19.68 kg",
    "image": "https://www.jumbo.com/dam-images/fit-in/360x360/Products/13082025_1755047197470_1755047224616_227435_PAK_08711200403356_H1N1.png",
    "available": true,
    "promoUntil": null
  },
  {
    "id": "153423POT",
    "title": "Patak's Original Tikka Masala 450 g",
    "category": "Wereldkeukens, kruiden, pasta en rijst",
    "price": 3.65,
    "promoPrice": null,
    "pricePerUnit": "8.11 kg",
    "image": "https://www.jumbo.com/dam-images/fit-in/360x360/Products/20062024_1718848060419_1718848068051_153423_POT_05011308501019_C1N1.png",
    "available": true,
    "promoUntil": null
  },
  {
    "id": "439023ZK",
    "title": "Jumbo Tropical Winegums Zoet & Zacht 250 g",
    "category": "Koek, snoep, chocolade en chips",
    "price": 1.79,
    "promoPrice": null,
    "pricePerUnit": "7.16 kg",
    "image": "https://www.jumbo.com/dam-images/fit-in/360x360/Products/18012024_1705544965924_1705544985221_439023_ZK_08718452534005_C1N1.png",
    "available": true,
    "promoUntil": null
  },
  {
    "id": "913421BAK",
    "title": "Kindly's Sælmiak Tøuw 110 g",
    "category": "Koek, snoep, chocolade en chips",
    "price": 1.95,
    "promoPrice": null,
    "pricePerUnit": "16.25 kg",
    "image": "https://www.jumbo.com/dam-images/fit-in/360x360/Products/10082023_1691674908367_1691674928613_8712514918680_1.png",
    "available": true,
    "promoUntil": null
  },
  {
    "id": "393257CUP",
    "title": "Jumbo Ansjovis 90 g",
    "category": "Vleeswaren, kaas en tapas",
    "price": 2.99,
    "promoPrice": null,
    "pricePerUnit": "33.22 kg",
    "image": "https://www.jumbo.com/dam-images/fit-in/360x360/Products/14022024_1707873660789_1707873667174_8718452768042_1.png",
    "available": true,
    "promoUntil": null
  },
  {
    "id": "647602POT",
    "title": "Jumbo's Ricotta Pastasaus 350 g",
    "category": "Wereldkeukens, kruiden, pasta en rijst",
    "price": 2.79,
    "promoPrice": null,
    "pricePerUnit": "7.97 kg",
    "image": "https://www.jumbo.com/dam-images/fit-in/360x360/Products/12122024_1734003203700_1734003227224_8718452871735_1.png",
    "available": true,
    "promoUntil": null
  },
  {
    "id": "691843TUB",
    "title": "Prodent Tandpasta Menthol Power 75 ml",
    "category": "Drogisterij en baby",
    "price": 2.75,
    "promoPrice": null,
    "pricePerUnit": "36.67 l",
    "image": "https://www.jumbo.com/dam-images/fit-in/360x360/Products/29042025_1745929986729_1745929989080_8720181604355_1.png",
    "available": true,
    "promoUntil": null
  },
  {
    "id": "456112DS",
    "title": "Jumbo Geitenkaas Bolletjes Naturel 100 g",
    "category": "Vleeswaren, kaas en tapas",
    "price": 2.09,
    "promoPrice": null,
    "pricePerUnit": "20.9 kg",
    "image": "https://www.jumbo.com/dam-images/fit-in/360x360/Products/456112_8718452575435_1_T1_456112DS1691161285974.png",
    "available": true,
    "promoUntil": null
  },
  {
    "id": "292080STK",
    "title": "Jumbo Kokoskransen Koeken 6 Stuks",
    "category": "Koek, snoep, chocolade en chips",
    "price": 1.99,
    "promoPrice": null,
    "pricePerUnit": "6.63 kg",
    "image": "https://www.jumbo.com/dam-images/fit-in/360x360/Products/10082023_1691675071246_1691675115086_8718452381302_1.png",
    "available": true,
    "promoUntil": null
  },
  {
    "id": "608749STK",
    "title": "Jumbo Kruidenkaas Fenegriek 50+ 200 g",
    "category": "Vleeswaren, kaas en tapas",
    "price": 4.49,
    "promoPrice": null,
    "pricePerUnit": "22.45 kg",
    "image": "https://www.jumbo.com/dam-images/fit-in/360x360/Products/12122024_1734014581619_1734014593795_8718452629565_1.png",
    "available": true,
    "promoUntil": null
  },
  {
    "id": "678587STK",
    "title": "HEMA Kaasschaaf Best",
    "category": "Non-food en servicebalie",
    "price": 10.99,
    "promoPrice": null,
    "pricePerUnit": "10.99 pieces",
    "image": "https://www.jumbo.com/dam-images/fit-in/360x360/Products/07022025_1738939545190_1738939547884_678587_STK_08720354519561_C1N1.png",
    "available": true,
    "promoUntil": null
  },
  {
    "id": "612640ZK",
    "title": "Doritos Barbecue Style Tortilla Chips 170 gr",
    "category": "Koek, snoep, chocolade en chips",
    "price": 2.29,
    "promoPrice": null,
    "pricePerUnit": "13.47 kg",
    "image": "https://www.jumbo.com/dam-images/fit-in/360x360/Products/26082025_1756170160393_1756170171154_612640_ZK_08710398167477_C1N1.png",
    "available": true,
    "promoUntil": null
  },
  {
    "id": "626390STK",
    "title": "Nutrilon Nutriton",
    "category": "Drogisterij en baby",
    "price": 7.91,
    "promoPrice": null,
    "pricePerUnit": "58.59 kg",
    "image": "https://www.jumbo.com/dam-images/fit-in/360x360/Products/14082025_1755137179764_1755137183208_626390_STK_05900852068416_C1NA.png",
    "available": true,
    "promoUntil": null
  },
  {
    "id": "605818STK",
    "title": "Odenwald Bakery Glutenvrij Ovaal Wit Broodje met Zaden 2 x 90 g",
    "category": "Diepvries",
    "price": 3.29,
    "promoPrice": null,
    "pricePerUnit": "18.28 kg",
    "image": "https://www.jumbo.com/dam-images/fit-in/360x360/Products/04092024_1725460582739_1725460590879_8715538008702_1.png",
    "available": true,
    "promoUntil": null
  },
  {
    "id": "91625ZK",
    "title": "Silvo Mix voor Hachee 36 g",
    "category": "Wereldkeukens, kruiden, pasta en rijst",
    "price": 1.88,
    "promoPrice": null,
    "pricePerUnit": "52.22 kg",
    "image": "https://www.jumbo.com/dam-images/fit-in/360x360/Products/24062024_1719235998762_1719236024106_8715500042093_596.png",
    "available": true,
    "promoUntil": null
  },
  {
    "id": "662586ZK",
    "title": "Jumbo Mini Naan Knoflook Koriander 200 g",
    "category": "Wereldkeukens, kruiden, pasta en rijst",
    "price": 1.87,
    "promoPrice": null,
    "pricePerUnit": "9.35 kg",
    "image": "https://www.jumbo.com/dam-images/fit-in/360x360/Products/22072025_1753191236847_1753191243913_8718452882007_1.png",
    "available": true,
    "promoUntil": null
  },
  {
    "id": "701656DS",
    "title": "Durex Nude No Latex condooms, 10st",
    "category": "Drogisterij en baby",
    "price": 16.49,
    "promoPrice": null,
    "pricePerUnit": "1.65 pieces",
    "image": "https://www.jumbo.com/dam-images/fit-in/360x360/Products/24092025_1758672093756_1758672100050_5052197023848_1.png",
    "available": true,
    "promoUntil": null
  },
  {
    "id": "665151ZK",
    "title": "Red Band Water Pret 125 g",
    "category": "Koek, snoep, chocolade en chips",
    "price": 1.97,
    "promoPrice": null,
    "pricePerUnit": "15.76 kg",
    "image": "https://www.jumbo.com/dam-images/fit-in/360x360/Products/8713800254680T59617d46913-4a69-47a8-8011-81e45df286a7-1754984077020.png",
    "available": true,
    "promoUntil": null
  },
  {
    "id": "661113KGR",
    "title": "Jumbo Camembert Rustique 40+ ca. 160 g",
    "category": "Vleeswaren, kaas en tapas",
    "price": 4.2,
    "promoPrice": null,
    "pricePerUnit": "23.99 kg",
    "image": "https://www.jumbo.com/dam-images/fit-in/360x360/Products/16082024_1723797334296_1723797339512_2349047000000_1.png",
    "available": true,
    "promoUntil": null
  },
  {
    "id": "451210PAK",
    "title": "RAAK Kinder Cola 6 x 200 ml",
    "category": "Frisdrank en sappen",
    "price": 3.49,
    "promoPrice": null,
    "pricePerUnit": "2.33 l",
    "image": "https://www.jumbo.com/dam-images/fit-in/360x360/Products/08722200962552C1N1d53b4a3e-2052-4774-b2c4-f42aead750bd-1720198207834.png",
    "available": true,
    "promoUntil": null
  },
  {
    "id": "577076FLS",
    "title": "Dove Liquid Hand Wash Deeply Nourishing 250 ml",
    "category": "Drogisterij en baby",
    "price": 3.69,
    "promoPrice": null,
    "pricePerUnit": "14.76 l",
    "image": "https://www.jumbo.com/dam-images/fit-in/360x360/Products/23092025_1758590971684_1758591008777_577076_FLS_04000388177000_H1N1.png",
    "available": true,
    "promoUntil": null
  },
  {
    "id": "616575CUP",
    "title": "Lassie Pandan Rijst Minuutje 2x125g",
    "category": "Wereldkeukens, kruiden, pasta en rijst",
    "price": 2.19,
    "promoPrice": null,
    "pricePerUnit": "8.76 kg",
    "image": "https://www.jumbo.com/dam-images/fit-in/360x360/Products/02102024_1727835214971_1727835220663_616575_CUP_08718781602178_H1N1.png",
    "available": true,
    "promoUntil": null
  },
  {
    "id": "618501DS",
    "title": "Kleenex Balsam Tissues Maxi 112 Stuks",
    "category": "Drogisterij en baby",
    "price": 3.67,
    "promoPrice": null,
    "pricePerUnit": "0.03 pieces",
    "image": "https://www.jumbo.com/dam-images/fit-in/360x360/Products/387e96c1dee4499b8d95987f38e3ee34fe4463b799f44255a1e53239a3e0ebf31387b2ff6-6540-4c51-a1a5-4780d3fea10c-1716823686211.png",
    "available": true,
    "promoUntil": null
  },
  {
    "id": "391154ZK",
    "title": "Rodi Daily Basics Rund met Hart 1 kg",
    "category": "Huishouden en dieren",
    "price": 4.74,
    "promoPrice": null,
    "pricePerUnit": "4.74 kg",
    "image": "https://www.jumbo.com/dam-images/fit-in/360x360/Products/16092025_1757985624947_1757985631839_391154_ZK_08710429019508_C1N1.png",
    "available": true,
    "promoUntil": null
  },
  {
    "id": "637287FLS",
    "title": "Mezzacorona - Redei Passi - 750ML",
    "category": "Bier en wijn",
    "price": 6.79,
    "promoPrice": null,
    "pricePerUnit": "9.05 l",
    "image": "https://www.jumbo.com/dam-images/fit-in/360x360/Products/17092024_1726558460655_1726558474078_8004305004581_1.png",
    "available": true,
    "promoUntil": null
  },
  {
    "id": "554043DS",
    "title": "Ola IJsjes Kids Mix 8 stuks",
    "category": "Diepvries",
    "price": 3.69,
    "promoPrice": null,
    "pricePerUnit": "9.27 l",
    "image": "https://www.jumbo.com/dam-images/fit-in/360x360/Products/07062025_1749261389701_1749261490803_554043_DS_08711327592469_H1N1.png",
    "available": true,
    "promoUntil": null
  },
  {
    "id": "555527FLS",
    "title": "Domaine Petit Candumy - Côtes de Provence Rosé - 750ML",
    "category": "Bier en wijn",
    "price": 10.49,
    "promoPrice": null,
    "pricePerUnit": "13.99 l",
    "image": "https://www.jumbo.com/dam-images/fit-in/360x360/Products/09082023_1691593165869_1691593171275_3500610161162_1.png",
    "available": true,
    "promoUntil": null
  },
  {
    "id": "479780FLS",
    "title": "Driehoek Vloeibare Zeep Oranjebloesem - 725ml",
    "category": "Huishouden en dieren",
    "price": 2.59,
    "promoPrice": null,
    "pricePerUnit": "3.57 l",
    "image": "https://www.jumbo.com/dam-images/fit-in/360x360/Products/10082023_1691675908037_1691675911732_8720254337425_1.png",
    "available": true,
    "promoUntil": null
  },
  {
    "id": "523939POT",
    "title": "NIVEA Soft Crème - Hydrateert de huid - Bevat jojobaolie - Lichaams- en Handcrème - 200 ml",
    "category": "Drogisterij en baby",
    "price": 6.49,
    "promoPrice": null,
    "pricePerUnit": "32.45 l",
    "image": "https://www.jumbo.com/dam-images/fit-in/360x360/Products/20052025_1747744434510_1747744438659_4005900963499_1.png",
    "available": true,
    "promoUntil": null
  },
  {
    "id": "454882ZK",
    "title": "Klene Drop Honingbijtjes Suikervrij 110g",
    "category": "Koek, snoep, chocolade en chips",
    "price": 2.25,
    "promoPrice": null,
    "pricePerUnit": "20.45 kg",
    "image": "https://www.jumbo.com/dam-images/fit-in/360x360/Products/07072025_1751902635664_1751902639402_8723400795063_1.png",
    "available": true,
    "promoUntil": null
  },
  {
    "id": "170547FLS",
    "title": "Go-Tan Wok Original Ketjap Sesam 240 ml",
    "category": "Wereldkeukens, kruiden, pasta en rijst",
    "price": 2.59,
    "promoPrice": null,
    "pricePerUnit": "10.79 l",
    "image": "https://www.jumbo.com/dam-images/fit-in/360x360/Products/09082023_1691587012609_1691587015746_8710605027020_1.png",
    "available": true,
    "promoUntil": null
  },
  {
    "id": "169314STK",
    "title": "LU Prince Choco Prince Chocolade Koekjes 171g",
    "category": "Koek, snoep, chocolade en chips",
    "price": 2.69,
    "promoPrice": null,
    "pricePerUnit": "15.73 kg",
    "image": "https://www.jumbo.com/dam-images/fit-in/360x360/Products/24092025_1758720817938_1758720829090_7622210120861_596.png",
    "available": true,
    "promoUntil": null
  },
  {
    "id": "674635BLK",
    "title": "Monster Bad Apple Juiced Energy + Juice Drank 500 ml",
    "category": "Frisdrank en sappen",
    "price": 2.29,
    "promoPrice": null,
    "pricePerUnit": "4.58 l",
    "image": "https://www.jumbo.com/dam-images/fit-in/360x360/Products/23012025_1737660807736_1737660812507_5061013945547_1.png",
    "available": true,
    "promoUntil": null
  },
  {
    "id": "179008STK",
    "title": "Santa Maria Chunky Wrap Salsa Mild 230 g",
    "category": "Wereldkeukens, kruiden, pasta en rijst",
    "price": 1.83,
    "promoPrice": null,
    "pricePerUnit": "7.96 kg",
    "image": "https://www.jumbo.com/dam-images/fit-in/360x360/Products/13092025_1757725811575_1757725823222_179008_STK_.png",
    "available": true,
    "promoUntil": null
  },
  {
    "id": "601286ZK",
    "title": "M&M'S Pinda chocolade snoepjes 125g",
    "category": "Koek, snoep, chocolade en chips",
    "price": 2.49,
    "promoPrice": null,
    "pricePerUnit": "19.92 kg",
    "image": "https://www.jumbo.com/dam-images/fit-in/360x360/Products/04072025_1751592294358_1751592301150_601286_ZK_05900951317859_H1N1.png",
    "available": true,
    "promoUntil": null
  },
  {
    "id": "699697FLS",
    "title": "Go-Tan Sticky Chicken Yakitori 220ml",
    "category": "Wereldkeukens, kruiden, pasta en rijst",
    "price": 2.37,
    "promoPrice": null,
    "pricePerUnit": "10.77 l",
    "image": "https://www.jumbo.com/dam-images/fit-in/360x360/Products/19052025_1747640866520_1747640872364_699697_FLS_08710605021608_C1N1.png",
    "available": true,
    "promoUntil": null
  },
  {
    "id": "705314ZK",
    "title": "Jumbo - Witte Bolletjes - 4 Stuks",
    "category": "Brood en gebak",
    "price": 1.99,
    "promoPrice": null,
    "pricePerUnit": "6.22 kg",
    "image": "https://www.jumbo.com/dam-images/fit-in/360x360/Products/05082024_1722872066901_1722872074833_8718452839285_1.png",
    "available": true,
    "promoUntil": null
  },
  {
    "id": "456206STK",
    "title": "La Tur Kaas 215 g",
    "category": "Vleeswaren, kaas en tapas",
    "price": 5.96,
    "promoPrice": null,
    "pricePerUnit": "33.11 kg",
    "image": "https://www.jumbo.com/dam-images/fit-in/360x360/Products/08022024_1707359768344_1707359786069_8022514000002_1.png",
    "available": true,
    "promoUntil": null
  },
  {
    "id": "508189ZK",
    "title": "Marcel’s Green Soap hygiënische schoonmaakdoekjes Patchouli & Cranberry - 60st",
    "category": "Huishouden en dieren",
    "price": 3.59,
    "promoPrice": null,
    "pricePerUnit": "0.06 pieces",
    "image": "https://www.jumbo.com/dam-images/fit-in/360x360/Products/05082025_1754358200074_1754358203184_508189_ZK_08719325558968_C1N1.png",
    "available": true,
    "promoUntil": null
  },
  {
    "id": "571181ZK",
    "title": "Candyman Salmiak bollen 100 g",
    "category": "Koek, snoep, chocolade en chips",
    "price": 2.29,
    "promoPrice": null,
    "pricePerUnit": "22.9 kg",
    "image": "https://www.jumbo.com/dam-images/fit-in/360x360/Products/12062024_1718165100099_1718165104419_571181_ZK_08719700009429_C1N1.png",
    "available": true,
    "promoUntil": null
  },
  {
    "id": "675878DS",
    "title": "Ola Solero Framboos 3 x 90 ml",
    "category": "Diepvries",
    "price": 4.29,
    "promoPrice": null,
    "pricePerUnit": "15.89 l",
    "image": "https://www.jumbo.com/dam-images/fit-in/360x360/Products/30032025_1743296820909_1743296884127_675878_DS_08711327326750_H1N1.png",
    "available": true,
    "promoUntil": null
  },
  {
    "id": "677754BUS",
    "title": "Dove Advanced Care Anti-Transpirant Deodorant Spray Invisible Dry 150 ml",
    "category": "Drogisterij en baby",
    "price": 6.29,
    "promoPrice": null,
    "pricePerUnit": "41.93 l",
    "image": "https://www.jumbo.com/dam-images/fit-in/360x360/Products/09042025_1744162204993_1744162214926_677754_BUS_08720181291609_H1N1.png",
    "available": true,
    "promoUntil": null
  },
  {
    "id": "571807BAK",
    "title": "Witte Eierkoeken 4 Stuks",
    "category": "Koek, snoep, chocolade en chips",
    "price": 3.75,
    "promoPrice": null,
    "pricePerUnit": "15.0 kg",
    "image": "https://www.jumbo.com/dam-images/fit-in/360x360/Products/14022024_1707873315949_1707873325579_8718754977067_1.png",
    "available": true,
    "promoUntil": null
  },
  {
    "id": "543625PAK",
    "title": "Whiskas 1+ Kattenvoer - Duo Classic Variaties in Gelei - Maaltijdzakjes 12x85g",
    "category": "Huishouden en dieren",
    "price": 5.91,
    "promoPrice": null,
    "pricePerUnit": "0.49 pieces",
    "image": "https://www.jumbo.com/dam-images/fit-in/360x360/Products/27082024_1724724923908_1724724932615_543625_PAK_04008429156007_H1N1.png",
    "available": true,
    "promoUntil": null
  },
  {
    "id": "623165BAK",
    "title": "Air Wick Luchtverfrisser Decosphere Fresh Cotton 75ml",
    "category": "Huishouden en dieren",
    "price": 5.99,
    "promoPrice": null,
    "pricePerUnit": "79.87 l",
    "image": "https://www.jumbo.com/dam-images/fit-in/360x360/Products/05042024_1712322985232_1712322989790_623165_BAK_03665468302584_C1N1.png",
    "available": true,
    "promoUntil": null
  },
  {
    "id": "434780PAK",
    "title": "Milka Chocoladereep witte chocolade en Oreo 100 g",
    "category": "Koek, snoep, chocolade en chips",
    "price": 1.78,
    "promoPrice": null,
    "pricePerUnit": "17.8 kg",
    "image": "https://www.jumbo.com/dam-images/fit-in/360x360/Products/24092025_1758724491814_1758724494166_7622201109615_1.png",
    "available": true,
    "promoUntil": null
  },
  {
    "id": "388588STK",
    "title": "Jumbo Granaatappelen",
    "category": "Aardappelen, groente en fruit",
    "price": 1.79,
    "promoPrice": null,
    "pricePerUnit": "1.79 pieces",
    "image": "https://www.jumbo.com/dam-images/fit-in/360x360/Products/12122024_1734014422506_1734014428219_25003369_1.png",
    "available": true,
    "promoUntil": null
  },
  {
    "id": "214109PAK",
    "title": "Rummo Penne Rigate 66 500 g",
    "category": "Wereldkeukens, kruiden, pasta en rijst",
    "price": 2.49,
    "promoPrice": null,
    "pricePerUnit": "4.98 kg",
    "image": "https://www.jumbo.com/dam-images/fit-in/360x360/Products/11082023_1691742797668_1691742806477_8008343200660_1.png",
    "available": true,
    "promoUntil": null
  },
  {
    "id": "617414DS",
    "title": "Jumbo Fruitsalade Ananas - Watermeloen Appel - Blauwe Bes 235 g",
    "category": "Aardappelen, groente en fruit",
    "price": 2.5,
    "promoPrice": null,
    "pricePerUnit": "10.64 kg",
    "image": "https://www.jumbo.com/dam-images/fit-in/360x360/Products/17022025_1739820939366_1739820948086_8718452835676_1.png",
    "available": true,
    "promoUntil": null
  },
  {
    "id": "586399PAK",
    "title": "Noel Fuet met Truffel 170 g",
    "category": "Vleeswaren, kaas en tapas",
    "price": 4.86,
    "promoPrice": null,
    "pricePerUnit": "28.59 kg",
    "image": "https://www.jumbo.com/dam-images/fit-in/360x360/Products/29042025_1745937193702_1745937198111_8410783142118_1.png",
    "available": true,
    "promoUntil": null
  },
  {
    "id": "501545POT",
    "title": "De Kleine Keuken Biologische Chocopasta met Hazelnoot voor Kids 200 g",
    "category": "Drogisterij en baby",
    "price": 3.26,
    "promoPrice": null,
    "pricePerUnit": "16.3 kg",
    "image": "https://www.jumbo.com/dam-images/fit-in/360x360/Products/06022025_1738837986555_1738837994342_8718734493082_1.png",
    "available": true,
    "promoUntil": null
  },
  {
    "id": "625023DS",
    "title": "Mentos Discovery 14 Flavours 5 x 37,5 g",
    "category": "Koek, snoep, chocolade en chips",
    "price": 2.76,
    "promoPrice": null,
    "pricePerUnit": "14.68 kg",
    "image": "https://www.jumbo.com/dam-images/fit-in/360x360/Products/24052024_1716564909796_1716564919048_8723400828884_1.png",
    "available": true,
    "promoUntil": null
  },
  {
    "id": "216748STK",
    "title": "Huls Boerenmetworst 2 x 110 g",
    "category": "Vleeswaren, kaas en tapas",
    "price": 5.44,
    "promoPrice": null,
    "pricePerUnit": "24.73 kg",
    "image": "https://www.jumbo.com/dam-images/fit-in/360x360/Products/26022025_1740573212003_1740573218976_8725800001515_1.png",
    "available": true,
    "promoUntil": null
  },
  {
    "id": "563970FLS",
    "title": "Saitaku Japanese Style Mayo Original 160 g",
    "category": "Wereldkeukens, kruiden, pasta en rijst",
    "price": 4.45,
    "promoPrice": null,
    "pricePerUnit": "27.81 kg",
    "image": "https://www.jumbo.com/dam-images/fit-in/360x360/Products/16032024_1710554866319_1710554869439_563970_FLS_05060194792186_C1N1.png",
    "available": true,
    "promoUntil": null
  },
  {
    "id": "637573BAK",
    "title": "Marhaba Kalkoen Bacon 80 g",
    "category": "Vleeswaren, kaas en tapas",
    "price": 2.49,
    "promoPrice": null,
    "pricePerUnit": "31.13 kg",
    "image": "https://www.jumbo.com/dam-images/fit-in/360x360/Products/22072025_1753209223189_1753209227804_8717545693872_1.png",
    "available": true,
    "promoUntil": null
  },
  {
    "id": "523397DS",
    "title": "Van Dobben Airfryer - Oven Kalfsvlees Croquetten 4 x 80 g",
    "category": "Diepvries",
    "price": 4.99,
    "promoPrice": null,
    "pricePerUnit": "15.59 kg",
    "image": "https://www.jumbo.com/dam-images/fit-in/360x360/Products/05062025_1749087638817_1749087649236_523397_DS_08710861913679_H1N1.png",
    "available": true,
    "promoUntil": null
  },
  {
    "id": "669296PAK",
    "title": "Jumbo Ice Tea Peach & Hibiscus Flavour 1 L",
    "category": "Frisdrank en sappen",
    "price": 1.19,
    "promoPrice": null,
    "pricePerUnit": "1.19 l",
    "image": "https://www.jumbo.com/dam-images/fit-in/360x360/Products/29012025_1738168391179_1738168401503_8718452875412_596.png",
    "available": true,
    "promoUntil": null
  },
  {
    "id": "154467POT",
    "title": "Patak's Original Butter Chicken 450g",
    "category": "Wereldkeukens, kruiden, pasta en rijst",
    "price": 3.65,
    "promoPrice": null,
    "pricePerUnit": "8.11 kg",
    "image": "https://www.jumbo.com/dam-images/fit-in/360x360/Products/19122023_1703000193176_1703000201526_5011308500975_1.png",
    "available": true,
    "promoUntil": null
  },
  {
    "id": "647594ZK",
    "title": "Trolli Perzikringen 200g",
    "category": "Koek, snoep, chocolade en chips",
    "price": 1.57,
    "promoPrice": null,
    "pricePerUnit": "7.85 kg",
    "image": "https://www.jumbo.com/dam-images/fit-in/360x360/Products/27082024_1724741162300_1724741168056_647594_ZK_04000512364320_C1N1.png",
    "available": true,
    "promoUntil": null
  },
  {
    "id": "450561FLS",
    "title": "Pure Plus Aloë Vera Original 1,5 L",
    "category": "Frisdrank en sappen",
    "price": 3.29,
    "promoPrice": null,
    "pricePerUnit": "2.19 l",
    "image": "https://www.jumbo.com/dam-images/fit-in/360x360/Products/31072025_1753924594323_1753924600708_450561_FLS_08718274731361_C1N1.png",
    "available": true,
    "promoUntil": null
  },
  {
    "id": "680922PAK",
    "title": "MILKA OREO Cookies and Creme Chocolade Tablet 100g",
    "category": "Koek, snoep, chocolade en chips",
    "price": 1.57,
    "promoPrice": null,
    "pricePerUnit": "15.7 kg",
    "image": "https://www.jumbo.com/dam-images/fit-in/360x360/Products/24052025_1748049413083_1748049426576_680922_PAK_07622210656490_C1N1_s01.png",
    "available": true,
    "promoUntil": null
  },
  {
    "id": "612650ZK",
    "title": "JIMMY's Popcorn Sweet 100 g",
    "category": "Koek, snoep, chocolade en chips",
    "price": 1.99,
    "promoPrice": null,
    "pricePerUnit": "19.9 kg",
    "image": "https://www.jumbo.com/dam-images/fit-in/360x360/Products/11082025_1754912036017_1754912041996_8713276011312_1.png",
    "available": true,
    "promoUntil": null
  },
  {
    "id": "689506CUP",
    "title": "Jumbo Hummus Mango 200 g",
    "category": "Vleeswaren, kaas en tapas",
    "price": 2.39,
    "promoPrice": null,
    "pricePerUnit": "11.95 kg",
    "image": "https://www.jumbo.com/dam-images/fit-in/360x360/Products/13062025_1749825270028_1749825278582_8718452925452_1.png",
    "available": true,
    "promoUntil": null
  },
  {
    "id": "683275BUS",
    "title": "Axe Deodorant Bodyspray Sunset Fresh 150 ml",
    "category": "Drogisterij en baby",
    "price": 7.49,
    "promoPrice": null,
    "pricePerUnit": "49.93 l",
    "image": "https://www.jumbo.com/dam-images/fit-in/360x360/Products/28022025_1740771188408_1740771193714_8720181590849_1.png",
    "available": true,
    "promoUntil": null
  },
  {
    "id": "678177DS",
    "title": "Fixodent Ultimate Fris",
    "category": "Drogisterij en baby",
    "price": 7.29,
    "promoPrice": null,
    "pricePerUnit": "182.25 kg",
    "image": "https://www.jumbo.com/dam-images/fit-in/360x360/Products/05022025_1738783989823_1738783997162_8700216623308_1.png",
    "available": true,
    "promoUntil": null
  },
  {
    "id": "70460PAK",
    "title": "Palmolive Naturals Delicate Care Melk en Amandel Blokzeep 4x90g",
    "category": "Drogisterij en baby",
    "price": 3.31,
    "promoPrice": null,
    "pricePerUnit": "9.19 kg",
    "image": "https://www.jumbo.com/dam-images/fit-in/360x360/Products/70460_8714789703046_1_T1_70460PAK1691042761559.png",
    "available": true,
    "promoUntil": null
  },
  {
    "id": "390411DS",
    "title": "Douwe Egberts Lungo 6 Decaf 20 Capsules 104 g",
    "category": "Koffie en thee",
    "price": 5.79,
    "promoPrice": null,
    "pricePerUnit": "0.29 pieces",
    "image": "https://www.jumbo.com/dam-images/fit-in/360x360/Products/02042025_1743554013048_1743554027178_8711000473757_1.png",
    "available": false,
    "promoUntil": null
  },
  {
    "id": "682422ZK",
    "title": "Whiskas Temptations Kattensnacks met Zalm 60 g",
    "category": "Huishouden en dieren",
    "price": 2.37,
    "promoPrice": null,
    "pricePerUnit": "39.5 kg",
    "image": "https://www.jumbo.com/dam-images/fit-in/360x360/Products/31032025_1743413561702_1743413580415_5998749146231_596.png",
    "available": true,
    "promoUntil": null
  },
  {
    "id": "176578STK",
    "title": "Haribo Goudberen 250 g",
    "category": "Koek, snoep, chocolade en chips",
    "price": 1.82,
    "promoPrice": null,
    "pricePerUnit": "7.28 kg",
    "image": "https://www.jumbo.com/dam-images/fit-in/360x360/Products/18092025_1758163868490_1758163886183_176578_STK_05996379305912_H1N1.png",
    "available": true,
    "promoUntil": null
  },
  {
    "id": "349899DS",
    "title": "Jumbo Granaatappel Pitjes 250 g",
    "category": "Diepvries",
    "price": 1.81,
    "promoPrice": null,
    "pricePerUnit": "7.24 kg",
    "image": "https://www.jumbo.com/dam-images/fit-in/360x360/Products/09082023_1691587014949_1691587024442_8718452463565_1.png",
    "available": true,
    "promoUntil": null
  },
  {
    "id": "590962FLS",
    "title": "Jumbo Alsace - Pinot Blanc - 750 ML",
    "category": "Bier en wijn",
    "price": 6.99,
    "promoPrice": null,
    "pricePerUnit": "9.32 l",
    "image": "https://www.jumbo.com/dam-images/fit-in/360x360/Products/27052025_1748349168701_1748349174688_8718452712007_1.png",
    "available": true,
    "promoUntil": null
  },
  {
    "id": "660529STK",
    "title": "Jumbo - Waldkorn Bollen - 4 Stuks",
    "category": "Brood en gebak",
    "price": 1.49,
    "promoPrice": null,
    "pricePerUnit": "7.45 kg",
    "image": "https://www.jumbo.com/dam-images/fit-in/360x360/Products/20052025_1747737168651_1747737178647_8718452890767_1.png",
    "available": true,
    "promoUntil": null
  },
  {
    "id": "59996ZK",
    "title": "Duyvis Gezouten Pinda Noten 235 g",
    "category": "Koek, snoep, chocolade en chips",
    "price": 2.39,
    "promoPrice": null,
    "pricePerUnit": "10.17 kg",
    "image": "https://www.jumbo.com/dam-images/fit-in/360x360/Products/27032025_1743082410377_1743082416814_8710398162625_1.png",
    "available": true,
    "promoUntil": null
  },
  {
    "id": "662667PAK",
    "title": "McVitie's Digestive Wit 232 g",
    "category": "Koek, snoep, chocolade en chips",
    "price": 2.39,
    "promoPrice": null,
    "pricePerUnit": "10.3 kg",
    "image": "https://www.jumbo.com/dam-images/fit-in/360x360/Products/04032025_1741056585660_1741056595406_662667_PAK_05000396056341_H1N1.png",
    "available": true,
    "promoUntil": null
  }
]