[
  {
    "id": "412545FLS",
    "title": "Destop Wasmachinereiniger Integrale Behandeling - 250 ml",
    "category": "Huishouden en dieren",
    "price": 4.19,
    "promoPrice": null,
    "pricePerUnit": "16.76 l",
    "image": "https://www.jumbo.com/dam-images/fit-in/360x360/Products/10082023_1691677282601_1691677288423_8720065000532_1.png",
    "available": true,
    "promoUntil": null
  },
  {
    "id": "437869ZK",
    "title": "Go-Tan Emping melindjonoot kroepoek 90g",
    "category": "Wereldkeukens, kruiden, pasta en rijst",
    "price": 2.66,
    "promoPrice": null,
    "pricePerUnit": "29.56 kg",
    "image": "https://www.jumbo.com/dam-images/fit-in/360x360/Products/24042024_1713925215803_1713925224196_437869_ZK_08710605043006_C1N1.png",
    "available": true,
    "promoUntil": null
  },
  {
    "id": "585522STK",
    "title": "HEMA Geurkaars Linen",
    "category": "Non-food en servicebalie",
    "price": 4.19,
    "promoPrice": null,
    "pricePerUnit": "4.19 pieces",
    "image": "https://www.jumbo.com/dam-images/fit-in/360x360/Products/12122024_1734014502824_1734014512653_8718537883097_1.png",
    "available": true,
    "promoUntil": null
  },
  {
    "id": "541747STK",
    "title": "Italiaanse Borrelplank 4-6 Personen",
    "category": "Vleeswaren, kaas en tapas",
    "price": 20.59,
    "promoPrice": null,
    "pricePerUnit": "None None",
    "image": "https://www.jumbo.com/dam-images/fit-in/360x360/Products/541747STK13d8e3ff3-9d6a-4b03-8a0e-7ac892d9e4aa-1692177015805.png",
    "available": true,
    "promoUntil": null
  },
  {
    "id": "167425POT",
    "title": "Jumbo Biologisch Zongedroogde Tomaten 190 g",
    "category": "Wereldkeukens, kruiden, pasta en rijst",
    "price": 1.59,
    "promoPrice": null,
    "pricePerUnit": "17.67 kg",
    "image": "https://www.jumbo.com/dam-images/fit-in/360x360/Products/26032025_1743006790216_1743006801510_8718452558728_1.png",
    "available": true,
    "promoUntil": null
  },
  {
    "id": "496465STK",
    "title": "A. Vogel Echinaforce druppels tegen griep of verkoudheid (50ml)",
    "category": "Drogisterij en baby",
    "price": 10.99,
    "promoPrice": null,
    "pricePerUnit": "219.8 l",
    "image": "https://www.jumbo.com/dam-images/fit-in/360x360/Products/24092025_1758672092411_1758672097874_8711596177022_1.png",
    "available": true,
    "promoUntil": null
  },
  {
    "id": "686079FLS",
    "title": "Doppio Passo - Rosso Puglia - 750ML",
    "category": "Bier en wijn",
    "price": 7.99,
    "promoPrice": null,
    "pricePerUnit": "10.65 l",
    "image": "https://www.jumbo.com/dam-images/fit-in/360x360/Products/18062025_1750257313862_1750257316895_8008863074055_1.png",
    "available": true,
    "promoUntil": null
  },
  {
    "id": "471655FLS",
    "title": "Coca-Cola Zero Sugar Flavours Cherry 500 ml",
    "category": "Frisdrank en sappen",
    "price": 1.79,
    "promoPrice": null,
    "pricePerUnit": "3.58 l",
    "image": "https://www.jumbo.com/dam-images/fit-in/360x360/Products/25032024_1711381754046_1711381757300_5000112653984_1.png",
    "available": true,
    "promoUntil": null
  },
  {
    "id": "19028DS",
    "title": "Consenza Gluten Free Choco Teff Fingers 5 x 20 g",
    "category": "Koek, snoep, chocolade en chips",
    "price": 4.64,
    "promoPrice": null,
    "pricePerUnit": "46.4 kg",
    "image": "https://www.jumbo.com/dam-images/fit-in/360x360/Products/01072025_1751335493861_1751335504443_19028_DS_08717496860491_C1N1.png",
    "available": true,
    "promoUntil": null
  },
  {
    "id": "691465STK",
    "title": "HEMA Kaars Rib Rozen 7X19cm 1 Stuk",
    "category": "Non-food en servicebalie",
    "price": 3.0,
    "promoPrice": null,
    "pricePerUnit": "3.0 pieces",
    "image": "https://www.jumbo.com/dam-images/fit-in/360x360/Products/08042025_1744080380918_1744080383691_691465_STK_08721245007969_C1N1.png",
    "available": true,
    "promoUntil": null
  },
  {
    "id": "679891STK",
    "title": "HEMA Schrijfblok A4",
    "category": "Non-food en servicebalie",
    "price": 1.99,
    "promoPrice": null,
    "pricePerUnit": "1.99 pieces",
    "image": "https://www.jumbo.com/dam-images/fit-in/360x360/Products/14022025_1739527483013_1739527486342_679891_STK_08718161606727_C1N1.png",
    "available": true,
    "promoUntil": null
  },
  {
    "id": "381961ZK",
    "title": "Jumbo Luiers Maat 1 2-5 kg 36 Stuks",
    "category": "Drogisterij en baby",
    "price": 4.48,
    "promoPrice": null,
    "pricePerUnit": "0.12 pieces",
    "image": "https://www.jumbo.com/dam-images/fit-in/360x360/Products/12072024_1720773317211_1720773321454_8718452668397_1.png",
    "available": true,
    "promoUntil": null
  },
  {
    "id": "683285ZK",
    "title": "JIMMY's Popcorn Chicago Style",
    "category": "Koek, snoep, chocolade en chips",
    "price": 1.99,
    "promoPrice": null,
    "pricePerUnit": "18.09 kg",
    "image": "https://www.jumbo.com/dam-images/fit-in/360x360/Products/23052025_1747958434306_1747958447042_8713276111371_1.png",
    "available": true,
    "promoUntil": null
  },
  {
    "id": "568873ZK",
    "title": "Italiano Dropstaafjes Mix 170 g",
    "category": "Koek, snoep, chocolade en chips",
    "price": 2.27,
    "promoPrice": null,
    "pricePerUnit": "13.35 kg",
    "image": "https://www.jumbo.com/dam-images/fit-in/360x360/Products/14022024_1707872893230_1707872903079_8719700009603_1.png",
    "available": true,
    "promoUntil": null
  },
  {
    "id": "646833ZK",
    "title": "JIMMY's Popcorn Salted Caramel 150 g",
    "category": "Koek, snoep, chocolade en chips",
    "price": 1.79,
    "promoPrice": null,
    "pricePerUnit": "11.93 kg",
    "image": "https://www.jumbo.com/dam-images/fit-in/360x360/Products/23082024_1724441718230_1724441724487_8713276011190_1.png",
    "available": true,
    "promoUntil": null
  },
  {
    "id": "551123DS",
    "title": "Fairtrade Original Indonesische Nasi Goreng Kruidenpasta 75 g",
    "category": "Wereldkeukens, kruiden, pasta en rijst",
    "price": 2.29,
    "promoPrice": null,
    "pricePerUnit": "30.53 kg",
    "image": "https://www.jumbo.com/dam-images/fit-in/360x360/Products/18102023_1697594303740_1697594309749_551123_DS_08711741359648_C1N1.png",
    "available": true,
    "promoUntil": null
  },
  {
    "id": "703160DS",
    "title": "Boursin Plantaardig Knoflook & Kruiden 150g",
    "category": "Vleeswaren, kaas en tapas",
    "price": 3.49,
    "promoPrice": null,
    "pricePerUnit": "23.27 kg",
    "image": "https://www.jumbo.com/dam-images/fit-in/360x360/Products/05062025_1749148348876_1749148355179_3073781209891_1.png",
    "available": true,
    "promoUntil": null
  },
  {
    "id": "37276FLS",
    "title": "Excellence - Syrah - Pays dâ€™Oc IGP - 750ML",
    "category": "Bier en wijn",
    "price": 4.99,
    "promoPrice": null,
    "pricePerUnit": "6.65 l",
    "image": "https://www.jumbo.com/dam-images/fit-in/360x360/Products/17042025_1744882429239_1744882432720_3760165910329_1.png",
    "available": true,
    "promoUntil": null
  },
  {
    "id": "616684BUS",
    "title": "AXE Deodorant Bodyspray Jungle Fresh 150 ml",
    "category": "Drogisterij en baby",
    "price": 7.99,
    "promoPrice": null,
    "pricePerUnit": "53.27 l",
    "image": "https://www.jumbo.com/dam-images/fit-in/360x360/Products/24092025_1758675709225_1758675724400_616684_BUS_08720181436727_H1N1.png",
    "available": true,
    "promoUntil": null
  },
  {
    "id": "647999STK",
    "title": "Jumbo Biologisch Knijpfruit Appel & Banaan 6+ Maanden 2 x 90 g",
    "category": "Drogisterij en baby",
    "price": 1.88,
    "promoPrice": null,
    "pricePerUnit": "None None",
    "image": "https://www.jumbo.com/dam-images/fit-in/360x360/Products/20230142995da595-5600-4399-9ee5-30528d105f05-1725526832519.png",
    "available": true,
    "promoUntil": null
  },
  {
    "id": "544638BLK",
    "title": "Jumbo Cola Zero - Blik - 330ML",
    "category": "Frisdrank en sappen",
    "price": 0.39,
    "promoPrice": null,
    "pricePerUnit": "1.18 l",
    "image": "https://www.jumbo.com/dam-images/fit-in/360x360/Products/12052025_1747042406468_1747042417810_8718452639540_596.png",
    "available": true,
    "promoUntil": null
  },
  {
    "id": "548741DS",
    "title": "Always Daily Protect Long Met Een Frisse Geur Inlegkruisjes",
    "category": "Drogisterij en baby",
    "price": 6.19,
    "promoPrice": null,
    "pricePerUnit": "0.12 pieces",
    "image": "https://www.jumbo.com/dam-images/fit-in/360x360/Products/15082025_1755216054974_1755216060271_8006540806425_1.png",
    "available": true,
    "promoUntil": null
  },
  {
    "id": "471595ZK",
    "title": "Bonzo Megabone Groot Hondensnacks",
    "category": "Huishouden en dieren",
    "price": 2.37,
    "promoPrice": null,
    "pricePerUnit": "11.85 kg",
    "image": "https://www.jumbo.com/dam-images/fit-in/360x360/Products/30062025_1751245274254_1751245330482_471595_ZK_07613287502001_C1N1_s03.png",
    "available": true,
    "promoUntil": null
  },
  {
    "id": "484062POT",
    "title": "Jumbo Salsa Dip Hot 300 g",
    "category": "Koek, snoep, chocolade en chips",
    "price": 1.19,
    "promoPrice": null,
    "pricePerUnit": "3.97 kg",
    "image": "https://www.jumbo.com/dam-images/fit-in/360x360/Products/10082023_1691677258401_1691677268840_8718452605309_1.png",
    "available": true,
    "promoUntil": null
  },
  {
    "id": "540469BLK",
    "title": "AriZona Iced Tea Perzik 330 ML",
    "category": "Frisdrank en sappen",
    "price": 0.85,
    "promoPrice": null,
    "pricePerUnit": "2.58 l",
    "image": "https://www.jumbo.com/dam-images/fit-in/360x360/Products/12122024_1734014601001_1734014605953_613008743482_1.png",
    "available": true,
    "promoUntil": null
  },
  {
    "id": "187098POT",
    "title": "Conimex Sambal Badjak 200 g",
    "category": "Wereldkeukens, kruiden, pasta en rijst",
    "price": 2.17,
    "promoPrice": null,
    "pricePerUnit": "10.85 kg",
    "image": "https://www.jumbo.com/dam-images/fit-in/360x360/Products/17042025_1744854350160_1744854369479_187098_POT_08714100748268_C1N1.png",
    "available": true,
    "promoUntil": null
  },
  {
    "id": "641235DS",
    "title": "Daro Thijm hoestsiroop origineel, 200 ml",
    "category": "Drogisterij en baby",
    "price": 9.39,
    "promoPrice": null,
    "pricePerUnit": "46.95 l",
    "image": "https://www.jumbo.com/dam-images/fit-in/360x360/Products/24092025_1758672137029_1758672143531_8714319030017_1.png",
    "available": true,
    "promoUntil": null
  },
  {
    "id": "680270STK",
    "title": "HEMA Bakkwast Siliconen Dot Groen/Blauw",
    "category": "Non-food en servicebalie",
    "price": 3.79,
    "promoPrice": null,
    "pricePerUnit": "3.79 pieces",
    "image": "https://www.jumbo.com/dam-images/fit-in/360x360/Products/17022025_1739805349733_1739805352216_680270_STK_08720354519653_C1N1.png",
    "available": true,
    "promoUntil": null
  },
  {
    "id": "551740POT",
    "title": "Jumbo Paprika Rood Geroosterd 290 g",
    "category": "Vleeswaren, kaas en tapas",
    "price": 2.09,
    "promoPrice": null,
    "pricePerUnit": "9.29 kg",
    "image": "https://www.jumbo.com/dam-images/fit-in/360x360/Products/05082025_1754418830995_1754418836529_8718452750696_1.png",
    "available": true,
    "promoUntil": null
  },
  {
    "id": "606713BAK",
    "title": "Jumbo Plantaardige KruidencrÃ¨me 100 g",
    "category": "Vleeswaren, kaas en tapas",
    "price": 1.09,
    "promoPrice": null,
    "pricePerUnit": "10.9 kg",
    "image": "https://www.jumbo.com/dam-images/fit-in/360x360/Products/29012025_1738150366443_1738150373413_8718452802746_1.png",
    "available": true,
    "promoUntil": null
  },
  {
    "id": "498947ZK",
    "title": "Conimex Rijstnoedels 2mm 225 g",
    "category": "Wereldkeukens, kruiden, pasta en rijst",
    "price": 3.16,
    "promoPrice": null,
    "pricePerUnit": "14.04 kg",
    "image": "https://www.jumbo.com/dam-images/fit-in/360x360/Products/29032025_1743220113953_1743220140217_498947_ZK_08712100837616_H1N1.png",
    "available": true,
    "promoUntil": null
  },
  {
    "id": "11146STK",
    "title": "Dulcolax Zetpillen (laxeermiddel) 10 mg, 6 stuks",
    "category": "Drogisterij en baby",
    "price": 6.09,
    "promoPrice": null,
    "pricePerUnit": "1.02 pieces",
    "image": "https://www.jumbo.com/dam-images/fit-in/360x360/Products/24092025_1758672090266_1758672095777_8712172864466_1.png",
    "available": true,
    "promoUntil": null
  },
  {
    "id": "702645FLS",
    "title": "Erdinger Weissbier 0,4% 500ML",
    "category": "Bier en wijn",
    "price": 1.89,
    "promoPrice": null,
    "pricePerUnit": "3.78 l",
    "image": "https://www.jumbo.com/dam-images/fit-in/360x360/Products/20092025_1758335663892_1758335668563_702645_FLS_04002103019107_C1N1.png",
    "available": true,
    "promoUntil": null
  },
  {
    "id": "579805BLK",
    "title": "Erdinger - WeiÃŸbier - Blik - 500ML",
    "category": "Bier en wijn",
    "price": 2.15,
    "promoPrice": null,
    "pricePerUnit": "4.3 l",
    "image": "https://www.jumbo.com/dam-images/fit-in/360x360/Products/14022024_1707873662215_1707873667091_8720847226143_1.png",
    "available": true,
    "promoUntil": null
  },
  {
    "id": "498043PAK",
    "title": " Jumbo - Desem Baguettes - Wit - 2 Stuks",
    "category": "Brood en gebak",
    "price": 2.18,
    "promoPrice": null,
    "pricePerUnit": "8.72 kg",
    "image": "https://www.jumbo.com/dam-images/fit-in/360x360/Products/01052025_1746091946737_1746091953063_8718452649754_1.png",
    "available": true,
    "promoUntil": null
  },
  {
    "id": "645643BLK",
    "title": "Bertolli Basis voor Pastasaus met Chilipeper en Italiaanse Tomaten 400 g",
    "category": "Wereldkeukens, kruiden, pasta en rijst",
    "price": 1.39,
    "promoPrice": null,
    "pricePerUnit": "3.48 kg",
    "image": "https://www.jumbo.com/dam-images/fit-in/360x360/Products/06112024_1730889185746_1730889191728_8720791223939_1.png",
    "available": true,
    "promoUntil": null
  },
  {
    "id": "189273STK",
    "title": "Jordan Soft 3-5 Jaar Tandenborstel",
    "category": "Drogisterij en baby",
    "price": 2.69,
    "promoPrice": null,
    "pricePerUnit": "2.69 pieces",
    "image": "https://www.jumbo.com/dam-images/fit-in/360x360/Products/10082023_1691674906159_1691674911408_7038516220202_1.png",
    "available": true,
    "promoUntil": null
  },
  {
    "id": "687669ZK",
    "title": "Cheetos Nibb-it Sticks Naturel Chips 22 gr",
    "category": "Koek, snoep, chocolade en chips",
    "price": 0.75,
    "promoPrice": null,
    "pricePerUnit": "34.09 kg",
    "image": "https://www.jumbo.com/dam-images/fit-in/360x360/Products/14072025_1752503579464_1752503585130_8710398502704_1.png",
    "available": true,
    "promoUntil": null
  },
  {
    "id": "678388STK",
    "title": "HEMA Diamant Nagelvijl Dubbelzijdig Klein",
    "category": "Drogisterij en baby",
    "price": 1.99,
    "promoPrice": null,
    "pricePerUnit": "1.99 pieces",
    "image": "https://www.jumbo.com/dam-images/fit-in/360x360/Products/10082023_1691676464137_1691676465486_8718537567812_1.png",
    "available": true,
    "promoUntil": null
  },
  {
    "id": "557790NET",
    "title": "Jumbo Biologisch Grapefruit 2 Stuks",
    "category": "Aardappelen, groente en fruit",
    "price": 2.79,
    "promoPrice": null,
    "pricePerUnit": "1.4 pieces",
    "image": "https://www.jumbo.com/dam-images/fit-in/360x360/Products/10082023_1691677959109_1691677971175_8718452694235_1.png",
    "available": true,
    "promoUntil": null
  },
  {
    "id": "573238ZK",
    "title": "Jumbo Biologisch Kruidnoten 200 g",
    "category": "Koek, snoep, chocolade en chips",
    "price": 1.49,
    "promoPrice": null,
    "pricePerUnit": "7.45 kg",
    "image": "https://www.jumbo.com/dam-images/fit-in/360x360/Products/17042024_1713379028792_1713379033493_8718452750146_1.png",
    "available": true,
    "promoUntil": null
  },
  {
    "id": "694363DS",
    "title": "Jumbo Chocs Dark Ice Coffee 4 Stuks",
    "category": "Diepvries",
    "price": 3.99,
    "promoPrice": null,
    "pricePerUnit": "9.98 l",
    "image": "https://www.jumbo.com/dam-images/fit-in/360x360/Products/26052025_1748277173788_1748277187635_8718452899760_596.png",
    "available": true,
    "promoUntil": null
  },
  {
    "id": "227447FLS",
    "title": "Conimex Woksaus Hoisin 175 ml",
    "category": "Wereldkeukens, kruiden, pasta en rijst",
    "price": 2.66,
    "promoPrice": null,
    "pricePerUnit": "15.2 l",
    "image": "https://www.jumbo.com/dam-images/fit-in/360x360/Products/22082025_1755825310979_1755825344633_227447_FLS_08711200431793_H1N1.png",
    "available": true,
    "promoUntil": null
  },
  {
    "id": "616686STK",
    "title": "Dove Advanced Care Go Fresh Anti-Transpirant Deodorant Roller Cucumber 50 ml",
    "category": "Drogisterij en baby",
    "price": 5.59,
    "promoPrice": null,
    "pricePerUnit": "111.8 l",
    "image": "https://www.jumbo.com/dam-images/fit-in/360x360/Products/06032025_1741275188654_1741275192031_59092711_1.png",
    "available": true,
    "promoUntil": null
  },
  {
    "id": "408583BLK",
    "title": "Jumbo Kokosmelk 400 ml",
    "category": "Wereldkeukens, kruiden, pasta en rijst",
    "price": 2.17,
    "promoPrice": null,
    "pricePerUnit": "5.43 l",
    "image": "https://www.jumbo.com/dam-images/fit-in/360x360/Products/10082023_1691676549573_1691676559900_8718452516551_1.png",
    "available": true,
    "promoUntil": null
  },
  {
    "id": "618336DS",
    "title": "Jumbo Kokosnoot 100 g",
    "category": "Aardappelen, groente en fruit",
    "price": 2.49,
    "promoPrice": null,
    "pricePerUnit": "24.9 kg",
    "image": "https://www.jumbo.com/dam-images/fit-in/360x360/Products/01052024_1714559649255_1714559657463_8718452835577_1.png",
    "available": true,
    "promoUntil": null
  },
  {
    "id": "692692STK",
    "title": "HEMA Springvorm 24 cm",
    "category": "Non-food en servicebalie",
    "price": 11.99,
    "promoPrice": null,
    "pricePerUnit": "11.99 pieces",
    "image": "https://www.jumbo.com/dam-images/fit-in/360x360/Products/10052025_1746846747248_1746846749955_692692_STK_08718537854516_C1N1.png",
    "available": true,
    "promoUntil": null
  },
  {
    "id": "495887DS",
    "title": "Jumbo Mokka Boontjes Puur 125 g",
    "category": "Koek, snoep, chocolade en chips",
    "price": 2.49,
    "promoPrice": null,
    "pricePerUnit": "19.92 kg",
    "image": "https://www.jumbo.com/dam-images/fit-in/360x360/Products/16052025_1747420369318_1747420376105_8718452549894_1.png",
    "available": true,
    "promoUntil": null
  },
  {
    "id": "338009STK",
    "title": "Jumbo Peren En Mandarijnen",
    "category": "Aardappelen, groente en fruit",
    "price": 4.84,
    "promoPrice": null,
    "pricePerUnit": "None None",
    "image": "https://www.jumbo.com/dam-images/fit-in/360x360/Products/338009_20420307_1_T1_338009STK1691072696879.png",
    "available": true,
    "promoUntil": null
  },
  {
    "id": "603936STK",
    "title": "Jumbo Verse Sappen Sinaasappel",
    "category": "Aardappelen, groente en fruit",
    "price": 5.87,
    "promoPrice": null,
    "pricePerUnit": "None None",
    "image": "https://www.jumbo.com/dam-images/fit-in/360x360/Products/20057824f1611cc1-43d9-46b0-9bf3-b4cc42350067-1744294287818.png",
    "available": true,
    "promoUntil": null
  },
  {
    "id": "450991STK",
    "title": "Aleve Classic bij o.a. hoofdpijn, griep, verkoudheid en kiespijn, 12 tabletten",
    "category": "Drogisterij en baby",
    "price": 4.09,
    "promoPrice": null,
    "pricePerUnit": "0.34 pieces",
    "image": "https://www.jumbo.com/dam-images/fit-in/360x360/Products/24092025_1758672062905_1758672071071_8713091028496_1.png",
    "available": true,
    "promoUntil": null
  },
  {
    "id": "680320DS",
    "title": "HEMA Punaises 45 Stuks",
    "category": "Non-food en servicebalie",
    "price": 1.49,
    "promoPrice": null,
    "pricePerUnit": "0.03 pieces",
    "image": "https://www.jumbo.com/dam-images/fit-in/360x360/Products/28092023_1695920230474_1695920257703_8713475256194_1.png",
    "available": true,
    "promoUntil": null
  },
  {
    "id": "640438BUS",
    "title": "HGX Spray Tegen Mieren 400 ml",
    "category": "Non-food en servicebalie",
    "price": 14.59,
    "promoPrice": null,
    "pricePerUnit": "36.48 l",
    "image": "https://www.jumbo.com/dam-images/fit-in/360x360/Products/12122024_1734014363988_1734014365690_8711577062378_1.png",
    "available": true,
    "promoUntil": null
  },
  {
    "id": "318568STK",
    "title": "Jumbo Stro 1 kg",
    "category": "Huishouden en dieren",
    "price": 2.39,
    "promoPrice": null,
    "pricePerUnit": "2.39 kg",
    "image": "https://www.jumbo.com/dam-images/fit-in/360x360/Products/09082023_1691586205456_1691586234969_8718452368396_1.png",
    "available": true,
    "promoUntil": null
  },
  {
    "id": "696328ZK",
    "title": "Jumbo Biologisch Aardappelen Vastkokend 1KG",
    "category": "Aardappelen, groente en fruit",
    "price": 2.39,
    "promoPrice": null,
    "pricePerUnit": "2.39 kg",
    "image": "https://www.jumbo.com/dam-images/fit-in/360x360/Products/8718452892785T1a4856bc1-73cd-4694-ad15-fa1b9e4d4fed-1749216349103.png",
    "available": true,
    "promoUntil": null
  },
  {
    "id": "576906ZK",
    "title": "Jumbo Gezouten Kingsize Pinda's Chili 350 g",
    "category": "Koek, snoep, chocolade en chips",
    "price": 3.49,
    "promoPrice": null,
    "pricePerUnit": "9.97 kg",
    "image": "https://www.jumbo.com/dam-images/fit-in/360x360/Products/14022024_1707873714910_1707873719861_8718452741373_1.png",
    "available": true,
    "promoUntil": null
  },
  {
    "id": "576905ZK",
    "title": "Jumbo Gezouten Kingsize Pinda's Paprika 350 g",
    "category": "Koek, snoep, chocolade en chips",
    "price": 3.49,
    "promoPrice": null,
    "pricePerUnit": "9.97 kg",
    "image": "https://www.jumbo.com/dam-images/fit-in/360x360/Products/14022024_1707873701486_1707873705759_8718452741366_1.png",
    "available": true,
    "promoUntil": null
  },
  {
    "id": "683103DS",
    "title": "Jumbo Salade Pot Kip Teriyaki 325 g",
    "category": "Verse maaltijden en gemak",
    "price": 3.99,
    "promoPrice": null,
    "pricePerUnit": "12.28 kg",
    "image": "https://www.jumbo.com/dam-images/fit-in/360x360/Products/12052025_1747074768021_1747074775626_8718452891733_1.png",
    "available": true,
    "promoUntil": null
  },
  {
    "id": "713663BLK",
    "title": "Clipper Lemon Lime Mint Organic Fusion 250ml",
    "category": "Frisdrank en sappen",
    "price": 1.59,
    "promoPrice": null,
    "pricePerUnit": "6.36 l",
    "image": "https://www.jumbo.com/dam-images/fit-in/360x360/Products/12082025_1754983039870_1754983047808_713663_BLK_05021991944581_H1N1.png",
    "available": true,
    "promoUntil": null
  },
  {
    "id": "677507STK",
    "title": "Cesar Natural Goodness - Nat Hondenvoer - Rundvlees 4 x 100g",
    "category": "Huishouden en dieren",
    "price": 6.68,
    "promoPrice": null,
    "pricePerUnit": "None None",
    "image": "https://www.jumbo.com/dam-images/fit-in/360x360/Products/677507STK570fcce9-3e3f-4924-84f8-17b2b12f33fd-1738843279811.png",
    "available": true,
    "promoUntil": null
  },
  {
    "id": "667772FLS",
    "title": "Fentimans Mandarin And Seville Orange Jigger 750ML",
    "category": "Frisdrank en sappen",
    "price": 4.39,
    "promoPrice": null,
    "pricePerUnit": "5.85 l",
    "image": "https://www.jumbo.com/dam-images/fit-in/360x360/Products/05122024_1733398880727_1733398883367_667772_FLS_05029396003018_C1N1.png",
    "available": true,
    "promoUntil": null
  },
  {
    "id": "679898ZK",
    "title": "HEMA Eiersnijder Zwart",
    "category": "Non-food en servicebalie",
    "price": 3.59,
    "promoPrice": null,
    "pricePerUnit": "3.59 pieces",
    "image": "https://www.jumbo.com/dam-images/fit-in/360x360/Products/14022025_1739532830878_1739532838310_679898_ZK_08720354269893_C1N1.png",
    "available": true,
    "promoUntil": null
  },
  {
    "id": "534439BLK",
    "title": "Hawai Tropical - Blik - 250 ml",
    "category": "Frisdrank en sappen",
    "price": 0.99,
    "promoPrice": null,
    "pricePerUnit": "3.96 l",
    "image": "https://www.jumbo.com/dam-images/fit-in/360x360/Products/09082023_1691593193025_1691593210858_5000112659948_1.png",
    "available": true,
    "promoUntil": null
  },
  {
    "id": "218384STK",
    "title": "Jumbo Kip Snack Strips Mini 50 g",
    "category": "Huishouden en dieren",
    "price": 1.77,
    "promoPrice": null,
    "pricePerUnit": "35.4 kg",
    "image": "https://www.jumbo.com/dam-images/fit-in/360x360/Products/21052025_1747841646494_1747841652756_8718452584147_1.png",
    "available": true,
    "promoUntil": null
  },
  {
    "id": "613415STK",
    "title": "Jumbo Vers Sap Gember, Mango & Passievrucht 3 x 250ML",
    "category": "Aardappelen, groente en fruit",
    "price": 5.97,
    "promoPrice": null,
    "pricePerUnit": "None None",
    "image": "https://www.jumbo.com/dam-images/fit-in/360x360/Products/20220396cf950144-59f6-4826-962d-2fe9999e8ba1-1744205227926.png",
    "available": true,
    "promoUntil": null
  },
  {
    "id": "684468DS",
    "title": "999 Games Graantje de Voorste",
    "category": "Non-food en servicebalie",
    "price": 16.99,
    "promoPrice": null,
    "pricePerUnit": "16.99 pieces",
    "image": "https://www.jumbo.com/dam-images/fit-in/360x360/Products/GraantjedeVoorste1a0a25557-5810-403d-941b-0197b6d57426-1750064390571.png",
    "available": true,
    "promoUntil": null
  },
  {
    "id": "434675FLS",
    "title": "De Naeckte Brouwers - Nimf Tripel - Fles - 330ML",
    "category": "Bier en wijn",
    "price": 3.25,
    "promoPrice": null,
    "pricePerUnit": "9.85 l",
    "image": "https://www.jumbo.com/dam-images/fit-in/360x360/Products/09082023_1691588272722_1691588340880_8718781907044_1.png",
    "available": true,
    "promoUntil": null
  },
  {
    "id": "512456STK",
    "title": "Echinaforce forte+vitamine c tabletten, 45 stuks",
    "category": "Drogisterij en baby",
    "price": 15.99,
    "promoPrice": null,
    "pricePerUnit": "0.36 pieces",
    "image": "https://www.jumbo.com/dam-images/fit-in/360x360/Products/24092025_1758672062830_1758672067698_8711596579536_1.png",
    "available": true,
    "promoUntil": null
  },
  {
    "id": "580844FLS",
    "title": "Jakob Demmer - Riesling - 750 ML",
    "category": "Bier en wijn",
    "price": 4.19,
    "promoPrice": null,
    "pricePerUnit": "5.59 l",
    "image": "https://www.jumbo.com/dam-images/fit-in/360x360/Products/07112023_1699353426671_1699353431110_4041584008453_1.png",
    "available": true,
    "promoUntil": null
  },
  {
    "id": "640371DS",
    "title": "HG Airfryer Reiniger 250ml",
    "category": "Huishouden en dieren",
    "price": 11.99,
    "promoPrice": null,
    "pricePerUnit": "47.96 l",
    "image": "https://www.jumbo.com/dam-images/fit-in/360x360/Products/15072024_1721049247991_1721049252431_640371_DS_08711577259006_C1N1.png",
    "available": true,
    "promoUntil": null
  },
  {
    "id": "640414FLS",
    "title": "HG kookplaat polish 250ml",
    "category": "Huishouden en dieren",
    "price": 6.79,
    "promoPrice": null,
    "pricePerUnit": "27.16 l",
    "image": "https://www.jumbo.com/dam-images/fit-in/360x360/Products/16072024_1721108818063_1721108822315_640414_FLS_08711577189389_C1N1.png",
    "available": true,
    "promoUntil": null
  },
  {
    "id": "544734FLS",
    "title": "Gordon's - Premium Pink Gin & Tonic - 250ML",
    "category": "Bier en wijn",
    "price": 2.29,
    "promoPrice": null,
    "pricePerUnit": "9.16 l",
    "image": "https://www.jumbo.com/dam-images/fit-in/360x360/Products/08012025_1736305442708_1736305444798_544734_FLS_08711300999919_C1N1.png",
    "available": true,
    "promoUntil": null
  },
  {
    "id": "698772FLS",
    "title": "AndrÃ©lon Conditioner Intense Repair 200 ml",
    "category": "Drogisterij en baby",
    "price": 5.65,
    "promoPrice": null,
    "pricePerUnit": "28.25 l",
    "image": "https://www.jumbo.com/dam-images/fit-in/360x360/Products/17072025_1752748405020_1752748410494_8720181619359_1.png",
    "available": true,
    "promoUntil": null
  },
  {
    "id": "670764STK",
    "title": "HEMA A5 kleurboek met stickers bos",
    "category": "Non-food en servicebalie",
    "price": 1.69,
    "promoPrice": null,
    "pricePerUnit": "1.69 pieces",
    "image": "https://www.jumbo.com/dam-images/fit-in/360x360/Products/08042025_1744079774431_1744079778414_670764_STK_08718537683116_C1N1.png",
    "available": true,
    "promoUntil": null
  },
  {
    "id": "673186EM",
    "title": "Clevers IJs Hazelnoot Praline 500ML",
    "category": "Diepvries",
    "price": 5.95,
    "promoPrice": null,
    "pricePerUnit": "11.9 l",
    "image": "https://www.jumbo.com/dam-images/fit-in/360x360/Products/08720589422360C1N1ec95f135-7362-4e2f-a9b3-4abd28fba155-1741010141579.png",
    "available": true,
    "promoUntil": null
  },
  {
    "id": "510630ZK",
    "title": "Jumbo Geschoonde Spruitjes 200 g",
    "category": "Aardappelen, groente en fruit",
    "price": 2.09,
    "promoPrice": null,
    "pricePerUnit": "10.45 kg",
    "image": "https://www.jumbo.com/dam-images/fit-in/360x360/Products/05102024_1728086419865_1728086429092_8718452776597_1.png",
    "available": true,
    "promoUntil": null
  },
  {
    "id": "593934ZK",
    "title": "Jumbo Huishoudhandschoenen Latexvrij L 1 Stuk",
    "category": "Huishouden en dieren",
    "price": 1.99,
    "promoPrice": null,
    "pricePerUnit": "1.99 pieces",
    "image": "https://www.jumbo.com/dam-images/fit-in/360x360/Products/14052025_1747215232580_1747215241289_8718452699827_1.png",
    "available": true,
    "promoUntil": null
  },
  {
    "id": "559764POT",
    "title": "Jumbo Pesto Pistache 190 g",
    "category": "Wereldkeukens, kruiden, pasta en rijst",
    "price": 2.49,
    "promoPrice": null,
    "pricePerUnit": "13.11 kg",
    "image": "https://www.jumbo.com/dam-images/fit-in/360x360/Products/14022024_1707873255816_1707873263137_8718452726202_1.png",
    "available": true,
    "promoUntil": null
  },
  {
    "id": "523927ZK",
    "title": "Jumbo Snack Rijk aan Kip Botjes 100 g",
    "category": "Huishouden en dieren",
    "price": 1.89,
    "promoPrice": null,
    "pricePerUnit": "18.9 kg",
    "image": "https://www.jumbo.com/dam-images/fit-in/360x360/Products/09082023_1691592103882_1691592135782_8718452653966_1.png",
    "available": true,
    "promoUntil": null
  },
  {
    "id": "705175ZK",
    "title": "Jumbo Tortilla Chips Cool Cream 170 g",
    "category": "Koek, snoep, chocolade en chips",
    "price": 1.01,
    "promoPrice": null,
    "pricePerUnit": "5.94 kg",
    "image": "https://www.jumbo.com/dam-images/fit-in/360x360/Products/04072025_1751636012356_1751636034985_8718452897414_596.png",
    "available": true,
    "promoUntil": null
  },
  {
    "id": "532016FLS",
    "title": "Jumbo Vers Sap Appel, Peer & Avocado 500ML",
    "category": "Aardappelen, groente en fruit",
    "price": 2.59,
    "promoPrice": null,
    "pricePerUnit": "5.18 l",
    "image": "https://www.jumbo.com/dam-images/fit-in/360x360/Products/04112024_1730752387205_1730752390567_8718452863631_1.png",
    "available": true,
    "promoUntil": null
  },
  {
    "id": "639001DS",
    "title": "Jumbo Verspakket Shepherd's Pie 4 Personen",
    "category": "Verse maaltijden en gemak",
    "price": 5.89,
    "promoPrice": null,
    "pricePerUnit": "5.45 kg",
    "image": "https://www.jumbo.com/dam-images/fit-in/360x360/Products/02092025_1756816429224_1756816434141_8718452939589_1.png",
    "available": true,
    "promoUntil": null
  },
  {
    "id": "478175STK",
    "title": "Germain Epoisses 125 g",
    "category": "Vleeswaren, kaas en tapas",
    "price": 5.15,
    "promoPrice": null,
    "pricePerUnit": "41.2 kg",
    "image": "https://www.jumbo.com/dam-images/fit-in/360x360/Products/09092025_1757421314169_1757421321366_3336660021848_1.png",
    "available": true,
    "promoUntil": null
  },
  {
    "id": "617005BLK",
    "title": "Euroma Asian style BBQ by Jonnie Boer",
    "category": "Wereldkeukens, kruiden, pasta en rijst",
    "price": 3.55,
    "promoPrice": null,
    "pricePerUnit": "88.75 kg",
    "image": "https://www.jumbo.com/dam-images/fit-in/360x360/Products/03062024_1717414577540_1717414587296_8717600352027_1.png",
    "available": true,
    "promoUntil": null
  },
  {
    "id": "616768BLK",
    "title": "Euroma American style BBQ by Jonnie Boer",
    "category": "Wereldkeukens, kruiden, pasta en rijst",
    "price": 3.55,
    "promoPrice": null,
    "pricePerUnit": "64.55 kg",
    "image": "https://www.jumbo.com/dam-images/fit-in/360x360/Products/03062024_1717414577501_1717414587235_8717600351969_1.png",
    "available": true,
    "promoUntil": null
  },
  {
    "id": "619974BLK",
    "title": "Euroma Essential NÂ°10 Paprika",
    "category": "Wereldkeukens, kruiden, pasta en rijst",
    "price": 3.14,
    "promoPrice": null,
    "pricePerUnit": "66.81 kg",
    "image": "https://www.jumbo.com/dam-images/fit-in/360x360/Products/22062024_1719020182841_1719020189427_619974_BLK_08717600345913_C1N1.png",
    "available": true,
    "promoUntil": null
  },
  {
    "id": "187111POT",
    "title": "Conimex Sambal Brandal 200 g",
    "category": "Wereldkeukens, kruiden, pasta en rijst",
    "price": 2.17,
    "promoPrice": null,
    "pricePerUnit": "10.85 kg",
    "image": "https://www.jumbo.com/dam-images/fit-in/360x360/Products/17092025_1758074897655_1758074928280_187111_POT_08714100736005_C1N1.png",
    "available": true,
    "promoUntil": null
  },
  {
    "id": "695424DS",
    "title": "Curalyn Paracetamol filmomh 500mg 20tabl",
    "category": "Drogisterij en baby",
    "price": 0.79,
    "promoPrice": null,
    "pricePerUnit": "0.04 pieces",
    "image": "https://www.jumbo.com/dam-images/fit-in/360x360/Products/23092025_1758585661273_1758585665075_8712113659168_1.png",
    "available": true,
    "promoUntil": null
  },
  {
    "id": "572617ZK",
    "title": "Elephant Baked Squeezed Pretzels Tomatoes & Herbs 160 g",
    "category": "Koek, snoep, chocolade en chips",
    "price": 2.47,
    "promoPrice": null,
    "pricePerUnit": "15.44 kg",
    "image": "https://www.jumbo.com/dam-images/fit-in/360x360/Products/5949040203024T193efb9889-dcd0-43da-9696-318f18ea6af9-1745995856176.png",
    "available": true,
    "promoUntil": null
  },
  {
    "id": "501899ZK",
    "title": "Jumbo Biologisch Ongebrande Hazelnoten 175 g",
    "category": "Aardappelen, groente en fruit",
    "price": 3.69,
    "promoPrice": null,
    "pricePerUnit": "21.09 kg",
    "image": "https://www.jumbo.com/dam-images/fit-in/360x360/Products/501899_8718452633616_1_T1_501899ZK1691135872505.png",
    "available": true,
    "promoUntil": null
  },
  {
    "id": "580735STK",
    "title": "Jumbo Fleecevezeldoek 1 Stuk",
    "category": "Huishouden en dieren",
    "price": 0.99,
    "promoPrice": null,
    "pricePerUnit": "0.99 pieces",
    "image": "https://www.jumbo.com/dam-images/fit-in/360x360/Products/14052025_1747215231809_1747215235768_8718452699629_1.png",
    "available": true,
    "promoUntil": null
  },
  {
    "id": "534851BLK",
    "title": "Bombay Sapphire Gin & Tonic 250ML",
    "category": "Bier en wijn",
    "price": 2.49,
    "promoPrice": null,
    "pricePerUnit": "9.96 l",
    "image": "https://www.jumbo.com/dam-images/fit-in/360x360/Products/21062025_1750469979564_1750469983664_534851_BLK_07640175744618_C1N1.png",
    "available": true,
    "promoUntil": null
  },
  {
    "id": "294056FLS",
    "title": "Comte des Clos - Merlot - Cabernet Sauvignon - 750ML",
    "category": "Bier en wijn",
    "price": 4.19,
    "promoPrice": null,
    "pricePerUnit": "5.59 l",
    "image": "https://www.jumbo.com/dam-images/fit-in/360x360/Products/18092023_1695048154488_1695048158478_3251091809042_1.png",
    "available": true,
    "promoUntil": null
  },
  {
    "id": "361761FLS",
    "title": "De Eeuwige Jeugd - Belhamel IPA - Fles - 330ML",
    "category": "Bier en wijn",
    "price": 2.99,
    "promoPrice": null,
    "pricePerUnit": "9.06 l",
    "image": "https://www.jumbo.com/dam-images/fit-in/360x360/Products/20092025_1758335375680_1758335378427_361761_FLS_08719326049151_C1N1.png",
    "available": true,
    "promoUntil": null
  },
  {
    "id": "363800FLS",
    "title": "Go-Tan Bio-Organic Ketjap Manis Gluten Free 145 ml",
    "category": "Wereldkeukens, kruiden, pasta en rijst",
    "price": 2.96,
    "promoPrice": null,
    "pricePerUnit": "20.41 l",
    "image": "https://www.jumbo.com/dam-images/fit-in/360x360/Products/20122023_1703064411686_1703064414222_363800_FLS_08710605018646_C1N1.png",
    "available": true,
    "promoUntil": null
  },
  {
    "id": "616683DSL",
    "title": "AXE Fine Fragrance Collection Premium Deodorant Bodyspray Black Vanilla 150 ml x 6 stuks",
    "category": "Drogisterij en baby",
    "price": 50.94,
    "promoPrice": 35.65,
    "pricePerUnit": "39.61 l",
    "image": "https://www.jumbo.com/dam-images/fit-in/360x360/Products/616683DSL1ce51a188-e1dc-4119-9691-d28ca9b2eca9-1717485196898.png",
    "available": true,
    "promoUntil": "di 7 okt"
  },
  {
    "id": "664314ZK",
    "title": "Bazooka Candy Brands Juicy Drop Blasts Chews Filled with Sour Powder 120 g",
    "category": "Koek, snoep, chocolade en chips",
    "price": 1.89,
    "promoPrice": null,
    "pricePerUnit": "15.75 kg",
    "image": "https://www.jumbo.com/dam-images/fit-in/360x360/Products/01072025_1751380370245_1751380378241_5011053024436_1.png",
    "available": true,
    "promoUntil": null
  },
  {
    "id": "628064ZK",
    "title": "BioToday Cookie Lovers Spelt-Meerzadenkoeken 200 g",
    "category": "Koek, snoep, chocolade en chips",
    "price": 4.19,
    "promoPrice": null,
    "pricePerUnit": "20.95 kg",
    "image": "https://www.jumbo.com/dam-images/fit-in/360x360/Products/09092025_1757410418190_1757410422647_8718858932351_1.png",
    "available": true,
    "promoUntil": null
  },
  {
    "id": "700257ZK",
    "title": "Boerderij Chips Paprika 150 g",
    "category": "Koek, snoep, chocolade en chips",
    "price": 2.25,
    "promoPrice": null,
    "pricePerUnit": "15.0 kg",
    "image": "https://www.jumbo.com/dam-images/fit-in/360x360/Products/25072025_1753436037597_1753436042513_8718247991983_1.png",
    "available": true,
    "promoUntil": null
  },
  {
    "id": "612647ZK",
    "title": "Cheetos Crunchetos Flamin Hot Chips 110 gr",
    "category": "Koek, snoep, chocolade en chips",
    "price": 2.19,
    "promoPrice": null,
    "pricePerUnit": "19.91 kg",
    "image": "https://www.jumbo.com/dam-images/fit-in/360x360/Products/25062025_1750858406460_1750858410541_8710398530387_1.png",
    "available": true,
    "promoUntil": null
  },
  {
    "id": "681193STK",
    "title": "HEMA Pollepel Gravure 1 Stuk",
    "category": "Non-food en servicebalie",
    "price": 2.79,
    "promoPrice": null,
    "pricePerUnit": "2.79 pieces",
    "image": "https://www.jumbo.com/dam-images/fit-in/360x360/Products/25042025_1745546381627_1745546383731_681193_STK_08720354786628_C1N1.png",
    "available": true,
    "promoUntil": null
  },
  {
    "id": "592118STK",
    "title": "Jumbo Biologisch Knijpfruit Appel, Peer & Framboos 6+ Maanden 90 g",
    "category": "Drogisterij en baby",
    "price": 0.93,
    "promoPrice": null,
    "pricePerUnit": "10.33 kg",
    "image": "https://www.jumbo.com/dam-images/fit-in/360x360/Products/04092024_1725460582702_1725460596410_8718452744503_1.png",
    "available": true,
    "promoUntil": null
  },
  {
    "id": "647416FLS",
    "title": "Aperitivo Santino 700ML",
    "category": "Bier en wijn",
    "price": 6.99,
    "promoPrice": null,
    "pricePerUnit": "9.99 l",
    "image": "https://www.jumbo.com/dam-images/fit-in/360x360/Products/29102024_1730201645029_1730201649089_3014400240178_1.png",
    "available": true,
    "promoUntil": null
  },
  {
    "id": "644860CUP",
    "title": "Jumbo Empanada Rund 80 g",
    "category": "Vleeswaren, kaas en tapas",
    "price": 2.49,
    "promoPrice": null,
    "pricePerUnit": "31.13 kg",
    "image": "https://www.jumbo.com/dam-images/fit-in/360x360/Products/12122024_1734014885882_1734014894357_8718452834761_1.png",
    "available": true,
    "promoUntil": null
  },
  {
    "id": "471598ZK",
    "title": "Bonzo Snacks Dental Delicious Medium Rund 200g",
    "category": "Huishouden en dieren",
    "price": 2.79,
    "promoPrice": null,
    "pricePerUnit": "13.95 kg",
    "image": "https://www.jumbo.com/dam-images/fit-in/360x360/Products/10072025_1752111329636_1752111379157_471598_ZK_07613287501844_C1N1_s03.png",
    "available": true,
    "promoUntil": null
  },
  {
    "id": "618962FLS",
    "title": "De Kuyper - Cocktail Margarita - 0.0% Alcoholvrij - 200ML",
    "category": "Bier en wijn",
    "price": 2.69,
    "promoPrice": null,
    "pricePerUnit": "13.45 l",
    "image": "https://www.jumbo.com/dam-images/fit-in/360x360/Products/08052024_1715157248621_1715157252236_8710625004032_1.png",
    "available": true,
    "promoUntil": null
  },
  {
    "id": "603676STK",
    "title": "Jumbo Vers Sap Sinaasappel & Aardbei 3 x 250ML",
    "category": "Aardappelen, groente en fruit",
    "price": 5.97,
    "promoPrice": null,
    "pricePerUnit": "None None",
    "image": "https://www.jumbo.com/dam-images/fit-in/360x360/Products/603676STK92b3d7b9-8170-4ad5-bcc4-f1ac6405aae7-1733299120008.png",
    "available": true,
    "promoUntil": null
  },
  {
    "id": "648058FLS",
    "title": "Actiph Alkaline Ionised Water 600ML",
    "category": "Frisdrank en sappen",
    "price": 1.48,
    "promoPrice": null,
    "pricePerUnit": "2.47 l",
    "image": "https://www.jumbo.com/dam-images/fit-in/360x360/Products/29082024_1724908948980_1724908950713_648058_FLS_05060477670002_A1N1.png",
    "available": true,
    "promoUntil": null
  },
  {
    "id": "473373STK",
    "title": "Davitamon Magnesium Citraat tabletten, 60 stuks",
    "category": "Drogisterij en baby",
    "price": 17.29,
    "promoPrice": null,
    "pricePerUnit": "0.29 pieces",
    "image": "https://www.jumbo.com/dam-images/fit-in/360x360/Products/30012025_1738198873262_1738198884059_8710537042733_1.png",
    "available": true,
    "promoUntil": null
  },
  {
    "id": "677465DS",
    "title": "Gaviscon Kauwtabletten Pepermunt bij brandend maagzuur, 16 stuks ",
    "category": "Drogisterij en baby",
    "price": 4.39,
    "promoPrice": null,
    "pricePerUnit": "0.27 pieces",
    "image": "https://www.jumbo.com/dam-images/fit-in/360x360/Products/23052025_1747958454542_1747958459758_5000158065802_1.png",
    "available": true,
    "promoUntil": null
  },
  {
    "id": "571977TRA",
    "title": "Hands Off Double Choc! Chocolate Cookies 105 g",
    "category": "Koek, snoep, chocolade en chips",
    "price": 2.96,
    "promoPrice": null,
    "pricePerUnit": "28.19 kg",
    "image": "https://www.jumbo.com/dam-images/fit-in/360x360/Products/25052024_1716600901936_1716600905023_571977_TRA_08718754740814_C1N1.png",
    "available": true,
    "promoUntil": null
  },
  {
    "id": "674164STK",
    "title": "Aubergine met Hikari Miso Dashi Flavoured",
    "category": "Aardappelen, groente en fruit",
    "price": 5.84,
    "promoPrice": null,
    "pricePerUnit": "None None",
    "image": "https://www.jumbo.com/dam-images/fit-in/360x360/Products/200584250b58220f-c3d8-44e8-bef9-4d79e39c9bf7-1737707926980.png",
    "available": true,
    "promoUntil": null
  },
  {
    "id": "475209DS",
    "title": "Heineken Silver Bier Draaidop Fles 6 x 250ml",
    "category": "Bier en wijn",
    "price": 7.39,
    "promoPrice": null,
    "pricePerUnit": "4.93 l",
    "image": "https://www.jumbo.com/dam-images/fit-in/360x360/Products/07012025_1736267704978_1736267710757_8712000057916_1.png",
    "available": true,
    "promoUntil": null
  },
  {
    "id": "363845FLS",
    "title": "Go-Tan Soy Sauce Japanese 145 ml",
    "category": "Wereldkeukens, kruiden, pasta en rijst",
    "price": 2.72,
    "promoPrice": null,
    "pricePerUnit": "18.76 l",
    "image": "https://www.jumbo.com/dam-images/fit-in/360x360/Products/20122023_1703065447069_1703065449767_363845_FLS_08710605018622_C1N1.png",
    "available": true,
    "promoUntil": null
  },
  {
    "id": "687498PAK",
    "title": "HEMA Sokken Zwart 35-38 - 5 Stuks",
    "category": "Non-food en servicebalie",
    "price": 9.99,
    "promoPrice": null,
    "pricePerUnit": "2.0 pieces",
    "image": "https://www.jumbo.com/dam-images/fit-in/360x360/Products/378424_8716618399802_1_T1_378424PAK1691484364330.png",
    "available": true,
    "promoUntil": null
  },
  {
    "id": "382000ZK",
    "title": "Jumbo Luiers Maat 5 11-16 kg 31 Stuks",
    "category": "Drogisterij en baby",
    "price": 4.99,
    "promoPrice": null,
    "pricePerUnit": "0.16 pieces",
    "image": "https://www.jumbo.com/dam-images/fit-in/360x360/Products/29092023_1695996357579_1695996363612_8718452668304_1.png",
    "available": true,
    "promoUntil": null
  },
  {
    "id": "523769DS",
    "title": "Compeed Blarenpleister Medium, 6 stuks",
    "category": "Drogisterij en baby",
    "price": 7.69,
    "promoPrice": null,
    "pricePerUnit": "1.28 pieces",
    "image": "https://www.jumbo.com/dam-images/fit-in/360x360/Products/24092025_1758672109043_1758672114114_3663555004403_1.png",
    "available": true,
    "promoUntil": null
  },
  {
    "id": "683272BUS",
    "title": "AXE Fine Fragrance Collection Premium Deodorant Bodyspray Peach Infusion 150 ml",
    "category": "Drogisterij en baby",
    "price": 8.49,
    "promoPrice": null,
    "pricePerUnit": "56.6 l",
    "image": "https://www.jumbo.com/dam-images/fit-in/360x360/Products/16052025_1747358397398_1747358412969_683272_BUS_08720181555671_H1N1.png",
    "available": true,
    "promoUntil": null
  },
  {
    "id": "579669ZK",
    "title": "Jumbo Hondenvoer Topping met Lam, Wortel, Erwten & Appel 85 g",
    "category": "Huishouden en dieren",
    "price": 0.59,
    "promoPrice": null,
    "pricePerUnit": "6.94 kg",
    "image": "https://www.jumbo.com/dam-images/fit-in/360x360/Products/18012024_1705584844173_1705584852176_8718452729982_1.png",
    "available": true,
    "promoUntil": null
  },
  {
    "id": "710523DS",
    "title": "Gulpener - Korenwolf - Fles - 4 x 300ML",
    "category": "Bier en wijn",
    "price": 6.59,
    "promoPrice": null,
    "pricePerUnit": "5.49 l",
    "image": "https://www.jumbo.com/dam-images/fit-in/360x360/Products/08725500171426C1N14b696a1f-5b67-439d-8d89-7db1f1f11047-1713869739548.png",
    "available": true,
    "promoUntil": null
  },
  {
    "id": "677794STK",
    "title": "Jumbo PatÃ© Rijk aan Kip 4 x 150 g",
    "category": "Huishouden en dieren",
    "price": 1.72,
    "promoPrice": null,
    "pricePerUnit": "None None",
    "image": "https://www.jumbo.com/dam-images/fit-in/360x360/Products/20258788ef6521a2-2195-4960-a87d-12505f14bc25-1751283283578.png",
    "available": true,
    "promoUntil": null
  },
  {
    "id": "711992TRA",
    "title": "Jumbo Stamppot Spinazie met Hamburger in Jus 500 g",
    "category": "Verse maaltijden en gemak",
    "price": 4.45,
    "promoPrice": null,
    "pricePerUnit": "8.9 kg",
    "image": "https://www.jumbo.com/dam-images/fit-in/360x360/Products/22092025_1758555238528_1758555247295_8718452953110_1.png",
    "available": true,
    "promoUntil": null
  },
  {
    "id": "354498STK",
    "title": "Crystal Clear Pakket 1,5L",
    "category": "Frisdrank en sappen",
    "price": 9.96,
    "promoPrice": null,
    "pricePerUnit": "None None",
    "image": "https://www.jumbo.com/dam-images/fit-in/360x360/Products/2042170021834e38-7ce7-491e-b58f-dd102e80e6b9-1742821423544.png",
    "available": true,
    "promoUntil": null
  },
  {
    "id": "560678DS",
    "title": "Ferrero Rocher Hazelnoten en Amandelen Melk 90 g",
    "category": "Koek, snoep, chocolade en chips",
    "price": 2.76,
    "promoPrice": null,
    "pricePerUnit": "30.67 kg",
    "image": "https://www.jumbo.com/dam-images/fit-in/360x360/Products/14022024_1707873714811_1707873720087_8000500359679_1.png",
    "available": true,
    "promoUntil": null
  },
  {
    "id": "194784STK",
    "title": "Jumbo Boemboe Ajam Smoor 95 g",
    "category": "Wereldkeukens, kruiden, pasta en rijst",
    "price": 0.98,
    "promoPrice": null,
    "pricePerUnit": "10.32 kg",
    "image": "https://www.jumbo.com/dam-images/fit-in/360x360/Products/12122024_1734006796411_1734006817106_8718452765713_596.png",
    "available": true,
    "promoUntil": null
  },
  {
    "id": "461161CUP",
    "title": "Jumbo Double Chocolate Mini's 125 g",
    "category": "Koek, snoep, chocolade en chips",
    "price": 1.79,
    "promoPrice": null,
    "pricePerUnit": "14.32 kg",
    "image": "https://www.jumbo.com/dam-images/fit-in/360x360/Products/09082023_1691589291746_1691589303021_8718452580538_1.png",
    "available": true,
    "promoUntil": null
  },
  {
    "id": "603728STK",
    "title": "Jumbo Gebitsreinigingstabletten 30 Stuks",
    "category": "Drogisterij en baby",
    "price": 1.25,
    "promoPrice": null,
    "pricePerUnit": "0.04 pieces",
    "image": "https://www.jumbo.com/dam-images/fit-in/360x360/Products/17012024_1705505711142_1705505715053_8718452776153_1.png",
    "available": true,
    "promoUntil": null
  },
  {
    "id": "687704DS",
    "title": "Jumbo Parmigiano Reggiano Kaasbolletjes met Chili 75 g",
    "category": "Koek, snoep, chocolade en chips",
    "price": 2.09,
    "promoPrice": null,
    "pricePerUnit": "27.87 kg",
    "image": "https://www.jumbo.com/dam-images/fit-in/360x360/Products/02062025_1748878413709_1748878421174_8718452916177_1.png",
    "available": true,
    "promoUntil": null
  },
  {
    "id": "663349PAK",
    "title": "Jumbo Vochtige Lotion Doekjes Normale Huid 80 Stuks",
    "category": "Drogisterij en baby",
    "price": 1.45,
    "promoPrice": null,
    "pricePerUnit": "0.02 pieces",
    "image": "https://www.jumbo.com/dam-images/fit-in/360x360/Products/14022025_1739539158448_1739539166652_8718452816460_596.png",
    "available": true,
    "promoUntil": null
  },
  {
    "id": "451890STK",
    "title": "Dagravit Totaal 30 Multivitaminen dragees, 200 stuks",
    "category": "Drogisterij en baby",
    "price": 20.99,
    "promoPrice": null,
    "pricePerUnit": "0.1 pieces",
    "image": "https://www.jumbo.com/dam-images/fit-in/360x360/Products/24092025_1758672133686_1758672140962_8711744024765_1.png",
    "available": true,
    "promoUntil": null
  },
  {
    "id": "499262STK",
    "title": "Amstel Krat + 0.0% Alcoholvrij Sixpack",
    "category": "Bier en wijn",
    "price": 22.98,
    "promoPrice": null,
    "pricePerUnit": "None None",
    "image": "https://www.jumbo.com/dam-images/fit-in/360x360/Products/AmstelKrat0-1725969033248.png",
    "available": true,
    "promoUntil": null
  },
  {
    "id": "433187FLS",
    "title": "Berne Abdijbier - Quadrupel - Fles - 330ML",
    "category": "Bier en wijn",
    "price": 3.99,
    "promoPrice": null,
    "pricePerUnit": "12.09 l",
    "image": "https://www.jumbo.com/dam-images/fit-in/360x360/Products/09082023_1691588270938_1691588277658_8719327034705_1.png",
    "available": true,
    "promoUntil": null
  },
  {
    "id": "553723ZK",
    "title": "Candyman Mac Bubble Kauwgomknotsen met Aardbei-, Cola- en Kersensmaak 150 g",
    "category": "Koek, snoep, chocolade en chips",
    "price": 1.87,
    "promoPrice": null,
    "pricePerUnit": "12.47 kg",
    "image": "https://www.jumbo.com/dam-images/fit-in/360x360/Products/12122023_1702354769566_1702354773139_553723_ZK_08719700009467_C1N1.png",
    "available": true,
    "promoUntil": null
  },
  {
    "id": "637861ZK",
    "title": "Chan's Roti vellen sranang style 300 gram",
    "category": "Wereldkeukens, kruiden, pasta en rijst",
    "price": 1.99,
    "promoPrice": null,
    "pricePerUnit": "6.63 kg",
    "image": "https://www.jumbo.com/dam-images/fit-in/360x360/Products/9557308T1d1ba12c1-c6d2-4f29-9410-2f4c77a56d3f-1728980295427.png",
    "available": true,
    "promoUntil": null
  },
  {
    "id": "294099STK",
    "title": "Faja Lobi Nasi Trafasie 140 g",
    "category": "Wereldkeukens, kruiden, pasta en rijst",
    "price": 2.27,
    "promoPrice": null,
    "pricePerUnit": "16.21 kg",
    "image": "https://www.jumbo.com/dam-images/fit-in/360x360/Products/23032024_1711162572511_1711162580450_294099_STK_08712631995861_C1N1.png",
    "available": true,
    "promoUntil": null
  },
  {
    "id": "432258FLS",
    "title": "Fuze Tea Green Tea Mango Chamomile 400 ml",
    "category": "Frisdrank en sappen",
    "price": 1.43,
    "promoPrice": null,
    "pricePerUnit": "3.58 l",
    "image": "https://www.jumbo.com/dam-images/fit-in/360x360/Products/22052025_1747875860132_1747875867687_432258_FLS_05000112648096_H1N1.png",
    "available": true,
    "promoUntil": null
  },
  {
    "id": "687205STK",
    "title": "HEMA Dames Enkelsokken met Katoen Maat 35-38 5 Stuks",
    "category": "Non-food en servicebalie",
    "price": 6.99,
    "promoPrice": null,
    "pricePerUnit": "1.4 pieces",
    "image": "https://www.jumbo.com/dam-images/fit-in/360x360/Products/09082023_1691594750155_1691594753891_8720354369302_1.png",
    "available": true,
    "promoUntil": null
  },
  {
    "id": "688644ZK",
    "title": "HEMA Kniekousen Glanzend 20 Denier Zwart - One Size 3 Stuks",
    "category": "Non-food en servicebalie",
    "price": 5.99,
    "promoPrice": null,
    "pricePerUnit": "2.0 pieces",
    "image": "https://www.jumbo.com/dam-images/fit-in/360x360/Products/12122024_1734014527448_1734014530244_8716618160877_1.png",
    "available": true,
    "promoUntil": null
  },
  {
    "id": "640725POT",
    "title": "HG Eco Wasmiddeltoevoeging Tegen Stinkend Wasgoed 500 g",
    "category": "Huishouden en dieren",
    "price": 7.89,
    "promoPrice": null,
    "pricePerUnit": "0.49 wb",
    "image": "https://www.jumbo.com/dam-images/fit-in/360x360/Products/24122024_1735009590440_1735009594730_640725_POT_08711577271879_C1N1.png",
    "available": true,
    "promoUntil": null
  },
  {
    "id": "554253PAK",
    "title": "Italiano Salmiak Dropsnoepjes 3 Stuks 99 g",
    "category": "Koek, snoep, chocolade en chips",
    "price": 1.99,
    "promoPrice": null,
    "pricePerUnit": "20.1 kg",
    "image": "https://www.jumbo.com/dam-images/fit-in/360x360/Products/14022024_1707873137801_1707873142476_8719700009504_1.png",
    "available": true,
    "promoUntil": null
  },
  {
    "id": "674525ZK",
    "title": "Jumbo - Simit Broodjes - 2 Stuks",
    "category": "Brood en gebak",
    "price": 2.59,
    "promoPrice": null,
    "pricePerUnit": "1.3 pieces",
    "image": "https://www.jumbo.com/dam-images/fit-in/360x360/Products/14042025_1744641188234_1744641195745_8718452902101_1.png",
    "available": true,
    "promoUntil": null
  },
  {
    "id": "572879ZK",
    "title": "Jumbo Macadamianoten Gezouten 125 g",
    "category": "Koek, snoep, chocolade en chips",
    "price": 3.39,
    "promoPrice": null,
    "pricePerUnit": "27.12 kg",
    "image": "https://www.jumbo.com/dam-images/fit-in/360x360/Products/14022024_1707872954336_1707872959942_8718452723799_1.png",
    "available": true,
    "promoUntil": null
  },
  {
    "id": "624168ZK",
    "title": "BioToday Linzenchips Rozemarijn 75 g",
    "category": "Koek, snoep, chocolade en chips",
    "price": 2.96,
    "promoPrice": null,
    "pricePerUnit": "39.47 kg",
    "image": "https://www.jumbo.com/dam-images/fit-in/360x360/Products/19062025_1750322025124_1750322029846_8719153047788_1.png",
    "available": true,
    "promoUntil": null
  },
  {
    "id": "700611ZK",
    "title": "Jumbo Choco Mini Crunchies 150 g",
    "category": "Koek, snoep, chocolade en chips",
    "price": 2.29,
    "promoPrice": null,
    "pricePerUnit": "15.27 kg",
    "image": "https://www.jumbo.com/dam-images/fit-in/360x360/Products/17032025_1742211313366_1742211328957_8718452875269_596.png",
    "available": true,
    "promoUntil": null
  },
  {
    "id": "677983FLS",
    "title": "AXE 3-in-1 Douchegel Africa 250 ML",
    "category": "Drogisterij en baby",
    "price": 5.99,
    "promoPrice": null,
    "pricePerUnit": "23.96 l",
    "image": "https://www.jumbo.com/dam-images/fit-in/360x360/Products/19092025_1758245162367_1758245172643_677983_FLS_08710447279793_C1N1.png",
    "available": true,
    "promoUntil": null
  },
  {
    "id": "681654DS",
    "title": "Jumbo KoortslipcrÃ¨me Aciclovir 50 mg/g 3 g",
    "category": "Drogisterij en baby",
    "price": 4.99,
    "promoPrice": null,
    "pricePerUnit": "1663.33 kg",
    "image": "https://www.jumbo.com/dam-images/fit-in/360x360/Products/07052025_1746621206955_1746621210544_8718452748198_1.png",
    "available": true,
    "promoUntil": null
  },
  {
    "id": "668857BLK",
    "title": "Jopen Intergalactic 440ML",
    "category": "Bier en wijn",
    "price": 4.99,
    "promoPrice": null,
    "pricePerUnit": "11.34 l",
    "image": "https://www.jumbo.com/dam-images/fit-in/360x360/Products/11032025_1741697175378_1741697178056_668857_BLK_08714799409907_A1N1.png",
    "available": true,
    "promoUntil": null
  },
  {
    "id": "623944FLS",
    "title": "BioToday Premium Gember-Wortel Drankje 500 ml",
    "category": "Frisdrank en sappen",
    "price": 11.57,
    "promoPrice": null,
    "pricePerUnit": "23.14 l",
    "image": "https://www.jumbo.com/dam-images/fit-in/360x360/Products/26052025_1748269945467_1748269949242_8719153042974_1.png",
    "available": true,
    "promoUntil": null
  },
  {
    "id": "509336FLS",
    "title": "Chubby Blauwe Bessensmaak 250 ml",
    "category": "Frisdrank en sappen",
    "price": 0.89,
    "promoPrice": null,
    "pricePerUnit": "3.56 l",
    "image": "https://www.jumbo.com/dam-images/fit-in/360x360/Products/12122024_1734014562257_1734014566731_33613028758_1.png",
    "available": true,
    "promoUntil": null
  },
  {
    "id": "576791ZK",
    "title": "Ella's Kitchen Pruimen 4+ biologisch 70 g",
    "category": "Drogisterij en baby",
    "price": 1.57,
    "promoPrice": null,
    "pricePerUnit": "22.43 kg",
    "image": "https://www.jumbo.com/dam-images/fit-in/360x360/Products/15102024_1728995585056_1728995593392_5060107336780_1.png",
    "available": true,
    "promoUntil": null
  },
  {
    "id": "556973BLS",
    "title": "Jordan Interdentaal Brush Between S 0,5mm",
    "category": "Drogisterij en baby",
    "price": 5.99,
    "promoPrice": null,
    "pricePerUnit": "0.6 pieces",
    "image": "https://www.jumbo.com/dam-images/fit-in/360x360/Products/556973_7046110058336_1_T1_556973BLS1691076703288.png",
    "available": true,
    "promoUntil": null
  },
  {
    "id": "573222POT",
    "title": "Jumbo Tapenade Groene Olijven 130 g",
    "category": "Vleeswaren, kaas en tapas",
    "price": 2.12,
    "promoPrice": null,
    "pricePerUnit": "16.31 kg",
    "image": "https://www.jumbo.com/dam-images/fit-in/360x360/Products/18022025_1739896392596_1739896400115_8718452727636_1.png",
    "available": true,
    "promoUntil": null
  },
  {
    "id": "434417FLS",
    "title": "Gulden Draak - Brewmaster Amber Ale - Fles - 330ML",
    "category": "Bier en wijn",
    "price": 2.45,
    "promoPrice": null,
    "pricePerUnit": "7.42 l",
    "image": "https://www.jumbo.com/dam-images/fit-in/360x360/Products/20092025_1758330183614_1758330188935_434417_FLS_05411663003027_C1N1.png",
    "available": true,
    "promoUntil": null
  },
  {
    "id": "538459PAK",
    "title": "Corona Extra 6x330ML",
    "category": "Bier en wijn",
    "price": 9.79,
    "promoPrice": 7.34,
    "pricePerUnit": "3.71 l",
    "image": "https://www.jumbo.com/dam-images/fit-in/360x360/Products/05410228305170H1N127fe2f4c-493e-4579-b73c-f8d67f15a6cb-1713367821022.png",
    "available": true,
    "promoUntil": "di 30 sep"
  },
  {
    "id": "74438STK",
    "title": "Daro Droge hoest siroop, 150 ml",
    "category": "Drogisterij en baby",
    "price": 11.99,
    "promoPrice": null,
    "pricePerUnit": "79.93 l",
    "image": "https://www.jumbo.com/dam-images/fit-in/360x360/Products/24092025_1758672132672_1758672138135_8714319916625_1.png",
    "available": true,
    "promoUntil": null
  },
  {
    "id": "423737FLS",
    "title": "Enjoy It - Merlot - Alcoholvrij - 250ML",
    "category": "Bier en wijn",
    "price": 1.69,
    "promoPrice": null,
    "pricePerUnit": "6.76 l",
    "image": "https://www.jumbo.com/dam-images/fit-in/360x360/Products/01092023_1693568046699_1693568049055_4062073004145_1.png",
    "available": true,
    "promoUntil": null
  },
  {
    "id": "485110FLS",
    "title": "Guilty Monkey - Tripel Aap - Fles - 330ML",
    "category": "Bier en wijn",
    "price": 3.49,
    "promoPrice": null,
    "pricePerUnit": "10.58 l",
    "image": "https://www.jumbo.com/dam-images/fit-in/360x360/Products/20092025_1758334439008_1758334442607_485110_FLS_08720955352017_C1N1.png",
    "available": true,
    "promoUntil": null
  },
  {
    "id": "566075DS",
    "title": "Honig Natuurlijk vol smaak Chili con Carne 36 g",
    "category": "Wereldkeukens, kruiden, pasta en rijst",
    "price": 1.99,
    "promoPrice": null,
    "pricePerUnit": "55.28 kg",
    "image": "https://www.jumbo.com/dam-images/fit-in/360x360/Products/20072025_1752973738903_1752973743900_566075_DS_08714700170841_C1N1.png",
    "available": true,
    "promoUntil": null
  },
  {
    "id": "237825STK",
    "title": "Jumbo Aanvullend Dierenvoeder Denta Large Dental Kauwsticks 7 Stuks 270 g",
    "category": "Huishouden en dieren",
    "price": 1.83,
    "promoPrice": null,
    "pricePerUnit": "6.78 kg",
    "image": "https://www.jumbo.com/dam-images/fit-in/360x360/Products/14042025_1744623168261_1744623175518_8718452532209_1.png",
    "available": true,
    "promoUntil": null
  },
  {
    "id": "167790ZK",
    "title": "Brood van Soma Volkoren Rogge-Tarwebrood 400 g",
    "category": "Brood en gebak",
    "price": 1.29,
    "promoPrice": null,
    "pricePerUnit": "3.23 kg",
    "image": "https://www.jumbo.com/dam-images/fit-in/360x360/Products/01042025_1743472601142_1743472611882_167790_ZK_08710899800002_C1N1.png",
    "available": true,
    "promoUntil": null
  },
  {
    "id": "78938BLK",
    "title": "Danerolles Party Mini Croissants & More 24 Stuks 240 g",
    "category": "Brood en gebak",
    "price": 2.86,
    "promoPrice": null,
    "pricePerUnit": "11.92 kg",
    "image": "https://www.jumbo.com/dam-images/fit-in/360x360/Products/30042024_1714463410899_1714463414936_8719189108064_1.png",
    "available": true,
    "promoUntil": null
  },
  {
    "id": "85965FLS",
    "title": "De Sinaasappelaere Sinaasappelsap 75 cl",
    "category": "Frisdrank en sappen",
    "price": 3.64,
    "promoPrice": null,
    "pricePerUnit": "4.85 l",
    "image": "https://www.jumbo.com/dam-images/fit-in/360x360/Products/10052025_1746849283798_1746849289983_85965_FLS_08714242870049_C1N1.png",
    "available": true,
    "promoUntil": null
  },
  {
    "id": "175004PAK",
    "title": "Go-Tan Creamed Coconut Cocoscreme Santen 3 x 50 g",
    "category": "Wereldkeukens, kruiden, pasta en rijst",
    "price": 2.27,
    "promoPrice": null,
    "pricePerUnit": "15.13 kg",
    "image": "https://www.jumbo.com/dam-images/fit-in/360x360/Products/20122023_1703043766048_1703043773129_175004_PAK_08710605096088_C1N1.png",
    "available": true,
    "promoUntil": null
  },
  {
    "id": "687202STK",
    "title": "HEMA Damessokken Maat 35-38 Zwart 5 Paar",
    "category": "Non-food en servicebalie",
    "price": 6.99,
    "promoPrice": null,
    "pricePerUnit": "1.4 pieces",
    "image": "https://www.jumbo.com/dam-images/fit-in/360x360/Products/08042025_1744075765075_1744075768314_687202_STK_08720354369289_C1N1.png",
    "available": true,
    "promoUntil": null
  },
  {
    "id": "177434ZK",
    "title": "11er Knapperige RÃ¶sti Naturel 500 g",
    "category": "Diepvries",
    "price": 3.19,
    "promoPrice": null,
    "pricePerUnit": "6.38 kg",
    "image": "https://www.jumbo.com/dam-images/fit-in/360x360/Products/24092025_1758679332099_1758679333777_177434_ZK_09001442225700_A1N1.png",
    "available": true,
    "promoUntil": null
  },
  {
    "id": "710985ZK",
    "title": "Jumbo Kruidnoten Chocoladetaartsmaak 200 g",
    "category": "Koek, snoep, chocolade en chips",
    "price": 2.79,
    "promoPrice": null,
    "pricePerUnit": "13.95 kg",
    "image": "https://www.jumbo.com/dam-images/fit-in/360x360/Products/25072025_1753432375259_1753432385897_8718452921867_596.png",
    "available": true,
    "promoUntil": null
  },
  {
    "id": "648724STK",
    "title": "Jumbo Camembert Witschimmelkaas 45+ ca. 80 g",
    "category": "Vleeswaren, kaas en tapas",
    "price": 1.5,
    "promoPrice": null,
    "pricePerUnit": "18.75 kg",
    "image": "https://www.jumbo.com/dam-images/fit-in/360x360/Products/09082023_1691592166688_1691592173348_8718452711420_1.png",
    "available": true,
    "promoUntil": null
  },
  {
    "id": "701005BUS",
    "title": "Jumbo Deodorant Men Dry 150ML",
    "category": "Drogisterij en baby",
    "price": 2.0,
    "promoPrice": null,
    "pricePerUnit": "13.33 l",
    "image": "https://www.jumbo.com/dam-images/fit-in/360x360/Products/24072025_1753360360516_1753360377293_8718452830077_596.png",
    "available": true,
    "promoUntil": null
  },
  {
    "id": "451700BLS",
    "title": "Aquafresh Clean & Flex Hard dagelijkse Tandenborstel 2+1 gratis, in 100% plasticvrije verpakking",
    "category": "Drogisterij en baby",
    "price": 3.49,
    "promoPrice": null,
    "pricePerUnit": "1.16 pieces",
    "image": "https://www.jumbo.com/dam-images/fit-in/360x360/Products/05092025_1757039291218_1757039293727_451700_BLS_05054563926203_C1N1.png",
    "available": true,
    "promoUntil": null
  },
  {
    "id": "560535DS",
    "title": "Chouffe - Alcoholvrij 0.4% - Fles - 4 x 330ML",
    "category": "Bier en wijn",
    "price": 7.49,
    "promoPrice": null,
    "pricePerUnit": "5.67 l",
    "image": "https://www.jumbo.com/dam-images/fit-in/360x360/Products/09082023_1691593128089_1691593163776_5410769802138_1.png",
    "available": true,
    "promoUntil": null
  },
  {
    "id": "581865BLS",
    "title": "GUM Soft-Picks Comfort Flex L 40 Stuks",
    "category": "Drogisterij en baby",
    "price": 7.99,
    "promoPrice": null,
    "pricePerUnit": "0.2 pieces",
    "image": "https://www.jumbo.com/dam-images/fit-in/360x360/Products/03092025_1756866255660_1756866256975_581865_BLS_07630019905282_A1N1.png",
    "available": true,
    "promoUntil": null
  },
  {
    "id": "680002STK",
    "title": "HEMA Houten Spatel Gezicht",
    "category": "Non-food en servicebalie",
    "price": 2.29,
    "promoPrice": null,
    "pricePerUnit": "2.29 pieces",
    "image": "https://www.jumbo.com/dam-images/fit-in/360x360/Products/14022025_1739540076673_1739540078407_680002_STK_08720354519554_C1N1.png",
    "available": true,
    "promoUntil": null
  },
  {
    "id": "617241BLK",
    "title": "Euroma Funghi Trifolati by Jonnie Boer",
    "category": "Wereldkeukens, kruiden, pasta en rijst",
    "price": 3.26,
    "promoPrice": null,
    "pricePerUnit": "75.81 kg",
    "image": "https://www.jumbo.com/dam-images/fit-in/360x360/Products/03062024_1717420814934_1717420821975_8717600351723_1.png",
    "available": true,
    "promoUntil": null
  },
  {
    "id": "703853BLK",
    "title": "BrewDog Triple Hazy IPA 440ML",
    "category": "Bier en wijn",
    "price": 4.99,
    "promoPrice": null,
    "pricePerUnit": "11.34 l",
    "image": "https://www.jumbo.com/dam-images/fit-in/360x360/Products/10062025_1749560949130_1749560952062_703853_BLK_05056025440104_C1N1.png",
    "available": true,
    "promoUntil": null
  },
  {
    "id": "502187DS",
    "title": "Fisherman's Friend No Added Sugar 3 Pack 3 x 25 g",
    "category": "Koek, snoep, chocolade en chips",
    "price": 3.19,
    "promoPrice": null,
    "pricePerUnit": "42.53 kg",
    "image": "https://www.jumbo.com/dam-images/fit-in/360x360/Products/21122023_1703132165516_1703132169316_502187_DS_05000357103749_C1N1.png",
    "available": true,
    "promoUntil": null
  },
  {
    "id": "572319STK",
    "title": "Groene Pesto Kaas 225 g",
    "category": "Vleeswaren, kaas en tapas",
    "price": 3.99,
    "promoPrice": null,
    "pricePerUnit": "17.73 kg",
    "image": "https://www.jumbo.com/dam-images/fit-in/360x360/Products/14022024_1707873022620_1707873031573_8717389370649_1.png",
    "available": true,
    "promoUntil": null
  },
  {
    "id": "640733FLS",
    "title": "HG Kalkweg Schuimspray 3x Sterker 500ml",
    "category": "Huishouden en dieren",
    "price": 7.79,
    "promoPrice": null,
    "pricePerUnit": "15.58 l",
    "image": "https://www.jumbo.com/dam-images/fit-in/360x360/Products/14062025_1749866097081_1749866101203_640733_FLS_08711577130565_C1N1.png",
    "available": true,
    "promoUntil": null
  },
  {
    "id": "633345STK",
    "title": "Jumbo Biologisch Babyvoeding Groenten, Macaroni & Kip 8+ Maanden 220 g",
    "category": "Drogisterij en baby",
    "price": 1.18,
    "promoPrice": null,
    "pricePerUnit": "5.36 kg",
    "image": "https://www.jumbo.com/dam-images/fit-in/360x360/Products/22082024_1724340927000_1724340933403_8718452807833_1.png",
    "available": true,
    "promoUntil": null
  },
  {
    "id": "502098ZK",
    "title": "Jumbo Biologisch Ongebrande Pecannoten 140 g",
    "category": "Aardappelen, groente en fruit",
    "price": 4.99,
    "promoPrice": null,
    "pricePerUnit": "35.64 kg",
    "image": "https://www.jumbo.com/dam-images/fit-in/360x360/Products/09082023_1691590100549_1691590195962_8718452633579_1.png",
    "available": true,
    "promoUntil": null
  },
  {
    "id": "195811STK",
    "title": "Jumbo Sambal Manis 200 g",
    "category": "Wereldkeukens, kruiden, pasta en rijst",
    "price": 1.69,
    "promoPrice": null,
    "pricePerUnit": "8.45 kg",
    "image": "https://www.jumbo.com/dam-images/fit-in/360x360/Products/09082023_1691584855856_1691584876018_8718452274604_1.png",
    "available": true,
    "promoUntil": null
  },
  {
    "id": "603685STK",
    "title": "Jumbo Vers Sap Sinaasappel 3 x 250ML",
    "category": "Aardappelen, groente en fruit",
    "price": 5.67,
    "promoPrice": null,
    "pricePerUnit": "None None",
    "image": "https://www.jumbo.com/dam-images/fit-in/360x360/Products/603685STK18acb57a-ba46-4231-824e-9981ef4f1ea0-1733299160898.png",
    "available": true,
    "promoUntil": null
  },
  {
    "id": "619970BLK",
    "title": "Euroma Essential NÂ°05 Tijm",
    "category": "Wereldkeukens, kruiden, pasta en rijst",
    "price": 3.14,
    "promoPrice": null,
    "pricePerUnit": "157.0 kg",
    "image": "https://www.jumbo.com/dam-images/fit-in/360x360/Products/22062024_1719020150133_1719020156813_619970_BLK_08717600345951_C1N1.png",
    "available": true,
    "promoUntil": null
  },
  {
    "id": "195726STK",
    "title": "Jumbo Vissaus 175 ml",
    "category": "Wereldkeukens, kruiden, pasta en rijst",
    "price": 1.25,
    "promoPrice": null,
    "pricePerUnit": "7.14 l",
    "image": "https://www.jumbo.com/dam-images/fit-in/360x360/Products/09082023_1691584855273_1691584869796_8718452261796_1.png",
    "available": true,
    "promoUntil": null
  },
  {
    "id": "703900DS",
    "title": "Curalyn Nicotine Kauwgom 4mg 24 Stuks",
    "category": "Drogisterij en baby",
    "price": 8.49,
    "promoPrice": null,
    "pricePerUnit": "0.35 pieces",
    "image": "https://www.jumbo.com/dam-images/fit-in/360x360/Products/15082025_1755223586968_1755223590344_703900_DS_08712113661963_C1N1_s01.png",
    "available": true,
    "promoUntil": null
  },
  {
    "id": "445182FLS",
    "title": "AriZona Original Green Tea 1 L",
    "category": "Frisdrank en sappen",
    "price": 2.19,
    "promoPrice": null,
    "pricePerUnit": "2.19 l",
    "image": "https://www.jumbo.com/dam-images/fit-in/360x360/Products/12122024_1734014564744_1734014568764_613008742348_1.png",
    "available": true,
    "promoUntil": null
  },
  {
    "id": "687000FLS",
    "title": "FranÃ§ois Martenot - Bourgogne - Chardonnay - 750ML",
    "category": "Bier en wijn",
    "price": 12.49,
    "promoPrice": null,
    "pricePerUnit": "16.65 l",
    "image": "https://www.jumbo.com/dam-images/fit-in/360x360/Products/17042025_1744878791521_1744878795316_3258880858069_1.png",
    "available": true,
    "promoUntil": null
  },
  {
    "id": "699698FLS",
    "title": "Go-Tan Sticky Chicken Spicy Sweet 220ml",
    "category": "Wereldkeukens, kruiden, pasta en rijst",
    "price": 2.39,
    "promoPrice": null,
    "pricePerUnit": "10.86 l",
    "image": "https://www.jumbo.com/dam-images/fit-in/360x360/Products/19052025_1747640942831_1747640949051_699698_FLS_08710605021615_C1N1.png",
    "available": true,
    "promoUntil": null
  },
  {
    "id": "679788STK",
    "title": "HEMA Soeplepel Nylon Dot 1 Stuk",
    "category": "Non-food en servicebalie",
    "price": 4.25,
    "promoPrice": null,
    "pricePerUnit": "4.25 pieces",
    "image": "https://www.jumbo.com/dam-images/fit-in/360x360/Products/14022025_1739525055353_1739525059825_679788_STK_08720354519745_C1N1.png",
    "available": true,
    "promoUntil": null
  },
  {
    "id": "645024PAK",
    "title": "Heinz Tomato FritoÂ® Creations met gekarameliseerde uien & sjalotten",
    "category": "Wereldkeukens, kruiden, pasta en rijst",
    "price": 1.99,
    "promoPrice": null,
    "pricePerUnit": "5.69 kg",
    "image": "https://www.jumbo.com/dam-images/fit-in/360x360/Products/11122024_1733887480432_1733887488198_645024_PAK_08410066142996_H1N1.png",
    "available": true,
    "promoUntil": null
  },
  {
    "id": "387646DS",
    "title": "Jumbo Baby Wattenstaafjes van Papier 72 Stuks",
    "category": "Drogisterij en baby",
    "price": 1.49,
    "promoPrice": null,
    "pricePerUnit": "0.02 pieces",
    "image": "https://www.jumbo.com/dam-images/fit-in/360x360/Products/09082023_1691587659541_1691587691185_8718452493685_1.png",
    "available": true,
    "promoUntil": null
  },
  {
    "id": "559137DSL",
    "title": "AndrÃ©lon Pro Nature Haarconditioner Bamboo Volume Boost 400 ml x 6",
    "category": "Drogisterij en baby",
    "price": 53.94,
    "promoPrice": 37.75,
    "pricePerUnit": "15.73 l",
    "image": "https://www.jumbo.com/dam-images/fit-in/360x360/Products/559137DSL1f8986f5b-7d69-4dbf-935f-7c767182f59c-1717485198282.png",
    "available": true,
    "promoUntil": "di 7 okt"
  },
  {
    "id": "398384ZK",
    "title": "Jumbo Chips Zwarte Peper & Zout Ribbel 150 g",
    "category": "Koek, snoep, chocolade en chips",
    "price": 1.59,
    "promoPrice": null,
    "pricePerUnit": "10.6 kg",
    "image": "https://www.jumbo.com/dam-images/fit-in/360x360/Products/10102023_1696937582034_1696937587305_8718452502103_1.png",
    "available": true,
    "promoUntil": null
  },
  {
    "id": "642100DS",
    "title": "Jumbo Sinaasappel 150 g",
    "category": "Aardappelen, groente en fruit",
    "price": 2.29,
    "promoPrice": null,
    "pricePerUnit": "15.27 kg",
    "image": "https://www.jumbo.com/dam-images/fit-in/360x360/Products/03102024_1727955275275_1727955284083_8718452868605_1.png",
    "available": true,
    "promoUntil": null
  },
  {
    "id": "648735CUP",
    "title": "Jumbo Dip Aioli Pesto 175 g",
    "category": "Vleeswaren, kaas en tapas",
    "price": 2.29,
    "promoPrice": null,
    "pricePerUnit": "13.09 kg",
    "image": "https://www.jumbo.com/dam-images/fit-in/360x360/Products/26062025_1750948394704_1750948401882_8718452879991_1.png",
    "available": true,
    "promoUntil": null
  },
  {
    "id": "616689BUS",
    "title": "Dove Peach & White Blossom Scent Anti-Transpirant 150 ml",
    "category": "Drogisterij en baby",
    "price": 5.59,
    "promoPrice": null,
    "pricePerUnit": "37.27 l",
    "image": "https://www.jumbo.com/dam-images/fit-in/360x360/Products/17042025_1744852022038_1744852029687_616689_BUS_08720181443572_C1N1.png",
    "available": true,
    "promoUntil": null
  },
  {
    "id": "596243FLS",
    "title": "Jumbo Glans Shampoo 500 ml",
    "category": "Drogisterij en baby",
    "price": 2.43,
    "promoPrice": null,
    "pricePerUnit": "4.86 l",
    "image": "https://www.jumbo.com/dam-images/fit-in/360x360/Products/25032024_1711381813245_1711381817029_8718452775873_1.png",
    "available": true,
    "promoUntil": null
  },
  {
    "id": "514637FLS",
    "title": "Graansilo - IPA - Fles - 330ML",
    "category": "Bier en wijn",
    "price": 2.69,
    "promoPrice": null,
    "pricePerUnit": "8.15 l",
    "image": "https://www.jumbo.com/dam-images/fit-in/360x360/Products/20092025_1758330841479_1758330844515_514637_FLS_08719189159431_C1N1.png",
    "available": true,
    "promoUntil": null
  },
  {
    "id": "457010STK",
    "title": "Jumbo Luxe Slagroom en Mokka Schnitte",
    "category": "Brood en gebak",
    "price": 14.98,
    "promoPrice": null,
    "pricePerUnit": "None None",
    "image": "https://www.jumbo.com/dam-images/fit-in/360x360/Products/200400861bd0ac954-52f7-4490-85be-de03cf2425ea-1745303416218.png",
    "available": true,
    "promoUntil": null
  },
  {
    "id": "686682ZK",
    "title": "Amoy SFS Chow Mein Sauce",
    "category": "Wereldkeukens, kruiden, pasta en rijst",
    "price": 1.99,
    "promoPrice": null,
    "pricePerUnit": "16.58 kg",
    "image": "https://www.jumbo.com/dam-images/fit-in/360x360/Products/25062025_1750813475162_1750813480093_686682_ZK_05000111046855_C1N1.png",
    "available": true,
    "promoUntil": null
  },
  {
    "id": "704702DS",
    "title": "Apetito Maaltijdbox Glutenvrij - 7 Verschillende Maaltijden",
    "category": "Diepvries",
    "price": 47.5,
    "promoPrice": null,
    "pricePerUnit": "14.05 kg",
    "image": "https://www.jumbo.com/dam-images/fit-in/360x360/Products/93653apetitodinerdoosKeuzevandekok2400x240099895870-8418-4c74-aab9-324a4fc19a73-1754577463824.png",
    "available": true,
    "promoUntil": null
  },
  {
    "id": "499031FLS",
    "title": "Conimex Woksaus Gembersiroop 5 Porties 175 ml",
    "category": "Wereldkeukens, kruiden, pasta en rijst",
    "price": 2.56,
    "promoPrice": null,
    "pricePerUnit": "14.63 l",
    "image": "https://www.jumbo.com/dam-images/fit-in/360x360/Products/28032025_1743128058853_1743128083076_499031_FLS_08714100003282_H1N1.png",
    "available": true,
    "promoUntil": null
  },
  {
    "id": "685502BLS",
    "title": "Duracell Knoopcel LR44 2 Stuks",
    "category": "Non-food en servicebalie",
    "price": 7.59,
    "promoPrice": null,
    "pricePerUnit": "3.8 pieces",
    "image": "https://www.jumbo.com/dam-images/fit-in/360x360/Products/10032025_1741600503064_1741600508432_685502_BLS_05000394504424_C1N1.png",
    "available": true,
    "promoUntil": null
  },
  {
    "id": "602591STK",
    "title": "Jumbo Gezichtsreinigingsdoekjes Normale Huid 30 Stuks",
    "category": "Drogisterij en baby",
    "price": 1.55,
    "promoPrice": null,
    "pricePerUnit": "0.05 pieces",
    "image": "https://www.jumbo.com/dam-images/fit-in/360x360/Products/19062024_1718814836348_1718814848414_8718452778645_596.png",
    "available": true,
    "promoUntil": null
  },
  {
    "id": "573881FLS",
    "title": "Boon - Oude Geuze Lambiek - Fles - 375ML",
    "category": "Bier en wijn",
    "price": 3.55,
    "promoPrice": null,
    "pricePerUnit": "9.47 l",
    "image": "https://www.jumbo.com/dam-images/fit-in/360x360/Products/05122023_1701742095104_1701742101782_573881_FLS_05412783052025_C1N1.png",
    "available": true,
    "promoUntil": null
  },
  {
    "id": "646752ZK",
    "title": "Croky Chips Paprika 100g",
    "category": "Koek, snoep, chocolade en chips",
    "price": 1.25,
    "promoPrice": null,
    "pricePerUnit": "12.5 kg",
    "image": "https://www.jumbo.com/dam-images/fit-in/360x360/Products/22082024_1724355198433_1724355204340_5414359911019_1.png",
    "available": true,
    "promoUntil": null
  },
  {
    "id": "653370ZK",
    "title": "Brets Aioli 125g",
    "category": "Koek, snoep, chocolade en chips",
    "price": 2.49,
    "promoPrice": null,
    "pricePerUnit": "19.92 kg",
    "image": "https://www.jumbo.com/dam-images/fit-in/360x360/Products/11112024_1731339258349_1731339265941_3497917001553_1.png",
    "available": true,
    "promoUntil": null
  },
  {
    "id": "458904PAK",
    "title": "Chokay Original Creamy Milk 85 g",
    "category": "Koek, snoep, chocolade en chips",
    "price": 3.29,
    "promoPrice": null,
    "pricePerUnit": "38.71 kg",
    "image": "https://www.jumbo.com/dam-images/fit-in/360x360/Products/09082023_1691589067152_1691589085573_8718481612361_1.png",
    "available": true,
    "promoUntil": null
  },
  {
    "id": "613322ZK",
    "title": "Croky Chips Explosions Hot & Spicy Sriracha 150g",
    "category": "Koek, snoep, chocolade en chips",
    "price": 1.99,
    "promoPrice": null,
    "pricePerUnit": "13.27 kg",
    "image": "https://www.jumbo.com/dam-images/fit-in/360x360/Products/06082025_1754494355981_1754494376367_5414359972652_596.png",
    "available": true,
    "promoUntil": null
  },
  {
    "id": "498367PAK",
    "title": "CoolBest Mango Dream 0,33 L",
    "category": "Frisdrank en sappen",
    "price": 1.79,
    "promoPrice": null,
    "pricePerUnit": "5.42 l",
    "image": "https://www.jumbo.com/dam-images/fit-in/360x360/Products/26022025_1740569589024_1740569598245_8720157466642_1.png",
    "available": true,
    "promoUntil": null
  },
  {
    "id": "678398STK",
    "title": "HEMA Multi Use Vorken - 10 Stuks",
    "category": "Non-food en servicebalie",
    "price": 2.89,
    "promoPrice": null,
    "pricePerUnit": "0.29 pieces",
    "image": "https://www.jumbo.com/dam-images/fit-in/360x360/Products/06022025_1738859282042_1738859284239_678398_STK_08720354347287_C1N1.png",
    "available": true,
    "promoUntil": null
  },
  {
    "id": "670780STK",
    "title": "HEMA Spuitzak Katoen Wit",
    "category": "Non-food en servicebalie",
    "price": 5.49,
    "promoPrice": null,
    "pricePerUnit": "5.49 pieces",
    "image": "https://www.jumbo.com/dam-images/fit-in/360x360/Products/18032025_1742267216658_1742267219913_670780_STK_08718537611607_C1N1.png",
    "available": true,
    "promoUntil": null
  },
  {
    "id": "683480PAK",
    "title": "Hands Off Seriously Dark 85% Cocoa 85 g",
    "category": "Koek, snoep, chocolade en chips",
    "price": 3.55,
    "promoPrice": null,
    "pricePerUnit": "41.76 kg",
    "image": "https://www.jumbo.com/dam-images/fit-in/360x360/Products/28022025_1740771188558_1740771195055_8718754740951_1.png",
    "available": true,
    "promoUntil": null
  },
  {
    "id": "485666ZK",
    "title": "Haribo Soda Straws F!ZZ 180 g",
    "category": "Koek, snoep, chocolade en chips",
    "price": 1.93,
    "promoPrice": null,
    "pricePerUnit": "10.72 kg",
    "image": "https://www.jumbo.com/dam-images/fit-in/360x360/Products/08082025_1754615512694_1754615531026_485666_ZK_03103220043325_H1N1.png",
    "available": true,
    "promoUntil": null
  },
  {
    "id": "373745BUS",
    "title": "AndrÃ©lon Droogshampoo Fris & Zuiver 245 ml",
    "category": "Drogisterij en baby",
    "price": 7.49,
    "promoPrice": null,
    "pricePerUnit": "30.57 l",
    "image": "https://www.jumbo.com/dam-images/fit-in/360x360/Products/09092025_1757380547456_1757380554743_373745_BUS_08710847938627_C1N1.png",
    "available": true,
    "promoUntil": null
  },
  {
    "id": "675584TRA",
    "title": "Bozu Hard Iced Tea Peach 4x250ML",
    "category": "Bier en wijn",
    "price": 8.59,
    "promoPrice": null,
    "pricePerUnit": "8.59 l",
    "image": "https://www.jumbo.com/dam-images/fit-in/360x360/Products/8719327544785T18e2cff84-f55c-4def-a4f6-9d3c0ddd0a06-1750940901713.png",
    "available": true,
    "promoUntil": null
  },
  {
    "id": "642104DS",
    "title": "Jumbo Fruitsalade Ananas - Mango - Appel - Druif 225 g",
    "category": "Aardappelen, groente en fruit",
    "price": 2.5,
    "promoPrice": null,
    "pricePerUnit": "11.11 kg",
    "image": "https://www.jumbo.com/dam-images/fit-in/360x360/Products/03102024_1727955275265_1727955283748_8718452868636_1.png",
    "available": true,
    "promoUntil": null
  },
  {
    "id": "195735STK",
    "title": "Jumbo Kokos Geraspt 100 g",
    "category": "Wereldkeukens, kruiden, pasta en rijst",
    "price": 0.99,
    "promoPrice": null,
    "pricePerUnit": "9.9 kg",
    "image": "https://www.jumbo.com/dam-images/fit-in/360x360/Products/09082023_1691584708419_1691584720852_8718452261574_1.png",
    "available": true,
    "promoUntil": null
  },
  {
    "id": "684464DS",
    "title": "999 Games Regenwormen",
    "category": "Non-food en servicebalie",
    "price": 16.99,
    "promoPrice": null,
    "pricePerUnit": "16.99 pieces",
    "image": "https://www.jumbo.com/dam-images/fit-in/360x360/Products/Regenwormen17d584133-40d9-44ad-a387-02afd0563967-1750064390609.png",
    "available": true,
    "promoUntil": null
  },
  {
    "id": "564539STK",
    "title": "Beemster 48+ Royaal Grand Cru Borrelstukje 200 g",
    "category": "Vleeswaren, kaas en tapas",
    "price": 4.99,
    "promoPrice": null,
    "pricePerUnit": "24.95 kg",
    "image": "https://www.jumbo.com/dam-images/fit-in/360x360/Products/27032025_1743045956208_1743045968860_564539_STK_08712243087404_H1N1.png",
    "available": true,
    "promoUntil": null
  },
  {
    "id": "576967STK",
    "title": "Ella's Kitchen Kiplekkere ovenschotel 6+ biologisch 130 g",
    "category": "Drogisterij en baby",
    "price": 2.27,
    "promoPrice": null,
    "pricePerUnit": "17.46 kg",
    "image": "https://www.jumbo.com/dam-images/fit-in/360x360/Products/29082024_1724938455177_1724938460071_5060107335288_1.png",
    "available": true,
    "promoUntil": null
  },
  {
    "id": "656168FLS",
    "title": "Hikari Miso Dashi flavoured miso soup base 340g",
    "category": "Wereldkeukens, kruiden, pasta en rijst",
    "price": 4.99,
    "promoPrice": null,
    "pricePerUnit": "14.68 kg",
    "image": "https://www.jumbo.com/dam-images/fit-in/360x360/Products/04902663018841C1N191e61d4e-c5b5-42b4-9873-bbd4b1892022-1730392796593.png",
    "available": true,
    "promoUntil": null
  },
  {
    "id": "579771BLK",
    "title": "Grace Ginger Beer Jamaican Style Alcoholvrij Blik 330ML",
    "category": "Wereldkeukens, kruiden, pasta en rijst",
    "price": 1.05,
    "promoPrice": null,
    "pricePerUnit": "3.18 l",
    "image": "https://www.jumbo.com/dam-images/fit-in/360x360/Products/09082023_1691587592534_1691587610867_5035139213538_5.png",
    "available": true,
    "promoUntil": null
  },
  {
    "id": "670750STK",
    "title": "Hema Ketelbinkie 1 stuk",
    "category": "Non-food en servicebalie",
    "price": 39.99,
    "promoPrice": null,
    "pricePerUnit": "39.99 pieces",
    "image": "https://www.jumbo.com/dam-images/fit-in/360x360/Products/08042025_1744080585775_1744080588523_670750_STK_08720354821381_C1N1.png",
    "available": true,
    "promoUntil": null
  },
  {
    "id": "601171PAK",
    "title": "Hands Off Coco Island 95 g",
    "category": "Koek, snoep, chocolade en chips",
    "price": 3.36,
    "promoPrice": null,
    "pricePerUnit": "35.37 kg",
    "image": "https://www.jumbo.com/dam-images/fit-in/360x360/Products/31102024_1730374384988_1730374389433_8718754740883_1.png",
    "available": true,
    "promoUntil": null
  },
  {
    "id": "675887CUP",
    "title": "Hertog IJssalon Mini IJs Drie Chocolades 200 ml",
    "category": "Diepvries",
    "price": 1.79,
    "promoPrice": null,
    "pricePerUnit": "8.95 l",
    "image": "https://www.jumbo.com/dam-images/fit-in/360x360/Products/14052025_1747185133576_1747185157528_675887_CUP_08711327671157_C1N1.png",
    "available": true,
    "promoUntil": null
  },
  {
    "id": "619947BLK",
    "title": "Euroma Essential NÂ°01 Kerrie",
    "category": "Wereldkeukens, kruiden, pasta en rijst",
    "price": 3.14,
    "promoPrice": null,
    "pricePerUnit": "62.8 kg",
    "image": "https://www.jumbo.com/dam-images/fit-in/360x360/Products/22062024_1719018201268_1719018207853_619947_BLK_08717600345876_C1N1.png",
    "available": true,
    "promoUntil": null
  },
  {
    "id": "528978ZK",
    "title": "Always Always Cotton Protection Normal Maandverband",
    "category": "Drogisterij en baby",
    "price": 3.09,
    "promoPrice": null,
    "pricePerUnit": "0.28 pieces",
    "image": "https://www.jumbo.com/dam-images/fit-in/360x360/Products/05092025_1757035906533_1757035908032_528978_ZK_08006540231142_C1N1.png",
    "available": true,
    "promoUntil": null
  },
  {
    "id": "451703BLS",
    "title": "Aquafresh Clean Control Medium dagelijkse Tandenborstel 1 stuk, in 100% plasticvrije verpakking",
    "category": "Drogisterij en baby",
    "price": 2.49,
    "promoPrice": null,
    "pricePerUnit": "2.49 pieces",
    "image": "https://www.jumbo.com/dam-images/fit-in/360x360/Products/12042024_1712889467394_1712889469622_451703_BLS_05054563926043_C1N1.png",
    "available": true,
    "promoUntil": null
  },
  {
    "id": "562348FLS",
    "title": "Brugse Bok 330ML",
    "category": "Bier en wijn",
    "price": 1.99,
    "promoPrice": null,
    "pricePerUnit": "6.03 l",
    "image": "https://www.jumbo.com/dam-images/fit-in/360x360/Products/09082023_1691585003592_1691585018940_5425017240419_1.png",
    "available": true,
    "promoUntil": null
  },
  {
    "id": "87986FLS",
    "title": "Cru La Maqueline - Merlot - 750 ML",
    "category": "Bier en wijn",
    "price": 8.49,
    "promoPrice": null,
    "pricePerUnit": "11.32 l",
    "image": "https://www.jumbo.com/dam-images/fit-in/360x360/Products/27042024_1714184352048_1714184358382_87986_FLS_03211209938286_C1N1.png",
    "available": true,
    "promoUntil": null
  },
  {
    "id": "177435ZK",
    "title": "11er Mini RÃ¶sti Naturel 450 g",
    "category": "Diepvries",
    "price": 3.29,
    "promoPrice": null,
    "pricePerUnit": "7.31 kg",
    "image": "https://www.jumbo.com/dam-images/fit-in/360x360/Products/20122023_1703059324125_1703059350595_177435_ZK_09001442225977_C1N1.png",
    "available": true,
    "promoUntil": null
  },
  {
    "id": "624170ZK",
    "title": "BioToday Linzenchips Zeezout 75 g ",
    "category": "Koek, snoep, chocolade en chips",
    "price": 2.27,
    "promoPrice": null,
    "pricePerUnit": "30.27 kg",
    "image": "https://www.jumbo.com/dam-images/fit-in/360x360/Products/26082025_1756218789836_1756218794410_8719153015145_1.png",
    "available": true,
    "promoUntil": null
  },
  {
    "id": "617037PAK",
    "title": "Daawat Basmati Blue 500g",
    "category": "Wereldkeukens, kruiden, pasta en rijst",
    "price": 2.09,
    "promoPrice": null,
    "pricePerUnit": "4.18 kg",
    "image": "https://www.jumbo.com/dam-images/fit-in/360x360/Products/DaawatOriginal500g3DFront1d7b2467e-5330-4290-b6d8-91bfd4f4121a-1724238765744.png",
    "available": true,
    "promoUntil": null
  },
  {
    "id": "678588ZK",
    "title": "HEMA Confetti Ballonnen 30 cm 6 Stuks",
    "category": "Non-food en servicebalie",
    "price": 2.39,
    "promoPrice": null,
    "pricePerUnit": "0.4 pieces",
    "image": "https://www.jumbo.com/dam-images/fit-in/360x360/Products/07022025_1738939572003_1738939576707_678588_ZK_08713745283851_C1N1.png",
    "available": true,
    "promoUntil": null
  },
  {
    "id": "679838DS",
    "title": "HEMA Panty Shine Transparent 20 Denier Zwart Maat S 36/38 4 Stuks",
    "category": "Non-food en servicebalie",
    "price": 8.99,
    "promoPrice": null,
    "pricePerUnit": "2.25 pieces",
    "image": "https://www.jumbo.com/dam-images/fit-in/360x360/Products/14022025_1739525636247_1739525638729_679838_DS_08716618167074_C1N1.png",
    "available": true,
    "promoUntil": null
  },
  {
    "id": "680319ZK",
    "title": "HEMA Potloodgum",
    "category": "Non-food en servicebalie",
    "price": 0.89,
    "promoPrice": null,
    "pricePerUnit": "0.89 pieces",
    "image": "https://www.jumbo.com/dam-images/fit-in/360x360/Products/09082023_1691588127499_1691588141270_8716618229116_1.png",
    "available": true,
    "promoUntil": null
  },
  {
    "id": "177588STK",
    "title": "Centrum Energy multivitaminen & multimineralen tabletten, 90 stuks",
    "category": "Drogisterij en baby",
    "price": 32.66,
    "promoPrice": null,
    "pricePerUnit": "0.36 pieces",
    "image": "https://www.jumbo.com/dam-images/fit-in/360x360/Products/24092025_1758672134544_1758672140445_8712769024754_1.png",
    "available": true,
    "promoUntil": null
  },
  {
    "id": "647384DS",
    "title": "Jumbo Fruitijs Sticks Sinaasappel-Citroen 4 Stuks",
    "category": "Diepvries",
    "price": 2.99,
    "promoPrice": null,
    "pricePerUnit": "11.5 l",
    "image": "https://www.jumbo.com/dam-images/fit-in/360x360/Products/30062025_1751293987861_1751294005617_8718452859436_596.png",
    "available": true,
    "promoUntil": null
  },
  {
    "id": "677827STK",
    "title": "Jumbo PatÃ© met Wild 6 x 100 g",
    "category": "Huishouden en dieren",
    "price": 1.68,
    "promoPrice": null,
    "pricePerUnit": "None None",
    "image": "https://www.jumbo.com/dam-images/fit-in/360x360/Products/20258818e6d92000-559a-455c-bbd6-f293ab56180b-1751545713851.png",
    "available": true,
    "promoUntil": null
  },
  {
    "id": "204524DS",
    "title": "JP Chenet - Ice Sparkling - White - 750ML",
    "category": "Bier en wijn",
    "price": 7.79,
    "promoPrice": null,
    "pricePerUnit": "10.39 l",
    "image": "https://www.jumbo.com/dam-images/fit-in/360x360/Products/10082023_1691674906491_1691674916009_3500610085338_1.png",
    "available": true,
    "promoUntil": null
  },
  {
    "id": "471529FLS",
    "title": "Jumbo - Chardonnay - Biologisch - 375ML",
    "category": "Bier en wijn",
    "price": 3.49,
    "promoPrice": null,
    "pricePerUnit": "9.31 l",
    "image": "https://www.jumbo.com/dam-images/fit-in/360x360/Products/20122024_1734687181062_1734687184031_8718452629381_1.png",
    "available": true,
    "promoUntil": null
  },
  {
    "id": "365171BLK",
    "title": "Hero Nutrasense Sensisoft 1 0-6 Maanden Volledige Zuigelingenvoeding 800 g",
    "category": "Drogisterij en baby",
    "price": 18.61,
    "promoPrice": null,
    "pricePerUnit": "23.26 kg",
    "image": "https://www.jumbo.com/dam-images/fit-in/360x360/Products/8713500012252T59635a125d7-1362-4700-a0e6-d3ffce7c5972-1756126556156.png",
    "available": true,
    "promoUntil": null
  },
  {
    "id": "570762STK",
    "title": "Jumbo Conference 3 x 1 kg",
    "category": "Aardappelen, groente en fruit",
    "price": 6.87,
    "promoPrice": null,
    "pricePerUnit": "None None",
    "image": "https://www.jumbo.com/dam-images/fit-in/360x360/Products/570762_20222406_1_T1_570762STK1691079092008.png",
    "available": true,
    "promoUntil": null
  },
  {
    "id": "386709DS",
    "title": "Jumbo Dip&Nip Cookies Melkchocolade 11 Stuks 200 g",
    "category": "Koek, snoep, chocolade en chips",
    "price": 2.49,
    "promoPrice": null,
    "pricePerUnit": "12.45 kg",
    "image": "https://www.jumbo.com/dam-images/fit-in/360x360/Products/09082023_1691587284998_1691587294657_8718452480319_1.png",
    "available": true,
    "promoUntil": null
  },
  {
    "id": "161139TUB",
    "title": "Clearasil Ultra Rapid Action Gel Wash 200 ml",
    "category": "Drogisterij en baby",
    "price": 8.99,
    "promoPrice": null,
    "pricePerUnit": "44.95 l",
    "image": "https://www.jumbo.com/dam-images/fit-in/360x360/Products/09122023_1702096405567_1702096408947_161139_TUB_03059944150002_C1N1.png",
    "available": true,
    "promoUntil": null
  },
  {
    "id": "167919DS",
    "title": "Gulpener - Premium Pilsner - Fles - 6 x 300ML",
    "category": "Bier en wijn",
    "price": 4.99,
    "promoPrice": null,
    "pricePerUnit": "2.77 l",
    "image": "https://www.jumbo.com/dam-images/fit-in/360x360/Products/08725500311006C1N17f6a4f9f-41a6-46a7-baeb-7fad71604362-1733923036659.png",
    "available": true,
    "promoUntil": null
  },
  {
    "id": "583783FLS",
    "title": "Guilty Monkey - Witte Aap - Fles - 330ML",
    "category": "Bier en wijn",
    "price": 2.99,
    "promoPrice": null,
    "pricePerUnit": "9.06 l",
    "image": "https://www.jumbo.com/dam-images/fit-in/360x360/Products/07423522532539C1N1dca9bb7d-a4a6-4c97-a18a-7d475b2ba9ad-1693826434395.png",
    "available": true,
    "promoUntil": null
  },
  {
    "id": "70504PAK",
    "title": "Blistex Sensitive stick 4,25 g",
    "category": "Drogisterij en baby",
    "price": 3.19,
    "promoPrice": null,
    "pricePerUnit": "797.5 kg",
    "image": "https://www.jumbo.com/dam-images/fit-in/360x360/Products/12042024_1712884939199_1712884942671_70504_PAK_08717591562108_C1N1.png",
    "available": true,
    "promoUntil": null
  },
  {
    "id": "28135PAK",
    "title": "Composto GFT Zakken voor de 240L Bak 3 Stuks",
    "category": "Huishouden en dieren",
    "price": 4.23,
    "promoPrice": null,
    "pricePerUnit": "1.41 pieces",
    "image": "https://www.jumbo.com/dam-images/fit-in/360x360/Products/28135_8716496000081_1_T1_28135PAK1691394166573.png",
    "available": true,
    "promoUntil": null
  },
  {
    "id": "427633FLS",
    "title": "Driehoek Vloeibare Soda - 725ml",
    "category": "Huishouden en dieren",
    "price": 2.59,
    "promoPrice": null,
    "pricePerUnit": "3.57 l",
    "image": "https://www.jumbo.com/dam-images/fit-in/360x360/Products/09082023_1691588124857_1691588129441_8720254337005_1.png",
    "available": true,
    "promoUntil": null
  },
  {
    "id": "655305STK",
    "title": "Familie Kesbeke Augurken Kaas ca. 300g",
    "category": "Vleeswaren, kaas en tapas",
    "price": 3.79,
    "promoPrice": null,
    "pricePerUnit": "15.16 kg",
    "image": "https://www.jumbo.com/dam-images/fit-in/360x360/Products/21112024_1732214223166_1732214245035_8720634783958_1.png",
    "available": true,
    "promoUntil": null
  },
  {
    "id": "670872CUP",
    "title": "Jumbo Hummus Citroen 200 g",
    "category": "Vleeswaren, kaas en tapas",
    "price": 2.39,
    "promoPrice": null,
    "pricePerUnit": "11.95 kg",
    "image": "https://www.jumbo.com/dam-images/fit-in/360x360/Products/26032025_1743006790927_1743006800028_8718452896073_1.png",
    "available": true,
    "promoUntil": null
  },
  {
    "id": "678439BLS",
    "title": "HEMA Correctietape 5 mm x 8 m 2 Stuks",
    "category": "Non-food en servicebalie",
    "price": 1.99,
    "promoPrice": null,
    "pricePerUnit": "1.0 pieces",
    "image": "https://www.jumbo.com/dam-images/fit-in/360x360/Products/09082023_1691587395353_1691587407888_8718537206322_1.png",
    "available": true,
    "promoUntil": null
  },
  {
    "id": "670710ZK",
    "title": "Howdah Tandoor Chilli Ancient Grain Chips 130 g",
    "category": "Vleeswaren, kaas en tapas",
    "price": 2.99,
    "promoPrice": null,
    "pricePerUnit": "23.0 kg",
    "image": "https://www.jumbo.com/dam-images/fit-in/360x360/Products/25022025_1740474236838_1740474240952_5060765870008_1.png",
    "available": true,
    "promoUntil": null
  },
  {
    "id": "391063POT",
    "title": "Inproba Sambal Oelek 100 g",
    "category": "Wereldkeukens, kruiden, pasta en rijst",
    "price": 0.79,
    "promoPrice": null,
    "pricePerUnit": "7.9 kg",
    "image": "https://www.jumbo.com/dam-images/fit-in/360x360/Products/20122023_1703065879839_1703065885941_391063_POT_08710518734305_C1N1.png",
    "available": true,
    "promoUntil": null
  },
  {
    "id": "92481TUB",
    "title": "Aquafresh Intense White Tandpasta voor wittere tanden  75ml",
    "category": "Drogisterij en baby",
    "price": 3.99,
    "promoPrice": null,
    "pricePerUnit": "53.2 l",
    "image": "https://www.jumbo.com/dam-images/fit-in/360x360/Products/05092025_1757039598531_1757039601065_92481_TUB_08710464120047_C1N1.png",
    "available": true,
    "promoUntil": null
  },
  {
    "id": "616676FLS",
    "title": "AndrÃ©lon Pro Nature Shampoo Coco Curl Creation 400 ml",
    "category": "Drogisterij en baby",
    "price": 8.99,
    "promoPrice": null,
    "pricePerUnit": "22.48 l",
    "image": "https://www.jumbo.com/dam-images/fit-in/360x360/Products/27032025_1743041045197_1743041069714_616676_FLS_08720182568168_C1N1.png",
    "available": true,
    "promoUntil": null
  },
  {
    "id": "616696FLS",
    "title": "Dove Advanced Care Verzorgende Douchegel Deeply Nourishing 225 ml",
    "category": "Drogisterij en baby",
    "price": 5.95,
    "promoPrice": null,
    "pricePerUnit": "26.44 l",
    "image": "https://www.jumbo.com/dam-images/fit-in/360x360/Products/17042025_1744858243272_1744858269370_616696_FLS_08720181457432_H1N1.png",
    "available": true,
    "promoUntil": null
  },
  {
    "id": "578042ZK",
    "title": "Jumbo Gezouten Katjang Pedis 300 g",
    "category": "Koek, snoep, chocolade en chips",
    "price": 3.69,
    "promoPrice": null,
    "pricePerUnit": "12.3 kg",
    "image": "https://www.jumbo.com/dam-images/fit-in/360x360/Products/14022024_1707873742127_1707873750794_8718452742073_1.png",
    "available": true,
    "promoUntil": null
  },
  {
    "id": "206496STK",
    "title": "Jumbo Normal Inlegkruisjes 30 Stuks",
    "category": "Drogisterij en baby",
    "price": 1.02,
    "promoPrice": null,
    "pricePerUnit": "0.03 pieces",
    "image": "https://www.jumbo.com/dam-images/fit-in/360x360/Products/28092023_1695921250795_1695921266912_8718452693351_1.png",
    "available": true,
    "promoUntil": null
  },
  {
    "id": "417486ZK",
    "title": "Jumbo Premium Luiers Maat 4 9-14 kg 24 Stuks",
    "category": "Drogisterij en baby",
    "price": 6.2,
    "promoPrice": null,
    "pricePerUnit": "0.26 pieces",
    "image": "https://www.jumbo.com/dam-images/fit-in/360x360/Products/09082023_1691588005940_1691588048967_8718452509409_1.png",
    "available": true,
    "promoUntil": null
  },
  {
    "id": "269545FLS",
    "title": "Jumbo Huiswijn - Fruitig - Zuid-Afrika - Cinsault - Ruby Cabernet - 1L",
    "category": "Bier en wijn",
    "price": 4.69,
    "promoPrice": null,
    "pricePerUnit": "4.69 l",
    "image": "https://www.jumbo.com/dam-images/fit-in/360x360/Products/18092023_1695043371809_1695043375773_8718452380572_1.png",
    "available": true,
    "promoUntil": null
  },
  {
    "id": "129415ZK",
    "title": "Consenza Pure & Free White 750 g",
    "category": "Diepvries",
    "price": 6.19,
    "promoPrice": null,
    "pricePerUnit": "8.25 kg",
    "image": "https://www.jumbo.com/dam-images/fit-in/360x360/Products/13062025_1749828765544_1749828770224_8717496861177_1.png",
    "available": true,
    "promoUntil": null
  },
  {
    "id": "633340ZK",
    "title": "Al'Fez Kofta Spice Mix 25g",
    "category": "Wereldkeukens, kruiden, pasta en rijst",
    "price": 1.69,
    "promoPrice": null,
    "pricePerUnit": "67.6 kg",
    "image": "https://www.jumbo.com/dam-images/fit-in/360x360/Products/04012025_1735956273596_1735956279306_633340_ZK_05010338000387_C1N1.png",
    "available": true,
    "promoUntil": null
  },
  {
    "id": "667849FLS",
    "title": "Boba Loba Mango-Pineapple-Passion Fruit 350ML",
    "category": "Frisdrank en sappen",
    "price": 3.49,
    "promoPrice": null,
    "pricePerUnit": "9.97 l",
    "image": "https://www.jumbo.com/dam-images/fit-in/360x360/Products/29012025_1738118404205_1738118407286_667849_FLS_08718481542590_C1N1.png",
    "available": true,
    "promoUntil": null
  },
  {
    "id": "589591PAK",
    "title": "GrzeÅ›ki Wafel met ToffeecrÃ¨me in Melkchocolade 36 g",
    "category": "Wereldkeukens, kruiden, pasta en rijst",
    "price": 0.49,
    "promoPrice": null,
    "pricePerUnit": "13.61 kg",
    "image": "https://www.jumbo.com/dam-images/fit-in/360x360/Products/12122024_1734014381160_1734014385884_5900394006181_1.png",
    "available": true,
    "promoUntil": null
  },
  {
    "id": "365174BLK",
    "title": "Hero Nutrasense Comfort+ AR Opvolgmelk 2 (6+m) 700gr",
    "category": "Drogisterij en baby",
    "price": 19.79,
    "promoPrice": null,
    "pricePerUnit": "28.27 kg",
    "image": "https://www.jumbo.com/dam-images/fit-in/360x360/Products/8713500012146T596edc02813-86f8-4394-b99d-9cf7d4a9bf99-1756126557680.png",
    "available": true,
    "promoUntil": null
  },
  {
    "id": "562209ZK",
    "title": "Jumbo Mix voor Kip Traditioneel 20 g",
    "category": "Wereldkeukens, kruiden, pasta en rijst",
    "price": 1.11,
    "promoPrice": null,
    "pricePerUnit": "55.5 kg",
    "image": "https://www.jumbo.com/dam-images/fit-in/360x360/Products/14022024_1707872532788_1707872576053_8718452721382_1.png",
    "available": true,
    "promoUntil": null
  },
  {
    "id": "340511STK",
    "title": "Jumbo Scheermes Navulmesjes 20 Stuks",
    "category": "Drogisterij en baby",
    "price": 4.95,
    "promoPrice": null,
    "pricePerUnit": "0.24 pieces",
    "image": "https://www.jumbo.com/dam-images/fit-in/360x360/Products/10082023_1691674959944_1691674980912_8718452130252_1.png",
    "available": true,
    "promoUntil": null
  },
  {
    "id": "671083POT",
    "title": "Jumbo Styling Paste 100ML",
    "category": "Drogisterij en baby",
    "price": 2.99,
    "promoPrice": null,
    "pricePerUnit": "29.9 l",
    "image": "https://www.jumbo.com/dam-images/fit-in/360x360/Products/14042025_1744644769668_1744644778931_8718452812554_1.png",
    "available": true,
    "promoUntil": null
  },
  {
    "id": "686943DS",
    "title": "Aquafresh Coolmint Tandpasta 5 Stuks",
    "category": "Drogisterij en baby",
    "price": 9.99,
    "promoPrice": null,
    "pricePerUnit": "26.64 l",
    "image": "https://www.jumbo.com/dam-images/fit-in/360x360/Products/17032025_1742223974470_1742223977933_686943_DS_05054563259103_C1N1.png",
    "available": true,
    "promoUntil": null
  },
  {
    "id": "518551FLS",
    "title": "Breezer Zesty Orange 275ML",
    "category": "Bier en wijn",
    "price": 2.49,
    "promoPrice": null,
    "pricePerUnit": "9.05 l",
    "image": "https://www.jumbo.com/dam-images/fit-in/360x360/Products/30082023_1693368358435_1693368359788_518551_FLS_05010677551311_C1N1.png",
    "available": true,
    "promoUntil": null
  },
  {
    "id": "539106BLK",
    "title": "BrewDog - Punk IPA - Blik - 330ML",
    "category": "Bier en wijn",
    "price": 2.25,
    "promoPrice": null,
    "pricePerUnit": "6.82 l",
    "image": "https://www.jumbo.com/dam-images/fit-in/360x360/Products/05092025_1757040628031_1757040629255_539106_BLK_05056025440432_A1N1.png",
    "available": true,
    "promoUntil": null
  },
  {
    "id": "675403FLS",
    "title": "ElPicu Sour Redberry 700ML",
    "category": "Bier en wijn",
    "price": 8.99,
    "promoPrice": null,
    "pricePerUnit": "12.84 l",
    "image": "https://www.jumbo.com/dam-images/fit-in/360x360/Products/27012025_1737983708226_1737983712508_675403_FLS_08710924284906_C1N1.png",
    "available": true,
    "promoUntil": null
  },
  {
    "id": "358207STK",
    "title": "Apetina Original White Cheese 150 g",
    "category": "Vleeswaren, kaas en tapas",
    "price": 2.19,
    "promoPrice": null,
    "pricePerUnit": "14.6 kg",
    "image": "https://www.jumbo.com/dam-images/fit-in/360x360/Products/15072025_1752589984445_1752589991983_5711953115868_1.png",
    "available": true,
    "promoUntil": null
  },
  {
    "id": "441958ZK",
    "title": "FixFirst Kinderpleister Assortiment 20 Stuks",
    "category": "Drogisterij en baby",
    "price": 0.99,
    "promoPrice": null,
    "pricePerUnit": "0.05 pieces",
    "image": "https://www.jumbo.com/dam-images/fit-in/360x360/Products/09082023_1691588820545_1691588834724_8719325506020_1.png",
    "available": true,
    "promoUntil": null
  },
  {
    "id": "703754BLK",
    "title": "Franziskaner Premium Weissbier 500ML",
    "category": "Bier en wijn",
    "price": 1.89,
    "promoPrice": null,
    "pricePerUnit": "3.78 l",
    "image": "https://www.jumbo.com/dam-images/fit-in/360x360/Products/10062025_1749551555241_1749551564720_703754_BLK_04072700006350_C1N1.png",
    "available": true,
    "promoUntil": null
  },
  {
    "id": "133655ZK",
    "title": "Beckers Worstenbroodjes 2 x 80 g",
    "category": "Diepvries",
    "price": 1.39,
    "promoPrice": null,
    "pricePerUnit": "8.69 kg",
    "image": "https://www.jumbo.com/dam-images/fit-in/360x360/Products/13062024_1718244933023_1718244953978_133655_ZK_08710555151806_C1N1.png",
    "available": true,
    "promoUntil": null
  },
  {
    "id": "633706STK",
    "title": "De Kleine Keuken Biologische Hartjes Koekjes met Aardbei 18+ Maanden 120 g",
    "category": "Drogisterij en baby",
    "price": 2.76,
    "promoPrice": null,
    "pricePerUnit": "23.0 kg",
    "image": "https://www.jumbo.com/dam-images/fit-in/360x360/Products/24122024_1735050775112_1735050781753_8718734494348_1.png",
    "available": true,
    "promoUntil": null
  },
  {
    "id": "568878ZK",
    "title": "Fruittella Dummy Vegan Uitdeelzak 12 stuks",
    "category": "Koek, snoep, chocolade en chips",
    "price": 2.81,
    "promoPrice": null,
    "pricePerUnit": "21.29 kg",
    "image": "https://www.jumbo.com/dam-images/fit-in/360x360/Products/16102024_1729042906564_1729042927225_568878_ZK_08723400824565_C1N1.png",
    "available": true,
    "promoUntil": null
  },
  {
    "id": "429492PAK",
    "title": "Galbani Mozzarella di Latte di Bufala Mini 150 g",
    "category": "Vleeswaren, kaas en tapas",
    "price": 3.59,
    "promoPrice": null,
    "pricePerUnit": "23.93 kg",
    "image": "https://www.jumbo.com/dam-images/fit-in/360x360/Products/08022024_1707360043145_1707360052697_429492_PAK_.png",
    "available": true,
    "promoUntil": null
  },
  {
    "id": "680001STK",
    "title": "HEMA 105 Labels 75X34MM",
    "category": "Non-food en servicebalie",
    "price": 1.39,
    "promoPrice": null,
    "pricePerUnit": "0.01 pieces",
    "image": "https://www.jumbo.com/dam-images/fit-in/360x360/Products/14022025_1739540070845_1739540074590_680001_STK_08716618909049_C1N1.png",
    "available": true,
    "promoUntil": null
  },
  {
    "id": "610205CAN",
    "title": "HG Tuin Groene Aanslag Reiniger 5 L",
    "category": "Non-food en servicebalie",
    "price": 7.99,
    "promoPrice": null,
    "pricePerUnit": "1.6 l",
    "image": "https://www.jumbo.com/dam-images/fit-in/360x360/Products/14062025_1749867538143_1749867543858_610205_CAN_08711577076856_C1N1.png",
    "available": true,
    "promoUntil": null
  },
  {
    "id": "620319STK",
    "title": "Jumbo Babyvoeding Biologisch Appel, Mango, Ananas & Banaan 8+ Maanden 190 g",
    "category": "Drogisterij en baby",
    "price": 1.09,
    "promoPrice": null,
    "pricePerUnit": "5.74 kg",
    "image": "https://www.jumbo.com/dam-images/fit-in/360x360/Products/24052024_1716546853276_1716546861794_8718452804016_1.png",
    "available": true,
    "promoUntil": null
  },
  {
    "id": "578040CUP",
    "title": "Jumbo Gezouten Olijf Notenmix 130 g",
    "category": "Koek, snoep, chocolade en chips",
    "price": 2.89,
    "promoPrice": null,
    "pricePerUnit": "22.23 kg",
    "image": "https://www.jumbo.com/dam-images/fit-in/360x360/Products/14022024_1707873715220_1707873720412_8718452741359_1.png",
    "available": true,
    "promoUntil": null
  },
  {
    "id": "648723STK",
    "title": "Jumbo Cheddar Kaas 48+ ca. 96 g",
    "category": "Vleeswaren, kaas en tapas",
    "price": 1.5,
    "promoPrice": null,
    "pricePerUnit": "15.63 kg",
    "image": "https://www.jumbo.com/dam-images/fit-in/360x360/Products/10082023_1691678383124_1691678390718_8718452711444_1.png",
    "available": true,
    "promoUntil": null
  },
  {
    "id": "598360STK",
    "title": "Jumbo Ecologisch Waspoeder Kleur 1,12 kg",
    "category": "Huishouden en dieren",
    "price": 4.4,
    "promoPrice": null,
    "pricePerUnit": "0.24 wb",
    "image": "https://www.jumbo.com/dam-images/fit-in/360x360/Products/18042024_1713447308760_1713447332614_8718452755080_596.png",
    "available": true,
    "promoUntil": null
  },
  {
    "id": "618912BLK",
    "title": "Absolut Cocktails -  Passionfruit Martini - 250ML",
    "category": "Bier en wijn",
    "price": 2.49,
    "promoPrice": null,
    "pricePerUnit": "9.96 l",
    "image": "https://www.jumbo.com/dam-images/fit-in/360x360/Products/21042024_1713662153791_1713662159635_618912_BLK_07312040323005_C1N1.png",
    "available": true,
    "promoUntil": null
  },
  {
    "id": "683270FK",
    "title": "Dove Deo Roll On Dragon Fruit Coconut 50 ML",
    "category": "Drogisterij en baby",
    "price": 5.49,
    "promoPrice": null,
    "pricePerUnit": "109.8 l",
    "image": "https://www.jumbo.com/dam-images/fit-in/360x360/Products/28032025_1743128550250_1743128573827_683270_FK_00000059099499_C1N1.png",
    "available": true,
    "promoUntil": null
  },
  {
    "id": "153896PAK",
    "title": "Jumbo Honden Kauwsticks Rund 5 Stuks",
    "category": "Huishouden en dieren",
    "price": 0.74,
    "promoPrice": null,
    "pricePerUnit": "13.45 kg",
    "image": "https://www.jumbo.com/dam-images/fit-in/360x360/Products/10052024_1715351655031_1715351665560_8718452648801_1.png",
    "available": true,
    "promoUntil": null
  },
  {
    "id": "142671POT",
    "title": "Euroma Oregano Vriesdroog 14 g",
    "category": "Wereldkeukens, kruiden, pasta en rijst",
    "price": 3.19,
    "promoPrice": null,
    "pricePerUnit": "227.86 kg",
    "image": "https://www.jumbo.com/dam-images/fit-in/360x360/Products/08082024_1723079347587_1723079364948_142671_POT_08717600197208_C1N1.png",
    "available": true,
    "promoUntil": null
  },
  {
    "id": "466096STK",
    "title": "Jumbo Ibuprofen 200mg 10tabl",
    "category": "Drogisterij en baby",
    "price": 0.89,
    "promoPrice": null,
    "pricePerUnit": "0.09 pieces",
    "image": "https://www.jumbo.com/dam-images/fit-in/360x360/Products/24092025_1758672109128_1758672113209_8718452524495_1.png",
    "available": true,
    "promoUntil": null
  },
  {
    "id": "435561FLS",
    "title": "Jumbo - Chardonnay - Biologisch - 750ML",
    "category": "Bier en wijn",
    "price": 4.99,
    "promoPrice": null,
    "pricePerUnit": "6.65 l",
    "image": "https://www.jumbo.com/dam-images/fit-in/360x360/Products/20122024_1734687182878_1734687185221_8718452661381_1.png",
    "available": true,
    "promoUntil": null
  },
  {
    "id": "456936STK",
    "title": "Jumbo Luxe Halve Vlaaien - 3 Stuks",
    "category": "Brood en gebak",
    "price": 23.97,
    "promoPrice": null,
    "pricePerUnit": "None None",
    "image": "https://www.jumbo.com/dam-images/fit-in/360x360/Products/456936_20040055_1_T1_456936STK1691074115046.png",
    "available": true,
    "promoUntil": null
  },
  {
    "id": "632648FLS",
    "title": "Barton & Guestier 'Petite Nancy' - Bordeaux - 750ML",
    "category": "Bier en wijn",
    "price": 7.99,
    "promoPrice": null,
    "pricePerUnit": "10.65 l",
    "image": "https://www.jumbo.com/dam-images/fit-in/360x360/Products/09042025_1744198387396_1744198392142_3035130200003_1.png",
    "available": true,
    "promoUntil": null
  },
  {
    "id": "542225BLK",
    "title": "Brouwerij Kees - Mosaic Hop Belgian IPA - Blik - 330ML",
    "category": "Bier en wijn",
    "price": 2.99,
    "promoPrice": null,
    "pricePerUnit": "9.06 l",
    "image": "https://www.jumbo.com/dam-images/fit-in/360x360/Products/20092025_1758336136030_1758336139418_542225_BLK_08720297861079_C1N1.png",
    "available": true,
    "promoUntil": null
  },
  {
    "id": "194749STK",
    "title": "Conimex Mix Tjap Tjoy 53 g",
    "category": "Wereldkeukens, kruiden, pasta en rijst",
    "price": 1.77,
    "promoPrice": null,
    "pricePerUnit": "31.05 kg",
    "image": "https://www.jumbo.com/dam-images/fit-in/360x360/Products/28032025_1743129371978_1743129385844_194749_STK_08714100829318_C1N1.png",
    "available": true,
    "promoUntil": null
  },
  {
    "id": "713220PAK",
    "title": "FELIXÂ® Seaside Sensations met Zalm en met Groenten Kattenvoer 4kg",
    "category": "Huishouden en dieren",
    "price": 18.29,
    "promoPrice": null,
    "pricePerUnit": "4.57 kg",
    "image": "https://www.jumbo.com/dam-images/fit-in/360x360/Products/08082025_1754678044475_1754678048599_7613036478205_1.png",
    "available": true,
    "promoUntil": null
  },
  {
    "id": "406794PAK",
    "title": "Faja Lobi Sandhia's Roti Choti 280 g",
    "category": "Wereldkeukens, kruiden, pasta en rijst",
    "price": 2.96,
    "promoPrice": null,
    "pricePerUnit": "10.57 kg",
    "image": "https://www.jumbo.com/dam-images/fit-in/360x360/Products/23032024_1711161744499_1711161751805_406794_PAK_08712631995786_C1N1.png",
    "available": true,
    "promoUntil": null
  },
  {
    "id": "667436STK",
    "title": "HEMA Tafelkleed Papier Kidsparty 1 Stuks",
    "category": "Non-food en servicebalie",
    "price": 3.0,
    "promoPrice": null,
    "pricePerUnit": "3.0 pieces",
    "image": "https://www.jumbo.com/dam-images/fit-in/360x360/Products/04122024_1733304273780_1733304278291_667436_STK_08720354508947_C1N1.png",
    "available": true,
    "promoUntil": null
  },
  {
    "id": "675923CUP",
    "title": "Hertog IJssalon Mini IJs Cookie Crumble 200 ml",
    "category": "Diepvries",
    "price": 1.99,
    "promoPrice": null,
    "pricePerUnit": "9.95 l",
    "image": "https://www.jumbo.com/dam-images/fit-in/360x360/Products/08711327670914H1N12dbe973ac-a469-464a-9f9e-8e6adaa66ff9-1750772814121.png",
    "available": true,
    "promoUntil": null
  },
  {
    "id": "288435DS",
    "title": "Jumbo Basmatirijst Zilvervlies 400 g",
    "category": "Wereldkeukens, kruiden, pasta en rijst",
    "price": 2.29,
    "promoPrice": null,
    "pricePerUnit": "5.73 kg",
    "image": "https://www.jumbo.com/dam-images/fit-in/360x360/Products/29092023_1695995422382_1695995427526_8718452474455_1.png",
    "available": true,
    "promoUntil": null
  },
  {
    "id": "701483ZK",
    "title": "Jumbo Biologisch Parmigiano Reggiano Poeder 40 g",
    "category": "Vleeswaren, kaas en tapas",
    "price": 1.99,
    "promoPrice": null,
    "pricePerUnit": "49.75 kg",
    "image": "https://www.jumbo.com/dam-images/fit-in/360x360/Products/03122024_1733240041082_1733240046154_8718452839001_1.png",
    "available": true,
    "promoUntil": null
  },
  {
    "id": "603673STK",
    "title": "Jumbo Containerzakken 140 L 3 Stuks",
    "category": "Huishouden en dieren",
    "price": 1.95,
    "promoPrice": null,
    "pricePerUnit": "0.65 pieces",
    "image": "https://www.jumbo.com/dam-images/fit-in/360x360/Products/14022025_1739539721660_1739539736349_8718452758715_596.png",
    "available": true,
    "promoUntil": null
  },
  {
    "id": "566746STK",
    "title": "Jumbo Goudse Kaas Jong Belegen 48+ â€“ Voordeelverpakking 4 x 400 g",
    "category": "Vleeswaren, kaas en tapas",
    "price": 15.16,
    "promoPrice": null,
    "pricePerUnit": "None None",
    "image": "https://www.jumbo.com/dam-images/fit-in/360x360/Products/20222062c53e8ad4-4645-4f3e-8be4-5a7622f88662-1747663617186.png",
    "available": true,
    "promoUntil": null
  },
  {
    "id": "601280DS",
    "title": "Jumbo IJsblokzakken 10 Stuks",
    "category": "Huishouden en dieren",
    "price": 0.56,
    "promoPrice": null,
    "pricePerUnit": "0.06 pieces",
    "image": "https://www.jumbo.com/dam-images/fit-in/360x360/Products/15112024_1731637780284_1731637783071_601280_DS_08718452731008_C1N1_s01.png",
    "available": true,
    "promoUntil": null
  },
  {
    "id": "12329STK",
    "title": "Clearblue zwangerschapstest met snelle detectie, 1 test",
    "category": "Drogisterij en baby",
    "price": 9.99,
    "promoPrice": null,
    "pricePerUnit": "9.99 pieces",
    "image": "https://www.jumbo.com/dam-images/fit-in/360x360/Products/25082025_1756128924031_1756128927754_8700216299800_1.png",
    "available": true,
    "promoUntil": null
  },
  {
    "id": "607297PAK",
    "title": "GiG - Hard Seltzer - Variety Pack - 4 x 330ML",
    "category": "Bier en wijn",
    "price": 6.99,
    "promoPrice": null,
    "pricePerUnit": "5.3 l",
    "image": "https://www.jumbo.com/dam-images/fit-in/360x360/Products/27022024_1709051592945_1709051606003_8720865109220_1.png",
    "available": true,
    "promoUntil": null
  },
  {
    "id": "564661DS",
    "title": "Fairtrade Original Thaise Tom Kha Soep 70 g",
    "category": "Wereldkeukens, kruiden, pasta en rijst",
    "price": 2.37,
    "promoPrice": null,
    "pricePerUnit": "33.86 kg",
    "image": "https://www.jumbo.com/dam-images/fit-in/360x360/Products/09082023_1691594836485_1691594847155_8711741354384_1.png",
    "available": true,
    "promoUntil": null
  },
  {
    "id": "710543BLK",
    "title": "Frontaal - Double Juice Punch - Blik - 330ML",
    "category": "Bier en wijn",
    "price": 3.59,
    "promoPrice": null,
    "pricePerUnit": "10.88 l",
    "image": "https://www.jumbo.com/dam-images/fit-in/360x360/Products/20092025_1758334242714_1758334244717_710543_BLK_08721001430659_C1N1.png",
    "available": true,
    "promoUntil": null
  },
  {
    "id": "656680KGR",
    "title": "Jumbo Goudse Kaas 30+ Extra Belegen ca. 200 g",
    "category": "Vleeswaren, kaas en tapas",
    "price": 4.18,
    "promoPrice": null,
    "pricePerUnit": "20.9 kg",
    "image": "https://www.jumbo.com/dam-images/fit-in/360x360/Products/18092023_1695048335112_1695048344554_2333470000000_1.png",
    "available": true,
    "promoUntil": null
  },
  {
    "id": "634733DS",
    "title": "Grolsch Weizenbock 6x330ML",
    "category": "Bier en wijn",
    "price": 7.89,
    "promoPrice": null,
    "pricePerUnit": "4.38 l",
    "image": "https://www.jumbo.com/dam-images/fit-in/360x360/Products/08716700019441H1N11fdd6cdd7-4dd3-404c-b6d0-068a86c1071a-1758099304309.png",
    "available": true,
    "promoUntil": null
  },
  {
    "id": "381984ZK",
    "title": "Jumbo Luiers Maat 4 9-14 kg 40 Stuks",
    "category": "Drogisterij en baby",
    "price": 5.99,
    "promoPrice": null,
    "pricePerUnit": "0.15 pieces",
    "image": "https://www.jumbo.com/dam-images/fit-in/360x360/Products/29092023_1695996432314_1695996438801_8718452702015_1.png",
    "available": true,
    "promoUntil": null
  },
  {
    "id": "16836STK",
    "title": "Advil Reliva Liquid-Caps pijnstiller 200 mg, 10 stuks",
    "category": "Drogisterij en baby",
    "price": 4.99,
    "promoPrice": null,
    "pricePerUnit": "0.5 pieces",
    "image": "https://www.jumbo.com/dam-images/fit-in/360x360/Products/24092025_1758672106354_1758672111593_8712769019040_1.png",
    "available": true,
    "promoUntil": null
  },
  {
    "id": "562501FLS",
    "title": "Fairtrade Original Biologische Sojasaus 200 ml",
    "category": "Wereldkeukens, kruiden, pasta en rijst",
    "price": 3.16,
    "promoPrice": null,
    "pricePerUnit": "15.8 l",
    "image": "https://www.jumbo.com/dam-images/fit-in/360x360/Products/18102023_1697590975052_1697590978359_562501_FLS_08711741354179_C1N1.png",
    "available": true,
    "promoUntil": null
  },
  {
    "id": "459371STK",
    "title": "Davitamon Compleet weerstand kauwvitamines bosvruchten, 60 stuks",
    "category": "Drogisterij en baby",
    "price": 19.49,
    "promoPrice": null,
    "pricePerUnit": "0.32 pieces",
    "image": "https://www.jumbo.com/dam-images/fit-in/360x360/Products/24092025_1758672137732_1758672147026_8710537704402_1.png",
    "available": true,
    "promoUntil": null
  },
  {
    "id": "459654STK",
    "title": "Jumbo Hondenworst met Lam & Rijst 400 g",
    "category": "Huishouden en dieren",
    "price": 2.09,
    "promoPrice": null,
    "pricePerUnit": "5.23 kg",
    "image": "https://www.jumbo.com/dam-images/fit-in/360x360/Products/09082023_1691588859964_1691588862800_8718452549375_1.png",
    "available": true,
    "promoUntil": null
  },
  {
    "id": "710979ZK",
    "title": "Jumbo Kruidnoten Kaneel Truffel 200 g",
    "category": "Koek, snoep, chocolade en chips",
    "price": 2.79,
    "promoPrice": null,
    "pricePerUnit": "13.95 kg",
    "image": "https://www.jumbo.com/dam-images/fit-in/360x360/Products/25072025_1753432374693_1753432384674_8718452921911_596.png",
    "available": true,
    "promoUntil": null
  },
  {
    "id": "559765POT",
    "title": "Jumbo Pesto Ricotta & Walnoot 190 g",
    "category": "Wereldkeukens, kruiden, pasta en rijst",
    "price": 2.19,
    "promoPrice": null,
    "pricePerUnit": "11.53 kg",
    "image": "https://www.jumbo.com/dam-images/fit-in/360x360/Products/14022024_1707873252178_1707873256916_8718452726196_1.png",
    "available": true,
    "promoUntil": null
  },
  {
    "id": "471635ZK",
    "title": "Bonzo Beggin' Strips Hondensnacks met Bacon",
    "category": "Huishouden en dieren",
    "price": 2.37,
    "promoPrice": null,
    "pricePerUnit": "19.75 kg",
    "image": "https://www.jumbo.com/dam-images/fit-in/360x360/Products/30062025_1751245234470_1751245349679_471635_ZK_07613287501868_C1N1_s03.png",
    "available": true,
    "promoUntil": null
  },
  {
    "id": "590958FLS",
    "title": "Chianti - Riserva - 750ML",
    "category": "Bier en wijn",
    "price": 6.99,
    "promoPrice": null,
    "pricePerUnit": "9.32 l",
    "image": "https://www.jumbo.com/dam-images/fit-in/360x360/Products/30042024_1714463354000_1714463357570_8718452712021_1.png",
    "available": true,
    "promoUntil": null
  },
  {
    "id": "407092DS",
    "title": "Gaviscon Duo zakjes pepermuntpoeder bij brandend maagzuur, 12 stuks",
    "category": "Drogisterij en baby",
    "price": 9.99,
    "promoPrice": null,
    "pricePerUnit": "0.83 pieces",
    "image": "https://www.jumbo.com/dam-images/fit-in/360x360/Products/24092025_1758672132789_1758672138962_5410036306482_1.png",
    "available": true,
    "promoUntil": null
  },
  {
    "id": "154830DS",
    "title": "Guylian the Original Seashells 22 Stuks 250 g",
    "category": "Koek, snoep, chocolade en chips",
    "price": 7.91,
    "promoPrice": null,
    "pricePerUnit": "31.64 kg",
    "image": "https://www.jumbo.com/dam-images/fit-in/360x360/Products/25062025_1750814367640_1750814371934_154830_DS_05410976140122_C1N1.png",
    "available": true,
    "promoUntil": null
  },
  {
    "id": "475397FLS",
    "title": "ChÃ¢teau Tanunda â€“ Single Vineyard Chardonnay - 750ML",
    "category": "Bier en wijn",
    "price": 14.99,
    "promoPrice": null,
    "pricePerUnit": "19.99 l",
    "image": "https://www.jumbo.com/dam-images/fit-in/360x360/Products/09082023_1691589510171_1691589552653_9313181006183_1.png",
    "available": true,
    "promoUntil": null
  },
  {
    "id": "624779RP",
    "title": "Feastables MrBeast Melk Crunch Chocolade Reep 60 g",
    "category": "Koek, snoep, chocolade en chips",
    "price": 2.96,
    "promoPrice": null,
    "pricePerUnit": "49.33 kg",
    "image": "https://www.jumbo.com/dam-images/fit-in/360x360/Products/17072024_1721212452937_1721212458182_1230000168007_1.png",
    "available": true,
    "promoUntil": null
  },
  {
    "id": "172136PAK",
    "title": "Jumbo Houtvezel 2,5 kg",
    "category": "Huishouden en dieren",
    "price": 3.49,
    "promoPrice": null,
    "pricePerUnit": "1.4 kg",
    "image": "https://www.jumbo.com/dam-images/fit-in/360x360/Products/10082023_1691674998417_1691675019635_8718452173822_1.png",
    "available": true,
    "promoUntil": null
  },
  {
    "id": "678534STK",
    "title": "HEMA Vlaggenlijn Goud Plastic 1 Stuk",
    "category": "Non-food en servicebalie",
    "price": 1.99,
    "promoPrice": null,
    "pricePerUnit": "1.99 pieces",
    "image": "https://www.jumbo.com/dam-images/fit-in/360x360/Products/07022025_1738933060229_1738933062786_678534_STK_08720354508367_C1N1.png",
    "available": true,
    "promoUntil": null
  },
  {
    "id": "669264STK",
    "title": "HEMA Vershoudbakjes 1,2L 3 Stuks",
    "category": "Non-food en servicebalie",
    "price": 4.29,
    "promoPrice": null,
    "pricePerUnit": "1.43 pieces",
    "image": "https://www.jumbo.com/dam-images/fit-in/360x360/Products/13122024_1734084852633_1734084856466_669264_STK_08720354650424_C1N1.png",
    "available": true,
    "promoUntil": null
  },
  {
    "id": "489812STK",
    "title": "HiPP Biologisch Opvolgmelk op Basis van Geitenmelk 2 vanaf 6 Maanden 400 g",
    "category": "Drogisterij en baby",
    "price": 16.33,
    "promoPrice": null,
    "pricePerUnit": "40.83 kg",
    "image": "https://www.jumbo.com/dam-images/fit-in/360x360/Products/02082025_1754100698623_1754100704887_489812_STK_.png",
    "available": true,
    "promoUntil": null
  },
  {
    "id": "425872TRA",
    "title": "Huls Sticks Chorizo 62,5 g",
    "category": "Vleeswaren, kaas en tapas",
    "price": 2.17,
    "promoPrice": null,
    "pricePerUnit": "34.44 kg",
    "image": "https://www.jumbo.com/dam-images/fit-in/360x360/Products/26052025_1748226172653_1748226180493_425872_TRA_08725800006107_C1N1.png",
    "available": true,
    "promoUntil": null
  },
  {
    "id": "620370STK",
    "title": "Jumbo Babyvoeding Biologisch Appel & Blauwe Bosbes 8+ Maanden 190 g",
    "category": "Drogisterij en baby",
    "price": 1.09,
    "promoPrice": null,
    "pricePerUnit": "5.74 kg",
    "image": "https://www.jumbo.com/dam-images/fit-in/360x360/Products/24052024_1716546853443_1716546860850_8718452804023_1.png",
    "available": true,
    "promoUntil": null
  },
  {
    "id": "711447STK",
    "title": "Jumbo Brokken in Saus met Zalm & Forel 3 x 415 g",
    "category": "Huishouden en dieren",
    "price": 2.37,
    "promoPrice": null,
    "pricePerUnit": "None None",
    "image": "https://www.jumbo.com/dam-images/fit-in/360x360/Products/20258450d7c98ea1-c160-463b-8581-a62b6fbc6182-1753711198900.png",
    "available": true,
    "promoUntil": null
  },
  {
    "id": "69392STK",
    "title": "AndrÃ©lon Styling Mousse Fantastische Fixatie 200 ml",
    "category": "Drogisterij en baby",
    "price": 5.79,
    "promoPrice": null,
    "pricePerUnit": "28.95 l",
    "image": "https://www.jumbo.com/dam-images/fit-in/360x360/Products/28122024_1735358618153_1735358632893_69392_STK_08711600604445_C1N1.png",
    "available": true,
    "promoUntil": null
  },
  {
    "id": "713221PAK",
    "title": "FELIXÂ® Countryside Sensations met Rund,Â Kip en met Groenten Kattenvoer 4kg",
    "category": "Huishouden en dieren",
    "price": 18.29,
    "promoPrice": null,
    "pricePerUnit": "4.57 kg",
    "image": "https://www.jumbo.com/dam-images/fit-in/360x360/Products/08082025_1754678044447_1754678050342_7613036478229_1.png",
    "available": true,
    "promoUntil": null
  },
  {
    "id": "471628STK",
    "title": "A.Vogel Keelspray 30ml",
    "category": "Drogisterij en baby",
    "price": 11.99,
    "promoPrice": null,
    "pricePerUnit": "399.67 l",
    "image": "https://www.jumbo.com/dam-images/fit-in/360x360/Products/24092025_1758672061777_1758672067117_8711596579581_1.png",
    "available": true,
    "promoUntil": null
  },
  {
    "id": "687499PAK",
    "title": "HEMA Sokken Katoenrijk Zwart Maat 39-42 5 Stuks",
    "category": "Non-food en servicebalie",
    "price": 9.99,
    "promoPrice": null,
    "pricePerUnit": "2.0 pieces",
    "image": "https://www.jumbo.com/dam-images/fit-in/360x360/Products/28092023_1695920373197_1695920386578_8716618399819_1.png",
    "available": true,
    "promoUntil": null
  },
  {
    "id": "648221TRA",
    "title": "Jumbo Kaasplateau 443 g",
    "category": "Vleeswaren, kaas en tapas",
    "price": 6.5,
    "promoPrice": null,
    "pricePerUnit": "20.77 kg",
    "image": "https://www.jumbo.com/dam-images/fit-in/360x360/Products/12122024_1734014943907_1734014950967_8718452871698_1.png",
    "available": true,
    "promoUntil": null
  },
  {
    "id": "616669FLS",
    "title": "Garnier Loving Blends Milde Haver Shampoo 300ML",
    "category": "Drogisterij en baby",
    "price": 5.99,
    "promoPrice": null,
    "pricePerUnit": "19.97 l",
    "image": "https://www.jumbo.com/dam-images/fit-in/360x360/Products/06072024_1720227901352_1720227903317_616669_FLS_03600542461689_C1N1.png",
    "available": true,
    "promoUntil": null
  },
  {
    "id": "696076ZK",
    "title": "Jumbo Mini Koekjes Choco Chip met Pure Chocolade 125 g",
    "category": "Koek, snoep, chocolade en chips",
    "price": 2.17,
    "promoPrice": null,
    "pricePerUnit": "17.36 kg",
    "image": "https://www.jumbo.com/dam-images/fit-in/360x360/Products/30042025_1746009703823_1746009727123_696076_ZK_08718452871926_C1N1.png",
    "available": true,
    "promoUntil": null
  },
  {
    "id": "417794ZK",
    "title": "Jumbo Premium Luiers Maat 1 2-5 kg 34 Stuks",
    "category": "Drogisterij en baby",
    "price": 5.08,
    "promoPrice": null,
    "pricePerUnit": "0.15 pieces",
    "image": "https://www.jumbo.com/dam-images/fit-in/360x360/Products/09082023_1691588006120_1691588070077_8718452509379_1.png",
    "available": true,
    "promoUntil": null
  },
  {
    "id": "699821FLS",
    "title": "Active O2 Peach White Tea Flavour 500 ml",
    "category": "Frisdrank en sappen",
    "price": 1.39,
    "promoPrice": null,
    "pricePerUnit": "2.78 l",
    "image": "https://www.jumbo.com/dam-images/fit-in/360x360/Products/20052025_1747765948570_1747765952103_4005906005193_1.png",
    "available": true,
    "promoUntil": null
  },
  {
    "id": "431117FLS",
    "title": "7UP Zero Sugar Refreshing Lemon & Lime Taste 500ml",
    "category": "Frisdrank en sappen",
    "price": 1.45,
    "promoPrice": null,
    "pricePerUnit": "2.9 l",
    "image": "https://www.jumbo.com/dam-images/fit-in/360x360/Products/25032024_1711381635745_1711381642366_8715600245080_596.png",
    "available": true,
    "promoUntil": null
  },
  {
    "id": "187017POT",
    "title": "Conimex Sambal Manis 200 g",
    "category": "Wereldkeukens, kruiden, pasta en rijst",
    "price": 2.17,
    "promoPrice": null,
    "pricePerUnit": "10.85 kg",
    "image": "https://www.jumbo.com/dam-images/fit-in/360x360/Products/17092025_1758074496558_1758074532011_187017_POT_08714100748282_H1N1.png",
    "available": true,
    "promoUntil": null
  },
  {
    "id": "192285POT",
    "title": "Euroma Dille Vriesdroog 13 g",
    "category": "Wereldkeukens, kruiden, pasta en rijst",
    "price": 3.19,
    "promoPrice": null,
    "pricePerUnit": "245.38 kg",
    "image": "https://www.jumbo.com/dam-images/fit-in/360x360/Products/12122023_1702357957706_1702357972188_192285_POT_08717600197130_C1N1.png",
    "available": true,
    "promoUntil": null
  },
  {
    "id": "603916STK",
    "title": "Jumbo Granaatappelsap 3 x 250ML",
    "category": "Aardappelen, groente en fruit",
    "price": 5.97,
    "promoPrice": null,
    "pricePerUnit": "None None",
    "image": "https://www.jumbo.com/dam-images/fit-in/360x360/Products/603916STK3038d030-ee33-4f45-83cb-eddd81e949a0-1733299384474.png",
    "available": true,
    "promoUntil": null
  },
  {
    "id": "710008TRA",
    "title": "Jumbo Zoete Aardappelpuree 500 g",
    "category": "Aardappelen, groente en fruit",
    "price": 2.79,
    "promoPrice": null,
    "pricePerUnit": "5.58 kg",
    "image": "https://www.jumbo.com/dam-images/fit-in/360x360/Products/17072025_1752741167234_1752741173239_8718452828975_1.png",
    "available": true,
    "promoUntil": null
  },
  {
    "id": "654192STK",
    "title": "LU minicrackers olijfolie & oregano 2 x 250G",
    "category": "Koek, snoep, chocolade en chips",
    "price": 4.38,
    "promoPrice": null,
    "pricePerUnit": "None None",
    "image": "https://www.jumbo.com/dam-images/fit-in/360x360/Products/654192STKbeae47c6-ef2b-4d92-b0b5-c6ae655048ca-1727945904899.png",
    "available": true,
    "promoUntil": null
  },
  {
    "id": "533423FLS",
    "title": "Marcelâ€™s Green Soap afwasmiddel Basilicum & Vetiver - 500ml",
    "category": "Huishouden en dieren",
    "price": 3.29,
    "promoPrice": null,
    "pricePerUnit": "6.58 l",
    "image": "https://www.jumbo.com/dam-images/fit-in/360x360/Products/10082023_1691678361697_1691678368725_8719189416091_1.png",
    "available": true,
    "promoUntil": null
  },
  {
    "id": "592741DS",
    "title": "La Trappe Bock Bier 4x330ML",
    "category": "Bier en wijn",
    "price": 7.69,
    "promoPrice": null,
    "pricePerUnit": "5.83 l",
    "image": "https://www.jumbo.com/dam-images/fit-in/360x360/Products/592741DS08711406093870H1N1036c7c7a7ebf425b8f217f67ed1bef80169382643011133baf05e-744f-4f69-b8eb-66d2e2892ae6-1696584259735.png",
    "available": true,
    "promoUntil": null
  },
  {
    "id": "503820DS",
    "title": "NIVEA Voedende DagcrÃ¨me SPF15 - 50ml - Gezichtscreme- Gezichtsverzorging - Met natuurlijke amandelolie  - Droge huid",
    "category": "Drogisterij en baby",
    "price": 11.49,
    "promoPrice": null,
    "pricePerUnit": "229.8 l",
    "image": "https://www.jumbo.com/dam-images/fit-in/360x360/Products/18082025_1755531251507_1755531254454_4005900741301_1.png",
    "available": true,
    "promoUntil": null
  },
  {
    "id": "88948PAK",
    "title": "Nutrilon Content 1 - Baby 0-6  Maanden 800 g",
    "category": "Drogisterij en baby",
    "price": 18.8,
    "promoPrice": null,
    "pricePerUnit": "23.5 kg",
    "image": "https://www.jumbo.com/dam-images/fit-in/360x360/Products/28082025_1756398807314_1756398812612_8712400110358_1.png",
    "available": true,
    "promoUntil": null
  },
  {
    "id": "678839TUB",
    "title": "Oral-B Arctic Fresh Tandpasta 75 ml",
    "category": "Drogisterij en baby",
    "price": 4.69,
    "promoPrice": null,
    "pricePerUnit": "62.53 l",
    "image": "https://www.jumbo.com/dam-images/fit-in/360x360/Products/14022025_1739539196854_1739539201470_8001090999917_1.png",
    "available": true,
    "promoUntil": null
  },
  {
    "id": "142189ZK",
    "title": "Kindly's Zoete Herinneringen Framboosjes 200 g",
    "category": "Koek, snoep, chocolade en chips",
    "price": 2.45,
    "promoPrice": null,
    "pricePerUnit": "13.61 kg",
    "image": "https://www.jumbo.com/dam-images/fit-in/360x360/Products/10052025_1746841204060_1746841205348_142189_ZK_08712514099549_C1N1.png",
    "available": true,
    "promoUntil": null
  },
  {
    "id": "711880POT",
    "title": "Royal Mediterranean JalapeÃ±o Mix 200 g",
    "category": "Wereldkeukens, kruiden, pasta en rijst",
    "price": 2.27,
    "promoPrice": null,
    "pricePerUnit": "11.35 kg",
    "image": "https://www.jumbo.com/dam-images/fit-in/360x360/Products/01082025_1754040792422_1754040800931_5201194001537_1.png",
    "available": true,
    "promoUntil": null
  },
  {
    "id": "648369DS",
    "title": "Saitaku Steamed Poke Bowl Rice 125g",
    "category": "Wereldkeukens, kruiden, pasta en rijst",
    "price": 2.23,
    "promoPrice": null,
    "pricePerUnit": "17.84 kg",
    "image": "https://www.jumbo.com/dam-images/fit-in/360x360/Products/01122024_1733019414694_1733019419313_648369_DS_05060194792636_C1N1.png",
    "available": true,
    "promoUntil": null
  },
  {
    "id": "77794ZK",
    "title": "Lemco Lollies Lekkerrr 24 Stuks 240 g",
    "category": "Koek, snoep, chocolade en chips",
    "price": 2.09,
    "promoPrice": null,
    "pricePerUnit": "8.71 kg",
    "image": "https://www.jumbo.com/dam-images/fit-in/360x360/Products/30032025_1743298874846_1743298886228_77794_ZK_08717399036351_C1N1.png",
    "available": true,
    "promoUntil": null
  },
  {
    "id": "657365DS",
    "title": "Scrub Daddy Original Spons 1 Stuk",
    "category": "Huishouden en dieren",
    "price": 3.99,
    "promoPrice": null,
    "pricePerUnit": "3.99 pieces",
    "image": "https://www.jumbo.com/dam-images/fit-in/360x360/Products/653449560-1751380099296.png",
    "available": true,
    "promoUntil": null
  },
  {
    "id": "511813POT",
    "title": "Sharwood's Cooking Sauce Tikka Masala 420 g",
    "category": "Wereldkeukens, kruiden, pasta en rijst",
    "price": 3.49,
    "promoPrice": null,
    "pricePerUnit": "8.31 kg",
    "image": "https://www.jumbo.com/dam-images/fit-in/360x360/Products/04012025_1735956582542_1735956591385_511813_POT_05000354911743_H1N1.png",
    "available": true,
    "promoUntil": null
  },
  {
    "id": "524053BLS",
    "title": "Sensodyne gevoeligheid & tandvlees tandenborstel voor gevoelige tanden 1 stuk",
    "category": "Drogisterij en baby",
    "price": 4.99,
    "promoPrice": null,
    "pricePerUnit": "4.99 pieces",
    "image": "https://www.jumbo.com/dam-images/fit-in/360x360/Products/14062025_1749869181742_1749869183643_524053_BLS_05054563933096_C1N1.png",
    "available": true,
    "promoUntil": null
  },
  {
    "id": "388399STK",
    "title": "Licener Anti-luis shampoo, 100ml",
    "category": "Drogisterij en baby",
    "price": 18.5,
    "promoPrice": null,
    "pricePerUnit": "185.0 l",
    "image": "https://www.jumbo.com/dam-images/fit-in/360x360/Products/24092025_1758672136157_1758672143145_8717344390118_1.png",
    "available": true,
    "promoUntil": null
  },
  {
    "id": "626912ZK",
    "title": "Knorr Asia Specials Style Noodles Maaltijdmix Teriyaki 133 g",
    "category": "Wereldkeukens, kruiden, pasta en rijst",
    "price": 2.99,
    "promoPrice": null,
    "pricePerUnit": "22.48 kg",
    "image": "https://www.jumbo.com/dam-images/fit-in/360x360/Products/23052025_1747962639308_1747962682548_626912_ZK_08720182673152_H1N1.png",
    "available": true,
    "promoUntil": null
  },
  {
    "id": "565281FLS",
    "title": "Marcel's Green Soap universeel wasmiddel Patchouli & Cranberry - 23 Wasbeurten",
    "category": "Huishouden en dieren",
    "price": 10.79,
    "promoPrice": null,
    "pricePerUnit": "0.47 wb",
    "image": "https://www.jumbo.com/dam-images/fit-in/360x360/Products/05082025_1754358175895_1754358178599_565281_FLS_08720254337067_C1N1.png",
    "available": true,
    "promoUntil": null
  },
  {
    "id": "667143PAK",
    "title": "Van de Boom Groene Thee Bosfruit Siroop  0,75L",
    "category": "Frisdrank en sappen",
    "price": 2.99,
    "promoPrice": null,
    "pricePerUnit": "3.99 l",
    "image": "https://www.jumbo.com/dam-images/fit-in/360x360/Products/04092025_1756996412161_1756996423849_8720157402701_596.png",
    "available": true,
    "promoUntil": null
  },
  {
    "id": "194195STK",
    "title": "Prevalin Direct plus bij hooikoorts, 20 ml",
    "category": "Drogisterij en baby",
    "price": 19.49,
    "promoPrice": null,
    "pricePerUnit": "19.49 pieces",
    "image": "https://www.jumbo.com/dam-images/fit-in/360x360/Products/24092025_1758672107635_1758672112781_8710537040166_1.png",
    "available": true,
    "promoUntil": null
  },
  {
    "id": "370968POT",
    "title": "Verstegen World Spice Meal Chili Con Carne 63 g",
    "category": "Wereldkeukens, kruiden, pasta en rijst",
    "price": 3.99,
    "promoPrice": null,
    "pricePerUnit": "63.33 kg",
    "image": "https://www.jumbo.com/dam-images/fit-in/360x360/Products/12122024_1734014700457_1734014709133_87351736_1.png",
    "available": true,
    "promoUntil": null
  },
  {
    "id": "451055STK",
    "title": "Valdispert Extra Forte tabletten 450 mg, 40 stuks",
    "category": "Drogisterij en baby",
    "price": 18.99,
    "promoPrice": null,
    "pricePerUnit": "633.0 kg",
    "image": "https://www.jumbo.com/dam-images/fit-in/360x360/Products/24092025_1758672063154_1758672068846_8711744033828_1.png",
    "available": true,
    "promoUntil": null
  },
  {
    "id": "223050STK",
    "title": "Zinolium ZZ gel voor lipblaasjes 5 g",
    "category": "Drogisterij en baby",
    "price": 8.39,
    "promoPrice": null,
    "pricePerUnit": "1678.0 kg",
    "image": "https://www.jumbo.com/dam-images/fit-in/360x360/Products/24092025_1758672091205_1758672097001_8713304945671_1.png",
    "available": true,
    "promoUntil": null
  },
  {
    "id": "694361CUP",
    "title": "Primello Bonte Paprika & Knoflook 125 g",
    "category": "Vleeswaren, kaas en tapas",
    "price": 1.69,
    "promoPrice": null,
    "pricePerUnit": "13.52 kg",
    "image": "https://www.jumbo.com/dam-images/fit-in/360x360/Products/22072025_1753191236950_1753191245735_4020300961968_1.png",
    "available": true,
    "promoUntil": null
  },
  {
    "id": "703118ZK",
    "title": "Koh Thai Dikke Udon Noedels 200g",
    "category": "Wereldkeukens, kruiden, pasta en rijst",
    "price": 1.97,
    "promoPrice": null,
    "pricePerUnit": "9.85 kg",
    "image": "https://www.jumbo.com/dam-images/fit-in/360x360/Products/04062025_1749049244401_1749049268191_703118_ZK_08717662268397_C1N1.png",
    "available": true,
    "promoUntil": null
  },
  {
    "id": "575351FLS",
    "title": "La Trappe - Quadrupel - Fles - 750ML",
    "category": "Bier en wijn",
    "price": 6.39,
    "promoPrice": null,
    "pricePerUnit": "8.52 l",
    "image": "https://www.jumbo.com/dam-images/fit-in/360x360/Products/11062024_1718078152025_1718078154284_575351_FLS_08711406135723_C1N1.png",
    "available": true,
    "promoUntil": null
  },
  {
    "id": "616349DS",
    "title": "Lindt Les Grandes Almond Sea salt 150g",
    "category": "Koek, snoep, chocolade en chips",
    "price": 5.93,
    "promoPrice": null,
    "pricePerUnit": "39.53 kg",
    "image": "https://www.jumbo.com/dam-images/fit-in/360x360/Products/27022024_1709027000346_1709027041593_616349_DS_07610400085946_H1N1.png",
    "available": true,
    "promoUntil": null
  },
  {
    "id": "592608DS",
    "title": "Nutrilon 2 Economy Verpakking Opvolgmelk 6+ maanden 600g",
    "category": "Drogisterij en baby",
    "price": 10.88,
    "promoPrice": null,
    "pricePerUnit": "18.13 kg",
    "image": "https://www.jumbo.com/dam-images/fit-in/360x360/Products/28112023_1701157662614_1701157663195_592608_DS_08712400120029_A1N1.png",
    "available": true,
    "promoUntil": null
  },
  {
    "id": "667180BLK",
    "title": "Mojo MatÃ© Passievrucht 250ML",
    "category": "Frisdrank en sappen",
    "price": 1.59,
    "promoPrice": null,
    "pricePerUnit": "6.36 l",
    "image": "https://www.jumbo.com/dam-images/fit-in/360x360/Products/03122024_1733228574085_1733228576960_667180_BLK_08720892173041_C1N1.png",
    "available": true,
    "promoUntil": null
  },
  {
    "id": "534071STK",
    "title": "Rosewood Steak Fillet Eend 100g",
    "category": "Huishouden en dieren",
    "price": 2.49,
    "promoPrice": null,
    "pricePerUnit": "24.9 kg",
    "image": "https://www.jumbo.com/dam-images/fit-in/360x360/Products/12072024_1720742489268_1720742494255_8712113532881_1.png",
    "available": true,
    "promoUntil": null
  },
  {
    "id": "128063FLS",
    "title": "Neutral 0% Conditioner Parfumvrije 250 ml",
    "category": "Drogisterij en baby",
    "price": 6.35,
    "promoPrice": null,
    "pricePerUnit": "25.4 l",
    "image": "https://www.jumbo.com/dam-images/fit-in/360x360/Products/30092024_1727681622545_1727681624656_8712561090735_1.png",
    "available": true,
    "promoUntil": null
  },
  {
    "id": "663399BLK",
    "title": "PerfectTed Matcha Energy Pineapple 250ML",
    "category": "Frisdrank en sappen",
    "price": 1.69,
    "promoPrice": null,
    "pricePerUnit": "6.76 l",
    "image": "https://www.jumbo.com/dam-images/fit-in/360x360/Products/05060941970300A1N1de081779-f862-41f0-bdaa-c7541b689fa7-1734608600869.png",
    "available": true,
    "promoUntil": null
  },
  {
    "id": "683440DS",
    "title": "Roka Gouda Cheese Sticks 80 g ",
    "category": "Koek, snoep, chocolade en chips",
    "price": 2.69,
    "promoPrice": null,
    "pricePerUnit": "33.63 kg",
    "image": "https://www.jumbo.com/dam-images/fit-in/360x360/Products/05052025_1746433946201_1746433950737_8710588600173_1.png",
    "available": true,
    "promoUntil": null
  },
  {
    "id": "91616ZK",
    "title": "Silvo Mix voor Karbonade 22 g",
    "category": "Wereldkeukens, kruiden, pasta en rijst",
    "price": 1.88,
    "promoPrice": null,
    "pricePerUnit": "85.45 kg",
    "image": "https://www.jumbo.com/dam-images/fit-in/360x360/Products/01112024_1730431732226_1730431738888_91616_ZK_08715500041737_C1N1.png",
    "available": true,
    "promoUntil": null
  },
  {
    "id": "439795ZK",
    "title": "Knorr Natuurlijk Lekker! Maaltijdmix Macaroni 48 g",
    "category": "Wereldkeukens, kruiden, pasta en rijst",
    "price": 2.09,
    "promoPrice": null,
    "pricePerUnit": "43.54 kg",
    "image": "https://www.jumbo.com/dam-images/fit-in/360x360/Products/29032025_1743218686706_1743218730039_439795_ZK_08720181136085_H1N1.png",
    "available": true,
    "promoUntil": null
  },
  {
    "id": "653985STK",
    "title": "NestlÃ© Little Rockets Smoothiebundel",
    "category": "Drogisterij en baby",
    "price": 7.88,
    "promoPrice": null,
    "pricePerUnit": "None None",
    "image": "https://www.jumbo.com/dam-images/fit-in/360x360/Products/20258634e86ca469-8a3a-4853-bd84-4a56532825b9-1747654239435.png",
    "available": true,
    "promoUntil": null
  },
  {
    "id": "215573FLS",
    "title": "Tommy's Kombucha Green Tea 33 cl",
    "category": "Frisdrank en sappen",
    "price": 2.59,
    "promoPrice": null,
    "pricePerUnit": "7.85 l",
    "image": "https://www.jumbo.com/dam-images/fit-in/360x360/Products/09082023_1691586713572_1691586717568_8719326069357_1.png",
    "available": true,
    "promoUntil": null
  },
  {
    "id": "203748ZK",
    "title": "Verstegen Mix voor Goulash 20 g",
    "category": "Wereldkeukens, kruiden, pasta en rijst",
    "price": 1.48,
    "promoPrice": null,
    "pricePerUnit": "74.0 kg",
    "image": "https://www.jumbo.com/dam-images/fit-in/360x360/Products/15032025_1742007425277_1742007430951_203748_ZK_08712200982155_C1N1.png",
    "available": true,
    "promoUntil": null
  },
  {
    "id": "143114STK",
    "title": "Verstegen Nootmuskaat met Molen 46 g ",
    "category": "Wereldkeukens, kruiden, pasta en rijst",
    "price": 4.39,
    "promoPrice": null,
    "pricePerUnit": "95.43 kg",
    "image": "https://www.jumbo.com/dam-images/fit-in/360x360/Products/27082024_1724734363627_1724734369826_143114_STK_08712200992857_C1N1.png",
    "available": true,
    "promoUntil": null
  },
  {
    "id": "579787FLS",
    "title": "Sir James 101 - Mojito - Alcoholvrij 0.0% - 250ML",
    "category": "Bier en wijn",
    "price": 1.99,
    "promoPrice": null,
    "pricePerUnit": "7.96 l",
    "image": "https://www.jumbo.com/dam-images/fit-in/360x360/Products/15032024_1710470219383_1710470221801_579787_FLS_08717953274786_C1N1.png",
    "available": true,
    "promoUntil": null
  },
  {
    "id": "550105ZK",
    "title": "TUC Bake Rolls Crackers Garlic & Formaggio 150 g",
    "category": "Koek, snoep, chocolade en chips",
    "price": 1.99,
    "promoPrice": null,
    "pricePerUnit": "13.27 kg",
    "image": "https://www.jumbo.com/dam-images/fit-in/360x360/Products/05082025_1754400785056_1754400795663_7622201748296_596.png",
    "available": true,
    "promoUntil": null
  },
  {
    "id": "143026POT",
    "title": "Verstegen Mix voor Gehakt Traditioneel 90 g",
    "category": "Wereldkeukens, kruiden, pasta en rijst",
    "price": 2.99,
    "promoPrice": null,
    "pricePerUnit": "33.22 kg",
    "image": "https://www.jumbo.com/dam-images/fit-in/360x360/Products/27092023_1695777246798_1695777250087_143026_POT_08712200572318_C1N1.png",
    "available": true,
    "promoUntil": null
  },
  {
    "id": "646157POT",
    "title": "Paolo Zoete Peper Dip 100 g",
    "category": "Vleeswaren, kaas en tapas",
    "price": 1.99,
    "promoPrice": null,
    "pricePerUnit": "19.9 kg",
    "image": "https://www.jumbo.com/dam-images/fit-in/360x360/Products/26112024_1732631598097_1732631607432_8718247444878_1.png",
    "available": true,
    "promoUntil": null
  },
  {
    "id": "650014STK",
    "title": "Jumbo's Kruidenblend Mexicaanse Twist 56 g",
    "category": "Wereldkeukens, kruiden, pasta en rijst",
    "price": 1.99,
    "promoPrice": null,
    "pricePerUnit": "60.3 kg",
    "image": "https://www.jumbo.com/dam-images/fit-in/360x360/Products/11122024_1733924017830_1733924024257_8718452816712_1.png",
    "available": true,
    "promoUntil": null
  },
  {
    "id": "685632PAK",
    "title": "KITKAT Chunky Melkchocolade 4-pack ",
    "category": "Koek, snoep, chocolade en chips",
    "price": 3.95,
    "promoPrice": null,
    "pricePerUnit": "24.69 kg",
    "image": "https://www.jumbo.com/dam-images/fit-in/360x360/Products/11032025_1741721548322_1741721554769_3800020411957_1.png",
    "available": true,
    "promoUntil": null
  },
  {
    "id": "703283ZK",
    "title": "La Morena Burrito Kruidenmix 25g",
    "category": "Wereldkeukens, kruiden, pasta en rijst",
    "price": 1.18,
    "promoPrice": null,
    "pricePerUnit": "47.2 kg",
    "image": "https://www.jumbo.com/dam-images/fit-in/360x360/Products/17062025_1750125614876_1750125625174_703283_ZK_08720604474497_C1N1.png",
    "available": true,
    "promoUntil": null
  },
  {
    "id": "703226BLK",
    "title": "La Morena Zwarte Bonenspread 440g",
    "category": "Wereldkeukens, kruiden, pasta en rijst",
    "price": 2.96,
    "promoPrice": null,
    "pricePerUnit": "6.73 kg",
    "image": "https://www.jumbo.com/dam-images/fit-in/360x360/Products/05062025_1749121216023_1749121226477_703226_BLK_00727452104062_C1N1.png",
    "available": true,
    "promoUntil": null
  },
  {
    "id": "437074FLS",
    "title": "Mogu Mogu Aardbeiensmaak met Nata de Coco 1000 ml",
    "category": "Frisdrank en sappen",
    "price": 4.35,
    "promoPrice": null,
    "pricePerUnit": "4.35 l",
    "image": "https://www.jumbo.com/dam-images/fit-in/360x360/Products/20122023_1703040198434_1703040213294_437074_FLS_08850389117057_C1N1.png",
    "available": true,
    "promoUntil": null
  },
  {
    "id": "134733DS",
    "title": "NESTLÃ‰ baby cereals Multifruit 12+ baby pap - alleen water toevoegen 1 L",
    "category": "Drogisterij en baby",
    "price": 2.93,
    "promoPrice": null,
    "pricePerUnit": "11.72 kg",
    "image": "https://www.jumbo.com/dam-images/fit-in/360x360/Products/02092025_1756779908756_1756779963524_134733_DS_07613037608939_H1N1_s01.png",
    "available": true,
    "promoUntil": null
  },
  {
    "id": "570613ZK",
    "title": "Rosewood Steak Bites Beef 100g",
    "category": "Huishouden en dieren",
    "price": 2.47,
    "promoPrice": null,
    "pricePerUnit": "24.7 kg",
    "image": "https://www.jumbo.com/dam-images/fit-in/360x360/Products/26082025_1756173872504_1756173878048_570613_ZK_08712113575253_C1N1_s01.png",
    "available": true,
    "promoUntil": null
  },
  {
    "id": "336320BLK",
    "title": "Vitakraft Vissenvoer Premium Vita Flake-Mix Vlokken voor Siervissen 18g",
    "category": "Huishouden en dieren",
    "price": 3.49,
    "promoPrice": null,
    "pricePerUnit": "34.9 l",
    "image": "https://www.jumbo.com/dam-images/fit-in/360x360/Products/09082023_1691570568462_1691570579544_4008239221018_1.png",
    "available": true,
    "promoUntil": null
  },
  {
    "id": "565536ZK",
    "title": "Pappadum snack lightly salted",
    "category": "Wereldkeukens, kruiden, pasta en rijst",
    "price": 2.93,
    "promoPrice": null,
    "pricePerUnit": "41.86 kg",
    "image": "https://www.jumbo.com/dam-images/fit-in/360x360/Products/31012024_1706671387304_1706671398093_565536_ZK_08720604472998_C1N1.png",
    "available": true,
    "promoUntil": null
  },
  {
    "id": "408944STK",
    "title": "Perskindol Active Spray 150ml",
    "category": "Drogisterij en baby",
    "price": 14.99,
    "promoPrice": null,
    "pricePerUnit": "99.93 l",
    "image": "https://www.jumbo.com/dam-images/fit-in/360x360/Products/24092025_1758672107821_1758672111431_7640249157030_1.png",
    "available": true,
    "promoUntil": null
  },
  {
    "id": "465201FLS",
    "title": "Ponche Caribe Liqueur 375 ml",
    "category": "Wereldkeukens, kruiden, pasta en rijst",
    "price": 7.5,
    "promoPrice": null,
    "pricePerUnit": "20.0 l",
    "image": "https://www.jumbo.com/dam-images/fit-in/360x360/Products/12122024_1734014544779_1734014548074_625543309740_1.png",
    "available": true,
    "promoUntil": null
  },
  {
    "id": "568067BLS",
    "title": "Sportlife Peppermints Suikervrij 2 x 35 g",
    "category": "Koek, snoep, chocolade en chips",
    "price": 4.45,
    "promoPrice": null,
    "pricePerUnit": "63.57 kg",
    "image": "https://www.jumbo.com/dam-images/fit-in/360x360/Products/28052025_1748442791127_1748442796213_8711400409523_1.png",
    "available": true,
    "promoUntil": null
  },
  {
    "id": "649908EM",
    "title": "The Pink Stuff Paste 850g",
    "category": "Huishouden en dieren",
    "price": 3.49,
    "promoPrice": null,
    "pricePerUnit": "4.11 kg",
    "image": "https://www.jumbo.com/dam-images/fit-in/360x360/Products/11092024_1726049941317_1726049948042_649908_EM_05060033821114_C1N1.png",
    "available": true,
    "promoUntil": null
  },
  {
    "id": "702201FLS",
    "title": "O2 Life Forest Fruits 750 ml",
    "category": "Frisdrank en sappen",
    "price": 1.85,
    "promoPrice": null,
    "pricePerUnit": "2.47 l",
    "image": "https://www.jumbo.com/dam-images/fit-in/360x360/Products/28072025_1753706037133_1753706044688_8718104461451_1.png",
    "available": true,
    "promoUntil": null
  },
  {
    "id": "544679ZK",
    "title": "Klene Snoepdrop Salmiakboksjes 1 x 200 g",
    "category": "Koek, snoep, chocolade en chips",
    "price": 2.56,
    "promoPrice": null,
    "pricePerUnit": "12.8 kg",
    "image": "https://www.jumbo.com/dam-images/fit-in/360x360/Products/07072025_1751902619774_1751902624234_8723400799719_1.png",
    "available": true,
    "promoUntil": null
  },
  {
    "id": "142997POT",
    "title": "Verstegen Jeneverbessen 24 g",
    "category": "Wereldkeukens, kruiden, pasta en rijst",
    "price": 2.99,
    "promoPrice": null,
    "pricePerUnit": "124.58 kg",
    "image": "https://www.jumbo.com/dam-images/fit-in/360x360/Products/30082024_1724985085991_1724985089566_142997_POT_08712200951083_C1N1.png",
    "available": true,
    "promoUntil": null
  },
  {
    "id": "707439ZK",
    "title": "Wilhelmina Mint Kussentjes 200g",
    "category": "Koek, snoep, chocolade en chips",
    "price": 1.97,
    "promoPrice": null,
    "pricePerUnit": "9.85 kg",
    "image": "https://www.jumbo.com/dam-images/fit-in/360x360/Products/01072025_1751357778957_1751357783221_707439_ZK_08710559000797_C1N1.png",
    "available": true,
    "promoUntil": null
  },
  {
    "id": "96272FLS",
    "title": "Tussock Jumper - Tempranillo - 750ML",
    "category": "Bier en wijn",
    "price": 5.49,
    "promoPrice": null,
    "pricePerUnit": "7.32 l",
    "image": "https://www.jumbo.com/dam-images/fit-in/360x360/Products/01072025_1751383989686_1751383994684_3760204540180_1.png",
    "available": true,
    "promoUntil": null
  },
  {
    "id": "674200DS",
    "title": "TastyBasics Crunchy Repen Pinda 6 Stuks 138 g",
    "category": "Koek, snoep, chocolade en chips",
    "price": 3.99,
    "promoPrice": null,
    "pricePerUnit": "28.91 kg",
    "image": "https://www.jumbo.com/dam-images/fit-in/360x360/Products/03042025_1743687230093_1743687239763_8720618707390_1.png",
    "available": true,
    "promoUntil": null
  },
  {
    "id": "429408PAK",
    "title": "McVitie's Ginger Nuts 250 g",
    "category": "Koek, snoep, chocolade en chips",
    "price": 2.39,
    "promoPrice": null,
    "pricePerUnit": "9.56 kg",
    "image": "https://www.jumbo.com/dam-images/fit-in/360x360/Products/31072024_1722391791109_1722391795758_429408_PAK_05000396038194_H1N1.png",
    "available": true,
    "promoUntil": null
  },
  {
    "id": "151680STK",
    "title": "Neutral Zeep Parfumvrij 2 x 100 g",
    "category": "Drogisterij en baby",
    "price": 3.49,
    "promoPrice": null,
    "pricePerUnit": "17.45 l",
    "image": "https://www.jumbo.com/dam-images/fit-in/360x360/Products/05042025_1743820631178_1743820657392_151680_STK_08712561444460_C1N1.png",
    "available": true,
    "promoUntil": null
  },
  {
    "id": "648706POT",
    "title": "Jumbo's BBQ & Beans Salsa 250 g",
    "category": "Wereldkeukens, kruiden, pasta en rijst",
    "price": 1.49,
    "promoPrice": null,
    "pricePerUnit": "5.96 kg",
    "image": "https://www.jumbo.com/dam-images/fit-in/360x360/Products/12122024_1734003204582_1734003213291_8718452814213_1.png",
    "available": true,
    "promoUntil": null
  },
  {
    "id": "703464BAK",
    "title": "Jumbo's Vriesvers Maaltijden Hollandse Stoof 450g",
    "category": "Diepvries",
    "price": 5.99,
    "promoPrice": null,
    "pricePerUnit": "13.31 kg",
    "image": "https://www.jumbo.com/dam-images/fit-in/360x360/Products/08718452926671T596116001318c331cf0d-0997-46ce-9ea3-c39a76ebec1f-1758531029720.png",
    "available": true,
    "promoUntil": null
  },
  {
    "id": "684426ZK",
    "title": "Knorr Risotto Truffel 175 g",
    "category": "Wereldkeukens, kruiden, pasta en rijst",
    "price": 2.99,
    "promoPrice": null,
    "pricePerUnit": "17.09 kg",
    "image": "https://www.jumbo.com/dam-images/fit-in/360x360/Products/07042025_1744025594299_1744025601232_8721201954696_1.png",
    "available": true,
    "promoUntil": null
  },
  {
    "id": "703282ZK",
    "title": "La Morena Taco Kruidenmix 25g",
    "category": "Wereldkeukens, kruiden, pasta en rijst",
    "price": 1.18,
    "promoPrice": null,
    "pricePerUnit": "47.2 kg",
    "image": "https://www.jumbo.com/dam-images/fit-in/360x360/Products/17062025_1750125612031_1750125629125_703282_ZK_08720604474510_C1N1.png",
    "available": true,
    "promoUntil": null
  },
  {
    "id": "135067DS",
    "title": "Lactacyd Verzorgende Wasemulsie 300 ml",
    "category": "Drogisterij en baby",
    "price": 9.29,
    "promoPrice": null,
    "pricePerUnit": "30.97 l",
    "image": "https://www.jumbo.com/dam-images/fit-in/360x360/Products/10082023_1691674904250_1691674919094_8710537790467_1.png",
    "available": true,
    "promoUntil": null
  },
  {
    "id": "225893STK",
    "title": "Mentos Gum White Green Mint Suikervrij Pot 75 stuks ",
    "category": "Koek, snoep, chocolade en chips",
    "price": 4.94,
    "promoPrice": null,
    "pricePerUnit": "43.72 kg",
    "image": "https://www.jumbo.com/dam-images/fit-in/360x360/Products/07072025_1751902617755_1751902627244_80835516_1.png",
    "available": true,
    "promoUntil": null
  },
  {
    "id": "443360PAK",
    "title": "Mitsuba Black Sesame Crispy Rice Crackers 100 g",
    "category": "Koek, snoep, chocolade en chips",
    "price": 2.17,
    "promoPrice": null,
    "pricePerUnit": "21.7 kg",
    "image": "https://www.jumbo.com/dam-images/fit-in/360x360/Products/12062025_1749690368825_1749690376067_443360_PAK_08711299003130_C1N1.png",
    "available": true,
    "promoUntil": null
  },
  {
    "id": "628241BLS",
    "title": "Prodent Junior 6-13 jaar Tandenborstel Super Mario 1 stuk",
    "category": "Drogisterij en baby",
    "price": 3.99,
    "promoPrice": null,
    "pricePerUnit": "3.99 pieces",
    "image": "https://www.jumbo.com/dam-images/fit-in/360x360/Products/09082025_1754702334491_1754702446343_628241_BLS_08720181502842_H1N1.png",
    "available": true,
    "promoUntil": null
  },
  {
    "id": "389316STK",
    "title": "Oral-B 123 Indicator Medium Handtandenborstel",
    "category": "Drogisterij en baby",
    "price": 1.99,
    "promoPrice": null,
    "pricePerUnit": "1.99 pieces",
    "image": "https://www.jumbo.com/dam-images/fit-in/360x360/Products/15082025_1755216136876_1755216139495_8700216106351_1.png",
    "available": true,
    "promoUntil": null
  },
  {
    "id": "458482DS",
    "title": "Raffaello 230 g",
    "category": "Koek, snoep, chocolade en chips",
    "price": 6.92,
    "promoPrice": null,
    "pricePerUnit": "30.09 kg",
    "image": "https://www.jumbo.com/dam-images/fit-in/360x360/Products/05062025_1749148348719_1749148354788_4008400183022_1.png",
    "available": true,
    "promoUntil": null
  },
  {
    "id": "499062STK",
    "title": "Rummo Tagliatelle All'Uovo 250g",
    "category": "Wereldkeukens, kruiden, pasta en rijst",
    "price": 2.99,
    "promoPrice": null,
    "pricePerUnit": "11.96 kg",
    "image": "https://www.jumbo.com/dam-images/fit-in/360x360/Products/10082023_1691675031213_1691675058742_8008343221320_1.png",
    "available": true,
    "promoUntil": null
  },
  {
    "id": "669613FLS",
    "title": "Schelde Brouwerij Krab IPA 330ML",
    "category": "Bier en wijn",
    "price": 2.59,
    "promoPrice": null,
    "pricePerUnit": "7.85 l",
    "image": "https://www.jumbo.com/dam-images/fit-in/360x360/Products/16122024_1734361870209_1734361872793_669613_FLS_08715951000888_C1N1.png",
    "available": true,
    "promoUntil": null
  },
  {
    "id": "528091POT",
    "title": "Olvarit Tomaat Witvis Pasta 12+ Maanden 250 g",
    "category": "Drogisterij en baby",
    "price": 1.73,
    "promoPrice": null,
    "pricePerUnit": "6.92 kg",
    "image": "https://www.jumbo.com/dam-images/fit-in/360x360/Products/07122023_1701922346509_1701922351303_528091_POT_05900852061356_C1N1.png",
    "available": true,
    "promoUntil": null
  },
  {
    "id": "625075FLS",
    "title": "Tiempo & Tierra - Chardonnay - 375ML",
    "category": "Bier en wijn",
    "price": 3.49,
    "promoPrice": null,
    "pricePerUnit": "9.31 l",
    "image": "https://www.jumbo.com/dam-images/fit-in/360x360/Products/09072024_1720517727655_1720517733147_8411971008247_1.png",
    "available": true,
    "promoUntil": null
  },
  {
    "id": "448437ZK",
    "title": "Lazy Vegan Thai Green Curry 450 g",
    "category": "Diepvries",
    "price": 5.73,
    "promoPrice": null,
    "pricePerUnit": "12.73 kg",
    "image": "https://www.jumbo.com/dam-images/fit-in/360x360/Products/30112024_1732934732794_1732934742538_448437_ZK_08719747260432_C1N1.png",
    "available": true,
    "promoUntil": null
  },
  {
    "id": "350247STK",
    "title": "Lonka Soft Nougat Pinda's & Melkchocolade 220 g",
    "category": "Koek, snoep, chocolade en chips",
    "price": 2.96,
    "promoPrice": null,
    "pricePerUnit": "13.45 kg",
    "image": "https://www.jumbo.com/dam-images/fit-in/360x360/Products/06082025_1754444474419_1754444481086_350247_STK_08713800133763_C1N1.png",
    "available": true,
    "promoUntil": null
  },
  {
    "id": "699696ZK",
    "title": "Toko Lien Boemboe Babi Ketjap 100g",
    "category": "Wereldkeukens, kruiden, pasta en rijst",
    "price": 1.69,
    "promoPrice": null,
    "pricePerUnit": "16.9 kg",
    "image": "https://www.jumbo.com/dam-images/fit-in/360x360/Products/19052025_1747640739998_1747640745484_699696_ZK_08712544500121_A1N1.png",
    "available": true,
    "promoUntil": null
  },
  {
    "id": "505792DS",
    "title": "Nivea Men Dry Impact Anti-Transpirant 2 x 50 ml",
    "category": "Drogisterij en baby",
    "price": 8.49,
    "promoPrice": null,
    "pricePerUnit": "4.25 pieces",
    "image": "https://www.jumbo.com/dam-images/fit-in/360x360/Products/01012024_1704076586124_1704076586924_505792_DS_04005900874832_C1N1.png",
    "available": true,
    "promoUntil": null
  },
  {
    "id": "667158BLK",
    "title": "Something & Nothing Cucumber Seltzer Drank 330 ml",
    "category": "Frisdrank en sappen",
    "price": 1.79,
    "promoPrice": null,
    "pricePerUnit": "5.42 l",
    "image": "https://www.jumbo.com/dam-images/fit-in/360x360/Products/12122024_1734014824120_1734014829049_5060557310002_1.png",
    "available": true,
    "promoUntil": null
  },
  {
    "id": "205036STK",
    "title": "Olvarit 8+ Maanden Courgette Witvis Rijst 200g",
    "category": "Drogisterij en baby",
    "price": 1.48,
    "promoPrice": null,
    "pricePerUnit": "7.4 kg",
    "image": "https://www.jumbo.com/dam-images/fit-in/360x360/Products/10112023_1699608792603_1699608804316_5900852033483_1.png",
    "available": true,
    "promoUntil": null
  },
  {
    "id": "574023DS",
    "title": "Verkade Witte Chocolade Letter S 135 g",
    "category": "",
    "price": 4.29,
    "promoPrice": null,
    "pricePerUnit": "31.78 kg",
    "image": "https://www.jumbo.com/dam-images/fit-in/360x360/Products/06082025_1754443540795_1754443546917_574023_DS_08710412043244_H1N1.png",
    "available": true,
    "promoUntil": null
  },
  {
    "id": "204945STK",
    "title": "Verstegen Mix voor Gehakt Stroganoff 40 g",
    "category": "Wereldkeukens, kruiden, pasta en rijst",
    "price": 1.69,
    "promoPrice": null,
    "pricePerUnit": "42.25 kg",
    "image": "https://www.jumbo.com/dam-images/fit-in/360x360/Products/23042025_1745375742390_1745375747832_204945_STK_08712200977014_C1N1.png",
    "available": true,
    "promoUntil": null
  },
  {
    "id": "705604FLS",
    "title": "Sanex Men Dermo Active Control Roller 50 ML",
    "category": "Drogisterij en baby",
    "price": 4.65,
    "promoPrice": null,
    "pricePerUnit": "93.0 l",
    "image": "https://www.jumbo.com/dam-images/fit-in/360x360/Products/18062025_1750251584150_1750251586987_705604_FLS_08718951730298_C1N1.png",
    "available": true,
    "promoUntil": null
  },
  {
    "id": "543627DSL",
    "title": "Whiskas 1+ Kattenvoer - Duo Surf & Turf in gelei - 4 x 12 maaltijdzakjes",
    "category": "Huishouden en dieren",
    "price": 22.88,
    "promoPrice": null,
    "pricePerUnit": "0.48 pieces",
    "image": "https://www.jumbo.com/dam-images/fit-in/360x360/Products/4770608262204fff7b505-be1e-402b-a241-8dbcd18a0bc5-1747047816174.png",
    "available": true,
    "promoUntil": null
  },
  {
    "id": "467754DS",
    "title": "Zwaluw Lucifers maat S 8 Doosjes",
    "category": "Non-food en servicebalie",
    "price": 1.19,
    "promoPrice": null,
    "pricePerUnit": "1.19 pieces",
    "image": "https://www.jumbo.com/dam-images/fit-in/360x360/Products/12122024_1734014602095_1734014610870_87149050_1.png",
    "available": true,
    "promoUntil": null
  },
  {
    "id": "565433POT",
    "title": "Patak's Butter Chicken Paste",
    "category": "Wereldkeukens, kruiden, pasta en rijst",
    "price": 3.36,
    "promoPrice": null,
    "pricePerUnit": "20.36 kg",
    "image": "https://www.jumbo.com/dam-images/fit-in/360x360/Products/29112023_1701228430174_1701228443548_565433_POT_05011308701488_C1N1.png",
    "available": true,
    "promoUntil": null
  },
  {
    "id": "703444BAK",
    "title": "Jumbo's Vriesvers Maaltijden Groene Curry 450g",
    "category": "Diepvries",
    "price": 5.99,
    "promoPrice": null,
    "pricePerUnit": "13.31 kg",
    "image": "https://www.jumbo.com/dam-images/fit-in/360x360/Products/08718452926626T596115971790a6765ee5-6f1a-40c5-a610-f220d0e65269-1758531029688.png",
    "available": true,
    "promoUntil": null
  },
  {
    "id": "678267FLS",
    "title": "Kombucha Flax Dragon Lemonade Pitaya + Lime + Lemon 330 ml",
    "category": "Frisdrank en sappen",
    "price": 2.69,
    "promoPrice": null,
    "pricePerUnit": "8.15 l",
    "image": "https://www.jumbo.com/dam-images/fit-in/360x360/Products/25062025_1750872787191_1750872793153_8435608806921_1.png",
    "available": true,
    "promoUntil": null
  },
  {
    "id": "640814EM",
    "title": "La Place Verse Soep Marokkaanse Stijl Harira 500 g",
    "category": "Verse maaltijden en gemak",
    "price": 3.79,
    "promoPrice": null,
    "pricePerUnit": "7.58 kg",
    "image": "https://www.jumbo.com/dam-images/fit-in/360x360/Products/13092024_1726245200343_1726245208043_8718452843558_1.png",
    "available": true,
    "promoUntil": null
  },
  {
    "id": "618672STK",
    "title": "Mepal Lunchbox Max Verstappen",
    "category": "Non-food en servicebalie",
    "price": 7.99,
    "promoPrice": null,
    "pricePerUnit": "0.01 pieces",
    "image": "https://www.jumbo.com/dam-images/fit-in/360x360/Products/20082024_1724182395455_1724182401675_8720812127703_1.png",
    "available": true,
    "promoUntil": null
  },
  {
    "id": "177866STK",
    "title": "Roter Cysticare 5-daagse kuur tegen blaas- en plasproblemen, 15 capsules",
    "category": "Drogisterij en baby",
    "price": 24.49,
    "promoPrice": null,
    "pricePerUnit": "1.63 pieces",
    "image": "https://www.jumbo.com/dam-images/fit-in/360x360/Products/24092025_1758672133367_1758672139994_8713304945473_1.png",
    "available": true,
    "promoUntil": null
  },
  {
    "id": "604350FLS",
    "title": "Terra Pura - Reserva - Malbec - Rose - 750ML",
    "category": "Bier en wijn",
    "price": 6.49,
    "promoPrice": null,
    "pricePerUnit": "8.65 l",
    "image": "https://www.jumbo.com/dam-images/fit-in/360x360/Products/24042024_1713943989040_1713943991728_7804677232435_1.png",
    "available": true,
    "promoUntil": null
  },
  {
    "id": "707834STK",
    "title": "Voltaren Emulgel Extra Sterk 2,32% Gel 50g",
    "category": "Drogisterij en baby",
    "price": 14.99,
    "promoPrice": null,
    "pricePerUnit": "299.8 kg",
    "image": "https://www.jumbo.com/dam-images/fit-in/360x360/Products/21082025_1755742762503_1755742767171_707834_STK_05054563924018_C1N1.png",
    "available": true,
    "promoUntil": null
  },
  {
    "id": "704008ZK",
    "title": "Vergeer Holland Kaas 48+ Plakken Gouda Jong belegen 200g",
    "category": "Vleeswaren, kaas en tapas",
    "price": 3.49,
    "promoPrice": null,
    "pricePerUnit": "17.45 kg",
    "image": "https://www.jumbo.com/dam-images/fit-in/360x360/Products/08710866043562A3C1cebbcc97-71da-4931-8d16-09ae71de2102-1752144260705.png",
    "available": true,
    "promoUntil": null
  },
  {
    "id": "648359STK",
    "title": "Niquitin Clear pleisters (21 mg / 24 uur), 7 stuks",
    "category": "Drogisterij en baby",
    "price": 13.99,
    "promoPrice": null,
    "pricePerUnit": "2.0 pieces",
    "image": "https://www.jumbo.com/dam-images/fit-in/360x360/Products/24092025_1758672137540_1758672150977_8710464113360_1.png",
    "available": true,
    "promoUntil": null
  },
  {
    "id": "694860DS",
    "title": "Nicorette Nicotine Kauwgom Suikervrij 2 ",
    "category": "Drogisterij en baby",
    "price": 33.49,
    "promoPrice": null,
    "pricePerUnit": "0.32 pieces",
    "image": "https://www.jumbo.com/dam-images/fit-in/360x360/Products/22082025_1755820933352_1755820940529_3574661243825_1.png",
    "available": true,
    "promoUntil": null
  },
  {
    "id": "202489STK",
    "title": "Nivea HandcrÃ¨me Repair 100 ml",
    "category": "Drogisterij en baby",
    "price": 6.79,
    "promoPrice": null,
    "pricePerUnit": "67.9 l",
    "image": "https://www.jumbo.com/dam-images/fit-in/360x360/Products/03022024_1706925740961_1706925742630_202489_STK_04005900701503_C1N1.png",
    "available": true,
    "promoUntil": null
  },
  {
    "id": "492876POT",
    "title": "Rummo Pesto alla Genovese 190 g",
    "category": "Wereldkeukens, kruiden, pasta en rijst",
    "price": 3.59,
    "promoPrice": null,
    "pricePerUnit": "18.89 kg",
    "image": "https://www.jumbo.com/dam-images/fit-in/360x360/Products/10082023_1691676799537_1691676806713_8008343279963_1.png",
    "available": true,
    "promoUntil": null
  },
  {
    "id": "564444ZK",
    "title": "Sharwood's Garlic & Coriander Mini Naans 4 Stuks 260 g",
    "category": "Wereldkeukens, kruiden, pasta en rijst",
    "price": 2.89,
    "promoPrice": null,
    "pricePerUnit": "11.12 kg",
    "image": "https://www.jumbo.com/dam-images/fit-in/360x360/Products/21022025_1740110434573_1740110440973_564444_ZK_05000354922732_C1N1.png",
    "available": true,
    "promoUntil": null
  },
  {
    "id": "692305FLS",
    "title": "Martini Extra Dry 750ML",
    "category": "Bier en wijn",
    "price": 10.99,
    "promoPrice": null,
    "pricePerUnit": "14.65 l",
    "image": "https://www.jumbo.com/dam-images/fit-in/360x360/Products/09042025_1744196234906_1744196254407_692305_FLS_07630040409438_C1N1.png",
    "available": true,
    "promoUntil": null
  },
  {
    "id": "603856ZK",
    "title": "Trolli The Original Hits Fruitgom 10 Stuks 200 g",
    "category": "Koek, snoep, chocolade en chips",
    "price": 2.99,
    "promoPrice": null,
    "pricePerUnit": "14.95 kg",
    "image": "https://www.jumbo.com/dam-images/fit-in/360x360/Products/22052024_1716348781433_1716348790175_603856_ZK_04000512365006_C1N1.png",
    "available": true,
    "promoUntil": null
  },
  {
    "id": "703950BLK",
    "title": "Uiltje Have You Ever Been Yellow Neipa 440ML",
    "category": "Bier en wijn",
    "price": 4.99,
    "promoPrice": null,
    "pricePerUnit": "11.34 l",
    "image": "https://www.jumbo.com/dam-images/fit-in/360x360/Products/11062025_1749630372505_1749630378633_703950_BLK_08720828308523_A1N1.png",
    "available": true,
    "promoUntil": null
  },
  {
    "id": "554361ZK",
    "title": "La Place Caramel & Melkchocolade Witte Chocolade Bites 150 g",
    "category": "Koek, snoep, chocolade en chips",
    "price": 3.99,
    "promoPrice": null,
    "pricePerUnit": "26.6 kg",
    "image": "https://www.jumbo.com/dam-images/fit-in/360x360/Products/09082023_1691593195510_1691593206651_8718452721184_1.png",
    "available": true,
    "promoUntil": null
  },
  {
    "id": "580846FLS",
    "title": "Tiempo & Tierra - Garnacha Blanca, Chardonnay & Sauvignon Blanc - 750ML",
    "category": "Bier en wijn",
    "price": 7.99,
    "promoPrice": null,
    "pricePerUnit": "10.65 l",
    "image": "https://www.jumbo.com/dam-images/fit-in/360x360/Products/07112023_1699360683268_1699360685946_8411971007882_1.png",
    "available": true,
    "promoUntil": null
  },
  {
    "id": "667174BLK",
    "title": "Yaya Kombucha Passionfruit 330ML",
    "category": "Frisdrank en sappen",
    "price": 2.39,
    "promoPrice": null,
    "pricePerUnit": "7.24 l",
    "image": "https://www.jumbo.com/dam-images/fit-in/360x360/Products/21032025_1742571169337_1742571174482_8720387731367_1.png",
    "available": true,
    "promoUntil": null
  },
  {
    "id": "437240ZK",
    "title": "Verstegen Sumak Gemalen Kleinverpakking 9 g",
    "category": "Wereldkeukens, kruiden, pasta en rijst",
    "price": 0.98,
    "promoPrice": null,
    "pricePerUnit": "108.89 kg",
    "image": "https://www.jumbo.com/dam-images/fit-in/360x360/Products/03022024_1706930618203_1706930620345_437240_ZK_08712200090997_C1N1.png",
    "available": true,
    "promoUntil": null
  },
  {
    "id": "237887STK",
    "title": "Verstegen Witte Peper met Molen 48 g",
    "category": "Wereldkeukens, kruiden, pasta en rijst",
    "price": 3.99,
    "promoPrice": null,
    "pricePerUnit": "83.12 kg",
    "image": "https://www.jumbo.com/dam-images/fit-in/360x360/Products/26082025_1756172884581_1756172887875_237887_STK_08712200947345_C1N1.png",
    "available": true,
    "promoUntil": null
  },
  {
    "id": "158226FLS",
    "title": "Sankt Anna - SpÃ¤tburgunder - 750ML",
    "category": "Bier en wijn",
    "price": 7.99,
    "promoPrice": null,
    "pricePerUnit": "10.65 l",
    "image": "https://www.jumbo.com/dam-images/fit-in/360x360/Products/09082023_1691590661432_1691590665559_4026371930339_1.png",
    "available": true,
    "promoUntil": null
  },
  {
    "id": "673441FLS",
    "title": "Sonrisa - Verdejo - 750ML",
    "category": "Bier en wijn",
    "price": 3.99,
    "promoPrice": null,
    "pricePerUnit": "5.32 l",
    "image": "https://www.jumbo.com/dam-images/fit-in/360x360/Products/26032025_1743003191169_1743003194977_8420202008055_1.png",
    "available": true,
    "promoUntil": null
  },
  {
    "id": "542824DSL",
    "title": "Whiskas Kattenvoer Junior - Classic selectie in saus - 4 x 12 maaltijdzakjes",
    "category": "Huishouden en dieren",
    "price": 22.88,
    "promoPrice": null,
    "pricePerUnit": "0.48 pieces",
    "image": "https://www.jumbo.com/dam-images/fit-in/360x360/Products/4008429156458331430ad-5d1f-4052-9322-44d692271af9-1747047816164.png",
    "available": true,
    "promoUntil": null
  },
  {
    "id": "704054FLS",
    "title": "Weihenstephan Vitus 500ML",
    "category": "Bier en wijn",
    "price": 2.79,
    "promoPrice": null,
    "pricePerUnit": "5.58 l",
    "image": "https://www.jumbo.com/dam-images/fit-in/360x360/Products/11062025_1749643995022_1749643999616_704054_FLS_04105120004108_C1N1.png",
    "available": true,
    "promoUntil": null
  },
  {
    "id": "700765BUS",
    "title": "Taft Hairspray Ultra 250 ML",
    "category": "Drogisterij en baby",
    "price": 6.39,
    "promoPrice": null,
    "pricePerUnit": "25.56 l",
    "image": "https://www.jumbo.com/dam-images/fit-in/360x360/Products/06062025_1749175667636_1749175670623_700765_BUS_07332531117562_C1N1.png",
    "available": true,
    "promoUntil": null
  },
  {
    "id": "848328PAK",
    "title": "Kinder Bueno Melk en Hazelnoten 2 Stuks 43 g",
    "category": "Koek, snoep, chocolade en chips",
    "price": 1.59,
    "promoPrice": null,
    "pricePerUnit": "36.98 kg",
    "image": "https://www.jumbo.com/dam-images/fit-in/360x360/Products/30042025_1745981329625_1745981332643_848328_PAK_00000080052760_A1N1.png",
    "available": true,
    "promoUntil": null
  },
  {
    "id": "637286FLS",
    "title": "La Pirutta - Verdicchio dei Castelli di Jesi Classico - 750ML",
    "category": "Bier en wijn",
    "price": 4.99,
    "promoPrice": null,
    "pricePerUnit": "6.65 l",
    "image": "https://www.jumbo.com/dam-images/fit-in/360x360/Products/07102024_1728300856319_1728300867987_8718819102397_1.png",
    "available": true,
    "promoUntil": null
  },
  {
    "id": "382749FLS",
    "title": "Nero Oro - Grillo - Appassimento - 750ML",
    "category": "Bier en wijn",
    "price": 5.99,
    "promoPrice": null,
    "pricePerUnit": "7.99 l",
    "image": "https://www.jumbo.com/dam-images/fit-in/360x360/Products/09082023_1691587307674_1691587318817_8034115195650_1.png",
    "available": true,
    "promoUntil": null
  },
  {
    "id": "432746FLS",
    "title": "Nivea Men Active Clean Shower Gel 250 ml",
    "category": "Drogisterij en baby",
    "price": 5.79,
    "promoPrice": null,
    "pricePerUnit": "23.16 l",
    "image": "https://www.jumbo.com/dam-images/fit-in/360x360/Products/17012025_1737081775349_1737081777221_432746_FLS_06001051000692_C1N1.png",
    "available": true,
    "promoUntil": null
  },
  {
    "id": "684983TUB",
    "title": "NIVEA MEN Craft Stylers Fixating Styling Gel 150ml",
    "category": "Drogisterij en baby",
    "price": 7.29,
    "promoPrice": null,
    "pricePerUnit": "48.6 l",
    "image": "https://www.jumbo.com/dam-images/fit-in/360x360/Products/07032025_1741346129641_1741346131902_684983_TUB_04005900660343_C1N1.png",
    "available": true,
    "promoUntil": null
  },
  {
    "id": "492572STK",
    "title": "Olvarit 8+ Maanden Maaltijdpotjes en Fruitpotjes 6 x 200g",
    "category": "Drogisterij en baby",
    "price": 8.58,
    "promoPrice": null,
    "pricePerUnit": "None None",
    "image": "https://www.jumbo.com/dam-images/fit-in/360x360/Products/492572STK232740df-06c3-4ee5-9715-43940299bef7-1705487264874.png",
    "available": true,
    "promoUntil": null
  },
  {
    "id": "570835PAK",
    "title": "Reese's Peanut Butter Cups 8 Stuks 124 g",
    "category": "Koek, snoep, chocolade en chips",
    "price": 4.35,
    "promoPrice": null,
    "pricePerUnit": "35.08 kg",
    "image": "https://www.jumbo.com/dam-images/fit-in/360x360/Products/12122024_1734014763276_1734014770158_34000405688_1.png",
    "available": true,
    "promoUntil": null
  },
  {
    "id": "134064DS",
    "title": "Robijn Specials Waspoeder Fleur & Fijn 10 Wasbeurten",
    "category": "Huishouden en dieren",
    "price": 5.29,
    "promoPrice": null,
    "pricePerUnit": "0.53 wb",
    "image": "https://www.jumbo.com/dam-images/fit-in/360x360/Products/03092025_1756866296270_1756866337983_134064_DS_08720181605260_C1N1.png",
    "available": true,
    "promoUntil": null
  },
  {
    "id": "511811POT",
    "title": "Sharwood's Cooking Sauce Butter Chicken Curry 420g",
    "category": "Wereldkeukens, kruiden, pasta en rijst",
    "price": 3.49,
    "promoPrice": null,
    "pricePerUnit": "8.31 kg",
    "image": "https://www.jumbo.com/dam-images/fit-in/360x360/Products/04012025_1735956494020_1735956501548_511811_POT_05000354918841_H1N1.png",
    "available": true,
    "promoUntil": null
  },
  {
    "id": "699708ZK",
    "title": "Toko Lien Boemboe Sambal Goreng 100g",
    "category": "Wereldkeukens, kruiden, pasta en rijst",
    "price": 1.69,
    "promoPrice": null,
    "pricePerUnit": "16.9 kg",
    "image": "https://www.jumbo.com/dam-images/fit-in/360x360/Products/19052025_1747643053498_1747643058222_699708_ZK_08712544500084_A1N1.png",
    "available": true,
    "promoUntil": null
  },
  {
    "id": "554354ZK",
    "title": "La Place Amandel & Kaneelsuiker Melkchocolade Brokken 150 g",
    "category": "Koek, snoep, chocolade en chips",
    "price": 3.99,
    "promoPrice": null,
    "pricePerUnit": "26.6 kg",
    "image": "https://www.jumbo.com/dam-images/fit-in/360x360/Products/09082023_1691593195234_1691593204745_8718452709267_1.png",
    "available": true,
    "promoUntil": null
  },
  {
    "id": "415992PAK",
    "title": "Oreo Golden Koekjes (14x 11g) 154g",
    "category": "Koek, snoep, chocolade en chips",
    "price": 1.78,
    "promoPrice": null,
    "pricePerUnit": "11.56 kg",
    "image": "https://www.jumbo.com/dam-images/fit-in/360x360/Products/05082025_1754408014424_1754408020846_7622210584519_596.png",
    "available": true,
    "promoUntil": null
  },
  {
    "id": "702827DS",
    "title": "Valdispert Slaap&Nacht Advanced 30 Stuks",
    "category": "Drogisterij en baby",
    "price": 21.19,
    "promoPrice": null,
    "pricePerUnit": "0.71 pieces",
    "image": "https://www.jumbo.com/dam-images/fit-in/360x360/Products/18082025_1755508716949_1755508720696_702827_DS_08711744056261_C1N1.png",
    "available": true,
    "promoUntil": null
  },
  {
    "id": "496530STK",
    "title": "Nurofen Ibuprofen tabletten 400 mg, 24 stuks",
    "category": "Drogisterij en baby",
    "price": 6.49,
    "promoPrice": null,
    "pricePerUnit": "0.27 pieces",
    "image": "https://www.jumbo.com/dam-images/fit-in/360x360/Products/30072025_1753833672973_1753833678690_5000167019247_1.png",
    "available": true,
    "promoUntil": null
  },
  {
    "id": "672208ZK",
    "title": "Verdino Schnitzel 300 g",
    "category": "Diepvries",
    "price": 3.0,
    "promoPrice": null,
    "pricePerUnit": "10.0 kg",
    "image": "https://www.jumbo.com/dam-images/fit-in/360x360/Products/10052025_1746844101581_1746844115728_672208_ZK_05941905301340_C1N1.png",
    "available": true,
    "promoUntil": null
  },
  {
    "id": "564445ZK",
    "title": "Sharwood's Plain Mini Naans 4 Stuks 260 g",
    "category": "Wereldkeukens, kruiden, pasta en rijst",
    "price": 2.89,
    "promoPrice": null,
    "pricePerUnit": "11.12 kg",
    "image": "https://www.jumbo.com/dam-images/fit-in/360x360/Products/04012025_1735957785197_1735957791598_564445_ZK_05000354922749_H1N1.png",
    "available": true,
    "promoUntil": null
  },
  {
    "id": "434364FLS",
    "title": "Scheldebrouwerij - Tripel - Hopruiter Tropic - Fles - 330ML",
    "category": "Bier en wijn",
    "price": 2.35,
    "promoPrice": null,
    "pricePerUnit": "7.12 l",
    "image": "https://www.jumbo.com/dam-images/fit-in/360x360/Products/20092025_1758337850826_1758337853283_434364_FLS_08715951001106_C1N1.png",
    "available": true,
    "promoUntil": null
  },
  {
    "id": "190659DSL",
    "title": "Sheba in PatÃ© met Zalm 22 x 85 g",
    "category": "Huishouden en dieren",
    "price": 17.99,
    "promoPrice": null,
    "pricePerUnit": "9.62 kg",
    "image": "https://www.jumbo.com/dam-images/fit-in/360x360/Products/4008429096570d09cd0d6-33df-4931-9d17-f75b0a6b3fbe-1745848053920.png",
    "available": true,
    "promoUntil": null
  },
  {
    "id": "542465STK",
    "title": "Vleeswaren ronde prijs",
    "category": "Vleeswaren, kaas en tapas",
    "price": 10.0,
    "promoPrice": null,
    "pricePerUnit": "None None",
    "image": "https://www.jumbo.com/dam-images/fit-in/360x360/Products/542465STK1c9f4058d-959e-4643-9bcd-37428d2c913b-1724325319890.png",
    "available": true,
    "promoUntil": null
  },
  {
    "id": "700768BUS",
    "title": "Syoss Max Hold Haarspray 300 ML",
    "category": "Drogisterij en baby",
    "price": 7.99,
    "promoPrice": null,
    "pricePerUnit": "26.63 l",
    "image": "https://www.jumbo.com/dam-images/fit-in/360x360/Products/23052025_1748003606079_1748003608742_700768_BUS_05410091775070_C1N1.png",
    "available": true,
    "promoUntil": null
  },
  {
    "id": "303345FLS",
    "title": "NIVEA Double Effect Waterproof Oogmake-up Remover - 125ml",
    "category": "Drogisterij en baby",
    "price": 8.19,
    "promoPrice": null,
    "pricePerUnit": "65.52 l",
    "image": "https://www.jumbo.com/dam-images/fit-in/360x360/Products/18082025_1755513198139_1755513202038_4005900681973_1.png",
    "available": true,
    "promoUntil": null
  },
  {
    "id": "693413DS",
    "title": "Magnum IJs Vegan Blueberry Cookie 3 x 90 ml",
    "category": "Diepvries",
    "price": 4.39,
    "promoPrice": null,
    "pricePerUnit": "16.26 l",
    "image": "https://www.jumbo.com/dam-images/fit-in/360x360/Products/01092025_1756722869575_1756722873645_8711327663640_1.png",
    "available": true,
    "promoUntil": null
  },
  {
    "id": "692608ZK",
    "title": "Knorr Maaltijdmix voor Macaroni Carbonara",
    "category": "Wereldkeukens, kruiden, pasta en rijst",
    "price": 1.79,
    "promoPrice": null,
    "pricePerUnit": "27.97 kg",
    "image": "https://www.jumbo.com/dam-images/fit-in/360x360/Products/04072025_1751599347645_1751599387974_692608_ZK_08721201959868_H1N1.png",
    "available": false,
    "promoUntil": null
  },
  {
    "id": "563037ZK",
    "title": "Leev bio YES PEAS! seasalt 90g",
    "category": "Koek, snoep, chocolade en chips",
    "price": 3.55,
    "promoPrice": null,
    "pricePerUnit": "39.44 kg",
    "image": "https://www.jumbo.com/dam-images/fit-in/360x360/Products/13032025_1741831712679_1741831721783_563037_ZK_08718215837695_C1N1.png",
    "available": true,
    "promoUntil": null
  },
  {
    "id": "675872PAK",
    "title": "Ola Guuud IJs Greek Style Yoghurt Salted Caramel 3 x 70 ml",
    "category": "Diepvries",
    "price": 3.49,
    "promoPrice": null,
    "pricePerUnit": "16.62 l",
    "image": "https://www.jumbo.com/dam-images/fit-in/360x360/Products/14042025_1744595544280_1744595550601_675872_PAK_08711327635159_H1N1.png",
    "available": true,
    "promoUntil": null
  },
  {
    "id": "148779STK",
    "title": "Vitakraft Treaties Bits Kip 120g",
    "category": "Huishouden en dieren",
    "price": 3.91,
    "promoPrice": null,
    "pricePerUnit": "32.58 kg",
    "image": "https://www.jumbo.com/dam-images/fit-in/360x360/Products/11042025_1744334867876_1744334871369_148779_STK_.png",
    "available": true,
    "promoUntil": null
  },
  {
    "id": "711731POT",
    "title": "Royal Mediterranean Griekse Chalkidiki Varieteit Olijven 210 g",
    "category": "Wereldkeukens, kruiden, pasta en rijst",
    "price": 2.66,
    "promoPrice": null,
    "pricePerUnit": "12.67 kg",
    "image": "https://www.jumbo.com/dam-images/fit-in/360x360/Products/01082025_1754040792319_1754040799476_5201194020637_1.png",
    "available": true,
    "promoUntil": null
  },
  {
    "id": "703822POT",
    "title": "Zwitsal Zachte CrÃ¨me Baby 200 ml",
    "category": "Drogisterij en baby",
    "price": 4.29,
    "promoPrice": null,
    "pricePerUnit": "21.45 l",
    "image": "https://www.jumbo.com/dam-images/fit-in/360x360/Products/25062025_1750851188080_1750851191928_8720181649646_1.png",
    "available": true,
    "promoUntil": null
  },
  {
    "id": "208317FLS",
    "title": "TerraPura - Reserva - Sauvignon Blanc - 750 ML",
    "category": "Bier en wijn",
    "price": 6.49,
    "promoPrice": null,
    "pricePerUnit": "8.65 l",
    "image": "https://www.jumbo.com/dam-images/fit-in/360x360/Products/09082023_1691586972901_1691586978248_7804616090089_1.png",
    "available": true,
    "promoUntil": null
  },
  {
    "id": "453031FLS",
    "title": "Three Thieves - Pinot Grigio - 750 ML",
    "category": "Bier en wijn",
    "price": 11.99,
    "promoPrice": null,
    "pricePerUnit": "15.99 l",
    "image": "https://www.jumbo.com/dam-images/fit-in/360x360/Products/12122024_1734014463952_1734014466698_894509008748_1.png",
    "available": true,
    "promoUntil": null
  },
  {
    "id": "647412FLS",
    "title": "The Gutsy Captain Kombucha Pineapple & Peach 400 ml",
    "category": "Frisdrank en sappen",
    "price": 2.99,
    "promoPrice": null,
    "pricePerUnit": "7.48 l",
    "image": "https://www.jumbo.com/dam-images/fit-in/360x360/Products/29112024_1732846996227_1732847005717_647412_FLS_05600821267504_C1N1.png",
    "available": true,
    "promoUntil": null
  },
  {
    "id": "645640FLS",
    "title": "Tropical Aloe Vera Drink Mango 500 ml",
    "category": "Wereldkeukens, kruiden, pasta en rijst",
    "price": 1.77,
    "promoPrice": null,
    "pricePerUnit": "3.54 l",
    "image": "https://www.jumbo.com/dam-images/fit-in/360x360/Products/16052025_1747365979901_1747365983698_645640_FLS_08712857007201_C1N1.png",
    "available": true,
    "promoUntil": null
  },
  {
    "id": "699706BLK",
    "title": "Two Chefs Brewing - Pepernoten Stout - Blik - 330ML",
    "category": "Bier en wijn",
    "price": 3.49,
    "promoPrice": null,
    "pricePerUnit": "10.58 l",
    "image": "https://www.jumbo.com/dam-images/fit-in/360x360/Products/19052025_1747641823456_1747641827524_699706_BLK_08721082212410_C1N1.png",
    "available": true,
    "promoUntil": null
  },
  {
    "id": "433414FLS",
    "title": "Muifelbrouwerij - Zuster - Agatha Quadrupel - Fles - 330ML",
    "category": "Bier en wijn",
    "price": 3.19,
    "promoPrice": null,
    "pricePerUnit": "9.67 l",
    "image": "https://www.jumbo.com/dam-images/fit-in/360x360/Products/20092025_1758332242540_1758332243686_433414_FLS_08718053091266_C1N1.png",
    "available": true,
    "promoUntil": null
  },
  {
    "id": "163401POT",
    "title": "Vanka-Kawat Ve-Tsin Gourmet Powder 90 g",
    "category": "Wereldkeukens, kruiden, pasta en rijst",
    "price": 2.49,
    "promoPrice": null,
    "pricePerUnit": "27.67 kg",
    "image": "https://www.jumbo.com/dam-images/fit-in/360x360/Products/14022024_1707872796714_1707872801459_8710161002745_1.png",
    "available": true,
    "promoUntil": null
  },
  {
    "id": "546752PAK",
    "title": "Verkade Specials Nizza Kokos Melkchocolade met een Laagje Suiker 177 g ",
    "category": "Koek, snoep, chocolade en chips",
    "price": 2.25,
    "promoPrice": null,
    "pricePerUnit": "12.71 kg",
    "image": "https://www.jumbo.com/dam-images/fit-in/360x360/Products/07022025_1738898276683_1738898281499_546752_PAK_08710412043046_H1N1.png",
    "available": true,
    "promoUntil": null
  },
  {
    "id": "604411FLS",
    "title": "MarquÃ©s de la Concordia - Rioja Crianza - Tempranillo - 750ML",
    "category": "Bier en wijn",
    "price": 7.99,
    "promoPrice": null,
    "pricePerUnit": "10.65 l",
    "image": "https://www.jumbo.com/dam-images/fit-in/360x360/Products/24042024_1713943989110_1713943991568_8410396220913_1.png",
    "available": true,
    "promoUntil": null
  },
  {
    "id": "609199PAK",
    "title": "Verkade Specials Chocolate Chip Wit 150 g ",
    "category": "Koek, snoep, chocolade en chips",
    "price": 2.27,
    "promoPrice": null,
    "pricePerUnit": "15.13 kg",
    "image": "https://www.jumbo.com/dam-images/fit-in/360x360/Products/12032025_1741753029427_1741753035357_609199_PAK_08710412043763_H1N1.png",
    "available": true,
    "promoUntil": null
  },
  {
    "id": "380779ZK",
    "title": "Ziegler Kaaswafels 150 g",
    "category": "Vleeswaren, kaas en tapas",
    "price": 2.19,
    "promoPrice": null,
    "pricePerUnit": "14.6 kg",
    "image": "https://www.jumbo.com/dam-images/fit-in/360x360/Products/28092023_1695919979509_1695920004418_5997156700036_1.png",
    "available": true,
    "promoUntil": null
  },
  {
    "id": "705379BLK",
    "title": "Viper Ice Tea Lemon 250ML",
    "category": "Bier en wijn",
    "price": 2.19,
    "promoPrice": null,
    "pricePerUnit": "8.76 l",
    "image": "https://www.jumbo.com/dam-images/fit-in/360x360/Products/17062025_1750163246761_1750163252679_705379_BLK_08716700019670_H1N1.png",
    "available": true,
    "promoUntil": null
  },
  {
    "id": "616927DS",
    "title": "NIVEA Hydraterende DagcrÃ¨me SPF30 - 50ml - Gezichtscreme - Met vitamine E - Normale huid",
    "category": "Drogisterij en baby",
    "price": 13.99,
    "promoPrice": null,
    "pricePerUnit": "279.8 l",
    "image": "https://www.jumbo.com/dam-images/fit-in/360x360/Products/18082025_1755531252013_1755531255755_4005900738707_1.png",
    "available": true,
    "promoUntil": null
  },
  {
    "id": "303344FLS",
    "title": "NIVEA Verfrissende Reinigingsgel - 150ml - Gezichtsreiniger - Met Vitamine C & E - Voor de normale huid",
    "category": "Drogisterij en baby",
    "price": 11.77,
    "promoPrice": null,
    "pricePerUnit": "78.47 l",
    "image": "https://www.jumbo.com/dam-images/fit-in/360x360/Products/18082025_1755513198230_1755513201190_4005900681942_1.png",
    "available": true,
    "promoUntil": null
  },
  {
    "id": "542223BLK",
    "title": "Kees - IPA - Blik - 330ML",
    "category": "Bier en wijn",
    "price": 2.49,
    "promoPrice": null,
    "pricePerUnit": "7.55 l",
    "image": "https://www.jumbo.com/dam-images/fit-in/360x360/Products/20092025_1758336101575_1758336105735_542223_BLK_08720297861130_C1N1.png",
    "available": true,
    "promoUntil": null
  },
  {
    "id": "569109ZK",
    "title": "Klene Drop Puur Honing 180g",
    "category": "Koek, snoep, chocolade en chips",
    "price": 2.66,
    "promoPrice": null,
    "pricePerUnit": "14.78 kg",
    "image": "https://www.jumbo.com/dam-images/fit-in/360x360/Products/07072025_1751902619938_1751902625291_8723400799177_1.png",
    "available": true,
    "promoUntil": null
  },
  {
    "id": "396484ZK",
    "title": "Klene Zoute Mix Suikervrij 175G",
    "category": "Koek, snoep, chocolade en chips",
    "price": 3.69,
    "promoPrice": null,
    "pricePerUnit": "21.09 kg",
    "image": "https://www.jumbo.com/dam-images/fit-in/360x360/Products/03062024_1717414522876_1717414525975_8723400792833_1.png",
    "available": true,
    "promoUntil": null
  },
  {
    "id": "190659CUP",
    "title": "Sheba in PatÃ© met Zalm 85 g",
    "category": "Huishouden en dieren",
    "price": 0.84,
    "promoPrice": null,
    "pricePerUnit": "9.88 kg",
    "image": "https://www.jumbo.com/dam-images/fit-in/360x360/Products/16052025_1747366072280_1747366081159_190659_CUP_04008429070921_H1N1.png",
    "available": true,
    "promoUntil": null
  },
  {
    "id": "652527BLK",
    "title": "Pariba Exotic Vanilla 320 Ml",
    "category": "Frisdrank en sappen",
    "price": 1.39,
    "promoPrice": null,
    "pricePerUnit": "4.34 l",
    "image": "https://www.jumbo.com/dam-images/fit-in/360x360/Products/20092024_1726813081741_1726813084754_652527_BLK_08720618801999_C1N1.png",
    "available": true,
    "promoUntil": null
  },
  {
    "id": "171463POT",
    "title": "Olvarit Perzik Appel 4+ Maanden 125 g",
    "category": "Drogisterij en baby",
    "price": 1.08,
    "promoPrice": null,
    "pricePerUnit": "1.08 kg",
    "image": "https://www.jumbo.com/dam-images/fit-in/360x360/Products/09082023_1691590715416_1691590722559_8591119002020_1.png",
    "available": true,
    "promoUntil": null
  },
  {
    "id": "669742FLS",
    "title": "Powerade Mountain Blast +Vitamin B6 Zero Sugar 500 ml",
    "category": "Frisdrank en sappen",
    "price": 1.75,
    "promoPrice": null,
    "pricePerUnit": "3.5 l",
    "image": "https://www.jumbo.com/dam-images/fit-in/360x360/Products/15022025_1739590358857_1739590365279_669742_FLS_05000112680386_H1N1.png",
    "available": true,
    "promoUntil": null
  },
  {
    "id": "653322POT",
    "title": "Raw Organic Food Hennep ProteÃ¯ne Poeder 100 g",
    "category": "Wereldkeukens, kruiden, pasta en rijst",
    "price": 4.54,
    "promoPrice": null,
    "pricePerUnit": "45.4 kg",
    "image": "https://www.jumbo.com/dam-images/fit-in/360x360/Products/16092025_1758008009805_1758008016927_8718546991233_1.png",
    "available": true,
    "promoUntil": null
  },
  {
    "id": "142965POT",
    "title": "Verstegen Mix voor Vis 80 g",
    "category": "Wereldkeukens, kruiden, pasta en rijst",
    "price": 2.99,
    "promoPrice": null,
    "pricePerUnit": "37.38 kg",
    "image": "https://www.jumbo.com/dam-images/fit-in/360x360/Products/17012024_1705468012578_1705468018264_142965_POT_08712200573018_C1N1.png",
    "available": true,
    "promoUntil": null
  },
  {
    "id": "392009PAK",
    "title": "Ritter Sport Marsepein 100 g",
    "category": "Koek, snoep, chocolade en chips",
    "price": 1.97,
    "promoPrice": null,
    "pricePerUnit": "19.7 kg",
    "image": "https://www.jumbo.com/dam-images/fit-in/360x360/Products/02062025_1748827012668_1748827030140_392009_PAK_04000417025005_C1N1.png",
    "available": true,
    "promoUntil": null
  },
  {
    "id": "701325ZK",
    "title": "Sam Mills Glutenvrije Fusilli van kikkererwten en gele erwten, eiwitrijk en glutenvrij 250g",
    "category": "Wereldkeukens, kruiden, pasta en rijst",
    "price": 3.69,
    "promoPrice": null,
    "pricePerUnit": "14.76 kg",
    "image": "https://www.jumbo.com/dam-images/fit-in/360x360/Products/24072025_1753356823596_1753356829442_5941634004796_1.png",
    "available": true,
    "promoUntil": null
  },
  {
    "id": "126293STK",
    "title": "Silvo Zilverpoets Poetsmiddel voor Zilver - 175 ml",
    "category": "Huishouden en dieren",
    "price": 5.99,
    "promoPrice": null,
    "pricePerUnit": "34.23 l",
    "image": "https://www.jumbo.com/dam-images/fit-in/360x360/Products/09122023_1702101487764_1702101490456_126293_STK_08710552307930_C1N1.png",
    "available": true,
    "promoUntil": null
  },
  {
    "id": "677603ZK",
    "title": "Pampers Harmonie Luiers Maat 4, 22 Luiers",
    "category": "Drogisterij en baby",
    "price": 14.99,
    "promoPrice": null,
    "pricePerUnit": "0.68 pieces",
    "image": "https://www.jumbo.com/dam-images/fit-in/360x360/Products/14082025_1755192783218_1755192789264_8700216668798_1.png",
    "available": true,
    "promoUntil": null
  },
  {
    "id": "582319POT",
    "title": "Sportlife Cherry Coconut Flavour Suikervrije Kauwgom 99 g",
    "category": "Koek, snoep, chocolade en chips",
    "price": 4.94,
    "promoPrice": null,
    "pricePerUnit": "49.9 kg",
    "image": "https://www.jumbo.com/dam-images/fit-in/360x360/Products/28052025_1748442792227_1748442800135_8711400409585_1.png",
    "available": true,
    "promoUntil": null
  },
  {
    "id": "639529STK",
    "title": "Lezziz Lahmacun Turkse Pizza met Beef DÃ¶ner 240 g",
    "category": "Vleeswaren, kaas en tapas",
    "price": 3.99,
    "promoPrice": null,
    "pricePerUnit": "15.96 kg",
    "image": "https://www.jumbo.com/dam-images/fit-in/360x360/Products/16062025_1750062805428_1750062808962_8714798132523_1.png",
    "available": true,
    "promoUntil": null
  },
  {
    "id": "177863STK",
    "title": "Prioderm Shampoo plus tegen luizen en neten, 100ml",
    "category": "Drogisterij en baby",
    "price": 19.99,
    "promoPrice": null,
    "pricePerUnit": "199.9 l",
    "image": "https://www.jumbo.com/dam-images/fit-in/360x360/Products/24092025_1758672132511_1758672135968_8712207039531_1.png",
    "available": true,
    "promoUntil": null
  },
  {
    "id": "665914PAK",
    "title": "Vifon Noedels Rode Bieten 67g",
    "category": "Wereldkeukens, kruiden, pasta en rijst",
    "price": 0.99,
    "promoPrice": null,
    "pricePerUnit": "14.78 kg",
    "image": "https://www.jumbo.com/dam-images/fit-in/360x360/Products/27112024_1732695355849_1732695366140_665914_PAK_05901882314337_C1N1.png",
    "available": true,
    "promoUntil": null
  },
  {
    "id": "91617ZK",
    "title": "Silvo Mix voor Speklapjes 22 g",
    "category": "Wereldkeukens, kruiden, pasta en rijst",
    "price": 1.88,
    "promoPrice": null,
    "pricePerUnit": "85.45 kg",
    "image": "https://www.jumbo.com/dam-images/fit-in/360x360/Products/01112024_1730431818391_1730431825840_91617_ZK_08715500041768_C1N1.png",
    "available": true,
    "promoUntil": null
  },
  {
    "id": "143052STK",
    "title": "Verstegen Oregano 15 g",
    "category": "Wereldkeukens, kruiden, pasta en rijst",
    "price": 4.19,
    "promoPrice": null,
    "pricePerUnit": "279.33 kg",
    "image": "https://www.jumbo.com/dam-images/fit-in/360x360/Products/12122024_1734014379572_1734014385422_8712200596703_1.png",
    "available": true,
    "promoUntil": null
  },
  {
    "id": "496349STK",
    "title": "Voltaren K 12,5 mg tabletten bij spier- en gewrichtspijn, 20 stuks",
    "category": "Drogisterij en baby",
    "price": 7.19,
    "promoPrice": null,
    "pricePerUnit": "0.36 pieces",
    "image": "https://www.jumbo.com/dam-images/fit-in/360x360/Products/22082025_1755820923984_1755820930144_8723700009051_1.png",
    "available": true,
    "promoUntil": null
  },
  {
    "id": "675380STK",
    "title": "Knuffel Ster",
    "category": "Non-food en servicebalie",
    "price": 4.99,
    "promoPrice": null,
    "pricePerUnit": "4.99 pieces",
    "image": "https://www.jumbo.com/dam-images/fit-in/360x360/Products/01072025_1751383990095_1751383996239_8721225775413_1.png",
    "available": true,
    "promoUntil": null
  },
  {
    "id": "703228ZK",
    "title": "La Morena Gele MaÃ¯s Tortilla 250g",
    "category": "Wereldkeukens, kruiden, pasta en rijst",
    "price": 2.96,
    "promoPrice": null,
    "pricePerUnit": "11.84 kg",
    "image": "https://www.jumbo.com/dam-images/fit-in/360x360/Products/05062025_1749121428185_1749121439590_703228_ZK_00727452001507_C1N1.png",
    "available": true,
    "promoUntil": null
  },
  {
    "id": "202546STK",
    "title": "NIVEA MEN Dry Impact Anti-Transpirant Deodorant Roller - 50ml",
    "category": "Drogisterij en baby",
    "price": 5.79,
    "promoPrice": null,
    "pricePerUnit": "115.8 l",
    "image": "https://www.jumbo.com/dam-images/fit-in/360x360/Products/19062025_1750350766614_1750350769732_42345084_1.png",
    "available": true,
    "promoUntil": null
  },
  {
    "id": "568977STK",
    "title": "Nutrilon Volledige Zuigelingenvoeding 1 0+ Maanden 2 x 800g",
    "category": "Drogisterij en baby",
    "price": 35.62,
    "promoPrice": null,
    "pricePerUnit": "None None",
    "image": "https://www.jumbo.com/dam-images/fit-in/360x360/Products/568977_20222253_1_T1_568977STK1691078608582.png",
    "available": true,
    "promoUntil": null
  },
  {
    "id": "92801ZK",
    "title": "Silvo Mix voor Gehakt SatÃ© 45 g",
    "category": "Wereldkeukens, kruiden, pasta en rijst",
    "price": 1.88,
    "promoPrice": null,
    "pricePerUnit": "41.78 kg",
    "image": "https://www.jumbo.com/dam-images/fit-in/360x360/Products/24062024_1719235999262_1719236009453_8715500041966_1.png",
    "available": true,
    "promoUntil": null
  },
  {
    "id": "648977ZK",
    "title": "Terre di Puglia Tarallini Cheese & Pepper 230g",
    "category": "Wereldkeukens, kruiden, pasta en rijst",
    "price": 2.49,
    "promoPrice": null,
    "pricePerUnit": "10.83 kg",
    "image": "https://www.jumbo.com/dam-images/fit-in/360x360/Products/14092024_1726280034909_1726280040189_648977_ZK_08057094340743_C1N1.png",
    "available": true,
    "promoUntil": null
  },
  {
    "id": "571498STK",
    "title": "The Great British Cheese Company Red Arrow Kaas 200 g",
    "category": "Vleeswaren, kaas en tapas",
    "price": 4.99,
    "promoPrice": null,
    "pricePerUnit": "24.95 kg",
    "image": "https://www.jumbo.com/dam-images/fit-in/360x360/Products/14022024_1707873252922_1707873265338_5070002417415_1.png",
    "available": true,
    "promoUntil": null
  },
  {
    "id": "252315STK",
    "title": "Page Compleet Schoon Toiletpapier Maxi 4-rollen",
    "category": "Huishouden en dieren",
    "price": 3.19,
    "promoPrice": null,
    "pricePerUnit": "0.8 pieces",
    "image": "https://www.jumbo.com/dam-images/fit-in/360x360/Products/09092025_1757380995281_1757381004114_252315_STK_05029053583334_C1N1.png",
    "available": true,
    "promoUntil": null
  },
  {
    "id": "237942STK",
    "title": "Verstegen Chilipoeder 35 g",
    "category": "Wereldkeukens, kruiden, pasta en rijst",
    "price": 2.99,
    "promoPrice": null,
    "pricePerUnit": "85.43 kg",
    "image": "https://www.jumbo.com/dam-images/fit-in/360x360/Products/01032025_1740799341441_1740799345860_237942_STK_08712200966018_C1N1.png",
    "available": true,
    "promoUntil": null
  },
  {
    "id": "237969STK",
    "title": "Verstegen Piment 28 g",
    "category": "Wereldkeukens, kruiden, pasta en rijst",
    "price": 3.99,
    "promoPrice": null,
    "pricePerUnit": "142.5 kg",
    "image": "https://www.jumbo.com/dam-images/fit-in/360x360/Products/26082025_1756171814533_1756171818116_237969_STK_08712200095220_C1N1.png",
    "available": true,
    "promoUntil": null
  },
  {
    "id": "570547STK",
    "title": "Sportzot - Belgisch Bier Alcoholvrij 0.3% - Fles - 6 x 330ML",
    "category": "Bier en wijn",
    "price": 13.74,
    "promoPrice": null,
    "pricePerUnit": "None None",
    "image": "https://www.jumbo.com/dam-images/fit-in/360x360/Products/570547_20222345_1_T1_570547STK1691078625128.png",
    "available": true,
    "promoUntil": null
  },
  {
    "id": "418593ZK",
    "title": "NIVEA 3-in1 Verfrissende Reinigingsdoekjes - 25 Stuks",
    "category": "Drogisterij en baby",
    "price": 4.99,
    "promoPrice": null,
    "pricePerUnit": "0.2 pieces",
    "image": "https://www.jumbo.com/dam-images/fit-in/360x360/Products/23092025_1758593104709_1758593108158_418593_ZK_04005900777959_C1N1.png",
    "available": true,
    "promoUntil": null
  },
  {
    "id": "539114BLK",
    "title": "Nix and Kix Sparkling Mango Ginger 250 ml",
    "category": "Frisdrank en sappen",
    "price": 1.59,
    "promoPrice": null,
    "pricePerUnit": "6.36 l",
    "image": "https://www.jumbo.com/dam-images/fit-in/360x360/Products/14022024_1707872592400_1707872610921_5060433990250_1.png",
    "available": true,
    "promoUntil": null
  },
  {
    "id": "633054ZK",
    "title": "Lay's Wokkels Paprika Chips 30 g",
    "category": "Koek, snoep, chocolade en chips",
    "price": 0.75,
    "promoPrice": null,
    "pricePerUnit": "25.0 kg",
    "image": "https://www.jumbo.com/dam-images/fit-in/360x360/Products/29072024_1722245592122_1722245614582_8710398502452_1.png",
    "available": true,
    "promoUntil": null
  },
  {
    "id": "517471POT",
    "title": "KÃ¼hne Rauwkost Salade Zoetzuur 330 g",
    "category": "Aardappelen, groente en fruit",
    "price": 1.97,
    "promoPrice": null,
    "pricePerUnit": "10.37 kg",
    "image": "https://www.jumbo.com/dam-images/fit-in/360x360/Products/19092025_1758240066023_1758240073868_40737355_1.png",
    "available": true,
    "promoUntil": null
  },
  {
    "id": "434295POT",
    "title": "L'OrÃ©al Paris Triple Active Hydraterende en Beschermende Dag CrÃ¨me 50 ml",
    "category": "Drogisterij en baby",
    "price": 10.99,
    "promoPrice": null,
    "pricePerUnit": "219.8 l",
    "image": "https://www.jumbo.com/dam-images/fit-in/360x360/Products/06072024_1720234269182_1720234279642_434295_POT_03600521719749_C1N1_s04.png",
    "available": true,
    "promoUntil": null
  },
  {
    "id": "669716FLS",
    "title": "Lenor Fresh Air Wasverzachter 36 Wasbeurten",
    "category": "Huishouden en dieren",
    "price": 8.19,
    "promoPrice": null,
    "pricePerUnit": "0.23 wb",
    "image": "https://www.jumbo.com/dam-images/fit-in/360x360/Products/05092025_1757040355441_1757040356857_669716_FLS_08700216625753_C1N1.png",
    "available": true,
    "promoUntil": null
  },
  {
    "id": "566748BLK",
    "title": "Minerva Sardine Pate Pikante 75 g",
    "category": "Vleeswaren, kaas en tapas",
    "price": 2.49,
    "promoPrice": null,
    "pricePerUnit": "33.2 kg",
    "image": "https://www.jumbo.com/dam-images/fit-in/360x360/Products/14022024_1707873976960_1707873987845_5606677106066_1.png",
    "available": true,
    "promoUntil": null
  },
  {
    "id": "586729DS",
    "title": "NestlÃ© Baby Reepje Bosbes Smaak vanaf 12 Maanden 25 g",
    "category": "Drogisterij en baby",
    "price": 0.93,
    "promoPrice": null,
    "pricePerUnit": "37.2 kg",
    "image": "https://www.jumbo.com/dam-images/fit-in/360x360/Products/14022024_1707873436517_1707873440242_8445290838223_1.png",
    "available": true,
    "promoUntil": null
  },
  {
    "id": "568619ZK",
    "title": "Venco Menthol Kruisdrop Hard Zoet 120 g",
    "category": "Koek, snoep, chocolade en chips",
    "price": 1.89,
    "promoPrice": null,
    "pricePerUnit": "15.75 kg",
    "image": "https://www.jumbo.com/dam-images/fit-in/360x360/Products/28082025_1756343437763_1756343475547_568619_ZK_08714200220046_C1N1.png",
    "available": true,
    "promoUntil": null
  },
  {
    "id": "409871DS",
    "title": "elmexÂ® Sensitive Professional Repair & Prevent Tandpasta 75 ml",
    "category": "Drogisterij en baby",
    "price": 6.99,
    "promoPrice": null,
    "pricePerUnit": "93.2 l",
    "image": "https://www.jumbo.com/dam-images/fit-in/360x360/Products/17022024_1708136894654_1708136897227_409871_DS_08718951363410_C1N1.png",
    "available": true,
    "promoUntil": null
  },
  {
    "id": "626913ZK",
    "title": "Knorr Asia Specials Style Noodles Maaltijdmix Korean BBQ 135 g",
    "category": "Wereldkeukens, kruiden, pasta en rijst",
    "price": 2.95,
    "promoPrice": null,
    "pricePerUnit": "21.85 kg",
    "image": "https://www.jumbo.com/dam-images/fit-in/360x360/Products/29032025_1743218727344_1743218770785_626913_ZK_08720182675309_C1N1.png",
    "available": true,
    "promoUntil": null
  },
  {
    "id": "557343BLK",
    "title": "Malibu - Strawberry Daiquiri - 250ML",
    "category": "Bier en wijn",
    "price": 2.27,
    "promoPrice": null,
    "pricePerUnit": "9.08 l",
    "image": "https://www.jumbo.com/dam-images/fit-in/360x360/Products/08082024_1723081717520_1723081721240_557343_BLK_07312040340118_C1N1.png",
    "available": true,
    "promoUntil": null
  },
  {
    "id": "616692ZK",
    "title": "Marcel's Green Soap Shower Gel Argan Oudh Refill Pack 500 ml",
    "category": "Drogisterij en baby",
    "price": 5.49,
    "promoPrice": null,
    "pricePerUnit": "10.98 l",
    "image": "https://www.jumbo.com/dam-images/fit-in/360x360/Products/13052024_1715607311358_1715607319954_8720254337258_1.png",
    "available": true,
    "promoUntil": null
  },
  {
    "id": "668874FLS",
    "title": "Lowlander Mango IPA 330ML",
    "category": "Bier en wijn",
    "price": 2.69,
    "promoPrice": null,
    "pricePerUnit": "8.15 l",
    "image": "https://www.jumbo.com/dam-images/fit-in/360x360/Products/01022025_1738384951853_1738384954413_668874_FLS_08720618787590_C1N1.png",
    "available": true,
    "promoUntil": null
  },
  {
    "id": "554160BUS",
    "title": "Teisseire Zero Suiker Perzik Siroop 60 cl",
    "category": "Frisdrank en sappen",
    "price": 4.24,
    "promoPrice": null,
    "pricePerUnit": "7.07 l",
    "image": "https://www.jumbo.com/dam-images/fit-in/360x360/Products/19092025_1758246964332_1758246974625_554160_BUS_03092718638016_C1N1.png",
    "available": true,
    "promoUntil": null
  },
  {
    "id": "201663STK",
    "title": "Tic Tac Festival 2 x 49 g",
    "category": "Koek, snoep, chocolade en chips",
    "price": 4.94,
    "promoPrice": null,
    "pricePerUnit": "50.41 kg",
    "image": "https://www.jumbo.com/dam-images/fit-in/360x360/Products/14022024_1707872666585_1707872672037_8000500244883_1.png",
    "available": true,
    "promoUntil": null
  },
  {
    "id": "135965DS",
    "title": "Toppits Snackpapier 8 Vellen",
    "category": "Huishouden en dieren",
    "price": 3.91,
    "promoPrice": null,
    "pricePerUnit": "0.49 pieces",
    "image": "https://www.jumbo.com/dam-images/fit-in/360x360/Products/09082023_1691581020848_1691581038077_4008871200273_1.png",
    "available": true,
    "promoUntil": null
  },
  {
    "id": "238003STK",
    "title": "Verstegen Saffraan 0,05 g",
    "category": "Wereldkeukens, kruiden, pasta en rijst",
    "price": 1.69,
    "promoPrice": null,
    "pricePerUnit": "1.69 pieces",
    "image": "https://www.jumbo.com/dam-images/fit-in/360x360/Products/12122024_1734014380095_1734014385560_8712200400390_1.png",
    "available": true,
    "promoUntil": null
  },
  {
    "id": "211985STK",
    "title": "SchÃ¤r Pizza Margherita Gluten- en lactosevrij 300 g",
    "category": "Diepvries",
    "price": 3.65,
    "promoPrice": null,
    "pricePerUnit": "12.17 kg",
    "image": "https://www.jumbo.com/dam-images/fit-in/360x360/Products/31032025_1743413560922_1743413571379_8008698026090_1.png",
    "available": true,
    "promoUntil": null
  },
  {
    "id": "31650STK",
    "title": "SchÃ¤r Lasagne Glutenvrij 300 g",
    "category": "Diepvries",
    "price": 4.54,
    "promoPrice": null,
    "pricePerUnit": "15.13 kg",
    "image": "https://www.jumbo.com/dam-images/fit-in/360x360/Products/03042025_1743665586579_1743665597251_8008698006757_1.png",
    "available": true,
    "promoUntil": null
  },
  {
    "id": "705073DS",
    "title": "Sensodyne Complete Protection 75 ML",
    "category": "Drogisterij en baby",
    "price": 7.29,
    "promoPrice": null,
    "pricePerUnit": "97.2 l",
    "image": "https://www.jumbo.com/dam-images/fit-in/360x360/Products/16062025_1750072486160_1750072488211_705073_DS_05054563243959_C1N1.png",
    "available": true,
    "promoUntil": null
  },
  {
    "id": "678960ZK",
    "title": "Wilkinson Extra My Intuition 10+5 Stuks",
    "category": "Drogisterij en baby",
    "price": 6.92,
    "promoPrice": null,
    "pricePerUnit": "0.46 pieces",
    "image": "https://www.jumbo.com/dam-images/fit-in/360x360/Products/26022025_1740538333294_1740538335463_678960_ZK_.png",
    "available": true,
    "promoUntil": null
  },
  {
    "id": "634335FLS",
    "title": "SodaStream Lipton Peach Zero Siroop 440ML",
    "category": "Frisdrank en sappen",
    "price": 6.49,
    "promoPrice": null,
    "pricePerUnit": "14.75 l",
    "image": "https://www.jumbo.com/dam-images/fit-in/360x360/Products/27062024_1719458583311_1719458588241_634335_FLS_07290113762541_C1N1.png",
    "available": true,
    "promoUntil": null
  },
  {
    "id": "694761DS",
    "title": "Stimorol Fire Kaneel 4 Pack",
    "category": "Koek, snoep, chocolade en chips",
    "price": 3.46,
    "promoPrice": null,
    "pricePerUnit": "0.87 pieces",
    "image": "https://www.jumbo.com/dam-images/fit-in/360x360/Products/15052025_1747276440031_1747276442758_694761_DS_08723400870043_C1N1.png",
    "available": true,
    "promoUntil": null
  },
  {
    "id": "639447DS",
    "title": "S&B Golden Curry Japanese Curry Mix Hot 92 g",
    "category": "Wereldkeukens, kruiden, pasta en rijst",
    "price": 2.96,
    "promoPrice": null,
    "pricePerUnit": "32.17 kg",
    "image": "https://www.jumbo.com/dam-images/fit-in/360x360/Products/17072025_1752714350034_1752714354411_639447_DS_04901002075361_C1N1.png",
    "available": true,
    "promoUntil": null
  },
  {
    "id": "441129ZK",
    "title": "Knorr Maaltijdmix Voordeelverpakking Nasi 66 g",
    "category": "Wereldkeukens, kruiden, pasta en rijst",
    "price": 2.19,
    "promoPrice": null,
    "pricePerUnit": "33.18 kg",
    "image": "https://www.jumbo.com/dam-images/fit-in/360x360/Products/05062025_1749089043825_1749089143325_441129_ZK_08720182018779_H1N1.png",
    "available": true,
    "promoUntil": null
  },
  {
    "id": "684400FLS",
    "title": "L'OrÃ©al Paris Elvive Color Vive Kleurbeschermende Shampoo 250 ml",
    "category": "Drogisterij en baby",
    "price": 7.29,
    "promoPrice": null,
    "pricePerUnit": "29.16 l",
    "image": "https://www.jumbo.com/dam-images/fit-in/360x360/Products/09082023_1691591224392_1691591252306_3600523629961_1.png",
    "available": true,
    "promoUntil": null
  },
  {
    "id": "633620ZK",
    "title": "Lee Kum Kee Smaakmaker Spicy Garlic Stir-Fry Sauce 80g",
    "category": "Wereldkeukens, kruiden, pasta en rijst",
    "price": 1.48,
    "promoPrice": null,
    "pricePerUnit": "18.5 kg",
    "image": "https://www.jumbo.com/dam-images/fit-in/360x360/Products/04062024_1717502613854_1717502621604_633620_ZK_00078895144598_C1N1.png",
    "available": true,
    "promoUntil": null
  },
  {
    "id": "608667BAK",
    "title": "Merkx Zult 240 g",
    "category": "Vleeswaren, kaas en tapas",
    "price": 1.99,
    "promoPrice": null,
    "pricePerUnit": "8.29 kg",
    "image": "https://www.jumbo.com/dam-images/fit-in/360x360/Products/12122024_1734014683987_1734014691261_8710507191256_1.png",
    "available": true,
    "promoUntil": null
  },
  {
    "id": "673445FLS",
    "title": "Sonrisa - Bobal Tempranillo - 750ML",
    "category": "Bier en wijn",
    "price": 3.69,
    "promoPrice": null,
    "pricePerUnit": "4.92 l",
    "image": "https://www.jumbo.com/dam-images/fit-in/360x360/Products/26032025_1743003191348_1743003194933_8420202008079_1.png",
    "available": true,
    "promoUntil": null
  },
  {
    "id": "567943POT",
    "title": "Rummo Sugo All' Arrabbiata 340 g",
    "category": "Wereldkeukens, kruiden, pasta en rijst",
    "price": 2.89,
    "promoPrice": null,
    "pricePerUnit": "8.5 kg",
    "image": "https://www.jumbo.com/dam-images/fit-in/360x360/Products/14022024_1707873138447_1707873143995_8008343299688_1.png",
    "available": true,
    "promoUntil": null
  },
  {
    "id": "190457DSL",
    "title": "Sheba Sauce Collection met Zalm 22 x 85 g",
    "category": "Huishouden en dieren",
    "price": 17.99,
    "promoPrice": null,
    "pricePerUnit": "9.62 kg",
    "image": "https://www.jumbo.com/dam-images/fit-in/360x360/Products/400842909667951088870-aa7f-4e02-ad85-0521e39ea1f5-1745848053965.png",
    "available": true,
    "promoUntil": null
  },
  {
    "id": "645616FLS",
    "title": "Tropical Aloe Vera Zero 1500ml",
    "category": "Wereldkeukens, kruiden, pasta en rijst",
    "price": 3.95,
    "promoPrice": null,
    "pricePerUnit": "2.63 l",
    "image": "https://www.jumbo.com/dam-images/fit-in/360x360/Products/13082024_1723546011593_1723546016223_645616_FLS_08712857973278_C1N1.png",
    "available": true,
    "promoUntil": null
  },
  {
    "id": "680015PAK",
    "title": "Van de Boom troebele Groene IJsthee Bosfruit 1,5L",
    "category": "Frisdrank en sappen",
    "price": 1.99,
    "promoPrice": null,
    "pricePerUnit": "1.33 l",
    "image": "https://www.jumbo.com/dam-images/fit-in/360x360/Products/29062025_1751159553137_1751159573282_680015_PAK_08720157402886_C1N1.png",
    "available": true,
    "promoUntil": null
  },
  {
    "id": "559541DS",
    "title": "PURINAÂ® GourmetÂ® Mon Petit Intense DUO Fijne stukjes met Kip en Zalm, met Tonijn en Rund, met Kalkoen en Forel 6x50g natvoer ",
    "category": "Huishouden en dieren",
    "price": 3.18,
    "promoPrice": null,
    "pricePerUnit": "10.6 kg",
    "image": "https://www.jumbo.com/dam-images/fit-in/360x360/Products/09042025_1744161485571_1744161525293_559541_DS_07613035438668_C1N1_s05.png",
    "available": true,
    "promoUntil": null
  },
  {
    "id": "203717ZK",
    "title": "Verstegen Mix voor Shoarma 30 g",
    "category": "Wereldkeukens, kruiden, pasta en rijst",
    "price": 1.69,
    "promoPrice": null,
    "pricePerUnit": "56.33 kg",
    "image": "https://www.jumbo.com/dam-images/fit-in/360x360/Products/27092023_1695780751869_1695780755556_203717_ZK_08712200982278_C1N1.png",
    "available": true,
    "promoUntil": null
  },
  {
    "id": "608028FLS",
    "title": "Pepsi 1 L",
    "category": "Frisdrank en sappen",
    "price": 2.19,
    "promoPrice": null,
    "pricePerUnit": "2.19 l",
    "image": "https://www.jumbo.com/dam-images/fit-in/360x360/Products/25032024_1711381636942_1711381662241_8715600249026_596.png",
    "available": true,
    "promoUntil": null
  },
  {
    "id": "437154ZK",
    "title": "Verstegen DjahÃ© Gemalen Kleinverpakking 6 g",
    "category": "Wereldkeukens, kruiden, pasta en rijst",
    "price": 0.99,
    "promoPrice": null,
    "pricePerUnit": "165.0 kg",
    "image": "https://www.jumbo.com/dam-images/fit-in/360x360/Products/437154_8712200090775_1_T1_437154ZK1691166345561.png",
    "available": true,
    "promoUntil": null
  },
  {
    "id": "132902FLS",
    "title": "Quevedo - RosÃ© Porto - 750ML",
    "category": "Bier en wijn",
    "price": 9.29,
    "promoPrice": null,
    "pricePerUnit": "12.39 l",
    "image": "https://www.jumbo.com/dam-images/fit-in/360x360/Products/09082023_1691589637027_1691589645133_5605891996118_1.png",
    "available": true,
    "promoUntil": null
  },
  {
    "id": "203727ZK",
    "title": "Verstegen Mix voor Hachee 16 g",
    "category": "Wereldkeukens, kruiden, pasta en rijst",
    "price": 1.48,
    "promoPrice": null,
    "pricePerUnit": "92.5 kg",
    "image": "https://www.jumbo.com/dam-images/fit-in/360x360/Products/15032025_1742006666317_1742006671506_203727_ZK_08712200984975_C1N1.png",
    "available": true,
    "promoUntil": null
  },
  {
    "id": "510382POT",
    "title": "Verstegen World Spice Blend Harissa 34g",
    "category": "Wereldkeukens, kruiden, pasta en rijst",
    "price": 2.96,
    "promoPrice": null,
    "pricePerUnit": "87.06 kg",
    "image": "https://www.jumbo.com/dam-images/fit-in/360x360/Products/06022024_1707187948810_1707187956597_510382_POT_08712200099044_H1N1.png",
    "available": true,
    "promoUntil": null
  },
  {
    "id": "513390STK",
    "title": "Shiepz Slaapformule, 30 tabletten",
    "category": "Drogisterij en baby",
    "price": 15.99,
    "promoPrice": null,
    "pricePerUnit": "0.53 pieces",
    "image": "https://www.jumbo.com/dam-images/fit-in/360x360/Products/24092025_1758672136806_1758672144016_8711744053574_1.png",
    "available": true,
    "promoUntil": null
  },
  {
    "id": "496459STK",
    "title": "Valdispert Rust extra sterk dragees, 50 stuks ",
    "category": "Drogisterij en baby",
    "price": 16.99,
    "promoPrice": null,
    "pricePerUnit": "0.34 pieces",
    "image": "https://www.jumbo.com/dam-images/fit-in/360x360/Products/24092025_1758672062494_1758672070487_8711744100025_1.png",
    "available": true,
    "promoUntil": null
  },
  {
    "id": "628391DS",
    "title": "Kinder Adventskalender 24 Stuks 113 g",
    "category": "Koek, snoep, chocolade en chips",
    "price": 5.49,
    "promoPrice": null,
    "pricePerUnit": "48.58 kg",
    "image": "https://www.jumbo.com/dam-images/fit-in/360x360/Products/18032025_1742326346925_1742326354777_8000500427484_1.png",
    "available": true,
    "promoUntil": null
  },
  {
    "id": "128261TUB",
    "title": "L'OrÃ©al Paris Elnett Micro-Verstuiving Haarspray 300 ml",
    "category": "Drogisterij en baby",
    "price": 10.49,
    "promoPrice": null,
    "pricePerUnit": "34.97 l",
    "image": "https://www.jumbo.com/dam-images/fit-in/360x360/Products/29092023_1695995635694_1695995637400_3600523792979_1.png",
    "available": true,
    "promoUntil": null
  },
  {
    "id": "19917FLS",
    "title": "L'OrÃ©al Paris Express Oog-en Lip Make-Up Remover 125 ml",
    "category": "Drogisterij en baby",
    "price": 8.49,
    "promoPrice": null,
    "pricePerUnit": "67.92 l",
    "image": "https://www.jumbo.com/dam-images/fit-in/360x360/Products/06072024_1720233857601_1720233861788_19917_FLS_05410103014357_C1N1.png",
    "available": true,
    "promoUntil": null
  },
  {
    "id": "637438ZK",
    "title": "Lamb Weston Burger Fries 750g",
    "category": "Diepvries",
    "price": 2.72,
    "promoPrice": null,
    "pricePerUnit": "3.63 kg",
    "image": "https://www.jumbo.com/dam-images/fit-in/360x360/Products/30072024_1722303022740_1722303028964_637438_ZK_08711571093446_C1N1_R.png",
    "available": true,
    "promoUntil": null
  },
  {
    "id": "200827STK",
    "title": "Lotus Gebak Mini Madeleine 7 x 17 g",
    "category": "Koek, snoep, chocolade en chips",
    "price": 2.27,
    "promoPrice": null,
    "pricePerUnit": "19.08 kg",
    "image": "https://www.jumbo.com/dam-images/fit-in/360x360/Products/15062024_1718415210176_1718415214203_200827_STK_05410126070057_C1N1.png",
    "available": true,
    "promoUntil": null
  },
  {
    "id": "683281BUS",
    "title": "Rexona Deo Spray Max Protect Invisible 150 ML",
    "category": "Drogisterij en baby",
    "price": 9.99,
    "promoPrice": null,
    "pricePerUnit": "66.6 l",
    "image": "https://www.jumbo.com/dam-images/fit-in/360x360/Products/25042025_1745542863843_1745542921721_683281_BUS_08720181575945_C1N1.png",
    "available": true,
    "promoUntil": null
  },
  {
    "id": "172225POT",
    "title": "Olvarit Banaan Sinaasappel Koek 12+ Maanden 200 g",
    "category": "Drogisterij en baby",
    "price": 1.44,
    "promoPrice": null,
    "pricePerUnit": "7.2 kg",
    "image": "https://www.jumbo.com/dam-images/fit-in/360x360/Products/09082023_1691590727535_1691590736870_8591119002877_1.png",
    "available": true,
    "promoUntil": null
  },
  {
    "id": "172380POT",
    "title": "Olvarit Bloemkool Kalkoen Aardappel 15+ Maanden 250 g",
    "category": "Drogisterij en baby",
    "price": 1.73,
    "promoPrice": null,
    "pricePerUnit": "6.92 kg",
    "image": "https://www.jumbo.com/dam-images/fit-in/360x360/Products/25102023_1698199239063_1698199244710_172380_POT_05900852926747_C1N1.png",
    "available": true,
    "promoUntil": null
  },
  {
    "id": "703819FLS",
    "title": "Zwitsal Zeepvrij Schuimbad Baby 200 ml",
    "category": "Drogisterij en baby",
    "price": 4.29,
    "promoPrice": null,
    "pricePerUnit": "21.45 l",
    "image": "https://www.jumbo.com/dam-images/fit-in/360x360/Products/10062025_1749580370052_1749580374855_8720181647222_1.png",
    "available": true,
    "promoUntil": null
  },
  {
    "id": "79121FLS",
    "title": "Kizakura - Sake Ginjo - 500ML",
    "category": "Bier en wijn",
    "price": 12.99,
    "promoPrice": null,
    "pricePerUnit": "25.98 l",
    "image": "https://www.jumbo.com/dam-images/fit-in/360x360/Products/10082023_1691674903390_1691674906094_4901410043563_1.png",
    "available": true,
    "promoUntil": null
  },
  {
    "id": "159207DS",
    "title": "Saitaku Bamboo Chopsticks 8 x 2 Stuks",
    "category": "Wereldkeukens, kruiden, pasta en rijst",
    "price": 1.97,
    "promoPrice": null,
    "pricePerUnit": "30.31 kg",
    "image": "https://www.jumbo.com/dam-images/fit-in/360x360/Products/07082025_1754532402895_1754532405419_159207_DS_05060194790878_C1N1.png",
    "available": true,
    "promoUntil": null
  },
  {
    "id": "703740ZK",
    "title": "Knorr Sweet & Sour Maaltijd Mix 59g",
    "category": "Wereldkeukens, kruiden, pasta en rijst",
    "price": 1.99,
    "promoPrice": null,
    "pricePerUnit": "33.73 kg",
    "image": "https://www.jumbo.com/dam-images/fit-in/360x360/Products/02092025_1756776813650_1756776894720_703740_ZK_08721201955914_C1N1.png",
    "available": true,
    "promoUntil": null
  },
  {
    "id": "633606ZK",
    "title": "Lutti ABC 175 G",
    "category": "Koek, snoep, chocolade en chips",
    "price": 2.29,
    "promoPrice": null,
    "pricePerUnit": "13.09 kg",
    "image": "https://www.jumbo.com/dam-images/fit-in/360x360/Products/05062024_1717612514229_1717612527460_5400787049646_1.png",
    "available": true,
    "promoUntil": null
  },
  {
    "id": "664646ZK",
    "title": "Red Band Berries Zacht Zoet 230 g",
    "category": "Koek, snoep, chocolade en chips",
    "price": 2.56,
    "promoPrice": null,
    "pricePerUnit": "11.13 kg",
    "image": "https://www.jumbo.com/dam-images/fit-in/360x360/Products/01032025_1740795199912_1740795210528_664646_ZK_08713800256202_H1N1.png",
    "available": true,
    "promoUntil": null
  },
  {
    "id": "637374BLK",
    "title": "Moersleutel - Fruit Press - Neipa - Blik - 440ML",
    "category": "Bier en wijn",
    "price": 5.19,
    "promoPrice": null,
    "pricePerUnit": "11.8 l",
    "image": "https://www.jumbo.com/dam-images/fit-in/360x360/Products/20092025_1758334988477_1758334990643_637374_BLK_08720615265077_C1N1.png",
    "available": true,
    "promoUntil": null
  },
  {
    "id": "686313FLS",
    "title": "Tiempo & Tierra - Gran Momento Tempranillo Reserva -750ML",
    "category": "Bier en wijn",
    "price": 5.99,
    "promoPrice": null,
    "pricePerUnit": "7.99 l",
    "image": "https://www.jumbo.com/dam-images/fit-in/360x360/Products/23062025_1750681987283_1750681990624_8411971008575_1.png",
    "available": true,
    "promoUntil": null
  },
  {
    "id": "677569ZK",
    "title": "Pampers Premium Protection Maat 3, 30 Luiers",
    "category": "Drogisterij en baby",
    "price": 14.49,
    "promoPrice": null,
    "pricePerUnit": "0.48 pieces",
    "image": "https://www.jumbo.com/dam-images/fit-in/360x360/Products/14082025_1755200016060_1755200024050_8700216665162_1.png",
    "available": true,
    "promoUntil": null
  },
  {
    "id": "705066DS",
    "title": "Parodontax Fluoridevrij  Tandpasta 75 ML",
    "category": "Drogisterij en baby",
    "price": 5.79,
    "promoPrice": null,
    "pricePerUnit": "77.2 l",
    "image": "https://www.jumbo.com/dam-images/fit-in/360x360/Products/16062025_1750072328894_1750072331131_705066_DS_05054563263353_C1N1.png",
    "available": true,
    "promoUntil": null
  },
  {
    "id": "416217BUS",
    "title": "Sanex Dermo Protector 24h Anti-transpirant Spray 200ml",
    "category": "Drogisterij en baby",
    "price": 5.79,
    "promoPrice": null,
    "pricePerUnit": "28.95 l",
    "image": "https://www.jumbo.com/dam-images/fit-in/360x360/Products/18042025_1744944003357_1744944004935_416217_BUS_08718951401082_C1N1.png",
    "available": true,
    "promoUntil": null
  },
  {
    "id": "579327DS",
    "title": "Van der Meulen Joy of Melba Toast Bruschetta Rondjes 90 g",
    "category": "Koek, snoep, chocolade en chips",
    "price": 1.56,
    "promoPrice": null,
    "pricePerUnit": "17.33 kg",
    "image": "https://www.jumbo.com/dam-images/fit-in/360x360/Products/19032024_1710815476424_1710815482482_579327_DS_08710649121463_C1N1.png",
    "available": true,
    "promoUntil": null
  },
  {
    "id": "605470BLK",
    "title": "PURINAÂ® GourmetÂ® Nature's Creations Mousse met een Hart van Saus, Rijk aan Kabeljauw Kattenvoer 85g",
    "category": "Huishouden en dieren",
    "price": 1.11,
    "promoPrice": null,
    "pricePerUnit": "13.06 kg",
    "image": "https://www.jumbo.com/dam-images/fit-in/360x360/Products/23092025_1758593980699_1758594029710_605470_BLK_08445290986436_C1N1_s01.png",
    "available": true,
    "promoUntil": null
  },
  {
    "id": "374476PAK",
    "title": "Mae Ploy Kokosmelk 250 ml",
    "category": "Wereldkeukens, kruiden, pasta en rijst",
    "price": 1.57,
    "promoPrice": null,
    "pricePerUnit": "6.28 kg",
    "image": "https://www.jumbo.com/dam-images/fit-in/360x360/Products/04022025_1738648783721_1738648789631_374476_PAK_08850367992331_C1N1.png",
    "available": true,
    "promoUntil": null
  },
  {
    "id": "696043DS",
    "title": "Jumbo loperamide HCL diarreeremmer 2mg",
    "category": "Drogisterij en baby",
    "price": 2.39,
    "promoPrice": null,
    "pricePerUnit": "0.24 pieces",
    "image": "https://www.jumbo.com/dam-images/fit-in/360x360/Products/24092025_1758672138061_1758672146238_8718452552016_1.png",
    "available": true,
    "promoUntil": null
  },
  {
    "id": "127863TUB",
    "title": "L'OrÃ©al Paris Studio Line Invisi Fix 24h Clear & Clean Gel 150 ml",
    "category": "Drogisterij en baby",
    "price": 6.99,
    "promoPrice": null,
    "pricePerUnit": "46.6 l",
    "image": "https://www.jumbo.com/dam-images/fit-in/360x360/Products/09082023_1691590938770_1691590944446_3600522471134_1.png",
    "available": true,
    "promoUntil": null
  },
  {
    "id": "679980BLK",
    "title": "La Croix Gearomatiseerd Sprankelend Water Lemon 355 ML",
    "category": "Wereldkeukens, kruiden, pasta en rijst",
    "price": 1.49,
    "promoPrice": null,
    "pricePerUnit": "4.2 l",
    "image": "https://www.jumbo.com/dam-images/fit-in/360x360/Products/14022025_1739539834431_1739539839058_679980_BLK_00073360377518_C1N1.png",
    "available": true,
    "promoUntil": null
  },
  {
    "id": "703281ZK",
    "title": "La Morena Nachos Kruidenmix 25g",
    "category": "Wereldkeukens, kruiden, pasta en rijst",
    "price": 1.18,
    "promoPrice": null,
    "pricePerUnit": "47.2 kg",
    "image": "https://www.jumbo.com/dam-images/fit-in/360x360/Products/25062025_1750815750794_1750815761675_703281_ZK_08720604474534_C1N1.png",
    "available": true,
    "promoUntil": null
  },
  {
    "id": "460947DS",
    "title": "Lassie Zilvervliesrijst 400 g",
    "category": "Wereldkeukens, kruiden, pasta en rijst",
    "price": 1.25,
    "promoPrice": null,
    "pricePerUnit": "3.13 kg",
    "image": "https://www.jumbo.com/dam-images/fit-in/360x360/Products/02102024_1727830885834_1727830892409_460947_DS_08718781601133_H1N1.png",
    "available": true,
    "promoUntil": null
  },
  {
    "id": "665781ZK",
    "title": "Lobo Red Chicken Sauce Mix 50g",
    "category": "Wereldkeukens, kruiden, pasta en rijst",
    "price": 1.19,
    "promoPrice": null,
    "pricePerUnit": "23.8 kg",
    "image": "https://www.jumbo.com/dam-images/fit-in/360x360/Products/26112024_1732621384733_1732621393668_665781_ZK_08850030111069_C1N1.png",
    "available": true,
    "promoUntil": null
  },
  {
    "id": "564583STK",
    "title": "Mr. Goodlad Meaty Chicken and Beef Strips 20 Stuks 180 g",
    "category": "Huishouden en dieren",
    "price": 2.09,
    "promoPrice": null,
    "pricePerUnit": "11.61 kg",
    "image": "https://www.jumbo.com/dam-images/fit-in/360x360/Products/09082023_1691594722260_1691594728239_8716793910045_1.png",
    "available": true,
    "promoUntil": null
  },
  {
    "id": "399228ZK",
    "title": "Verstegen Mix voor Stamppot Spinazie 14 g",
    "category": "Wereldkeukens, kruiden, pasta en rijst",
    "price": 1.56,
    "promoPrice": null,
    "pricePerUnit": "111.43 kg",
    "image": "https://www.jumbo.com/dam-images/fit-in/360x360/Products/25022025_1740450668223_1740450673193_399228_ZK_08712200084637_C1N1.png",
    "available": true,
    "promoUntil": null
  },
  {
    "id": "677500DS",
    "title": "Rennie Pepermunt Kauwtablet bij brandend maagzuur, 48 Stuks",
    "category": "Drogisterij en baby",
    "price": 6.92,
    "promoPrice": null,
    "pricePerUnit": "0.14 pieces",
    "image": "https://www.jumbo.com/dam-images/fit-in/360x360/Products/23052025_1747958434067_1747958472874_8713091022159_1.png",
    "available": true,
    "promoUntil": null
  },
  {
    "id": "709773DS",
    "title": "Royal Club Ginger Beer 0% 4 x 250ML",
    "category": "Frisdrank en sappen",
    "price": 3.39,
    "promoPrice": null,
    "pricePerUnit": "3.39 l",
    "image": "https://www.jumbo.com/dam-images/fit-in/360x360/Products/08715600251432C1N1248ef18c-332a-4bc7-99cd-e1fd7ae54802-1755598025847.png",
    "available": true,
    "promoUntil": null
  },
  {
    "id": "43842POT",
    "title": "Royal Mediterranean Geroosterde Gele Paprika 465 g",
    "category": "Wereldkeukens, kruiden, pasta en rijst",
    "price": 3.75,
    "promoPrice": null,
    "pricePerUnit": "7.5 l",
    "image": "https://www.jumbo.com/dam-images/fit-in/360x360/Products/30072025_1753843247293_1753843264667_43842_POT_05201194003524_C1N1.png",
    "available": true,
    "promoUntil": null
  },
  {
    "id": "49926ZK",
    "title": "Saitaku Wasabi Paste 43 g",
    "category": "Wereldkeukens, kruiden, pasta en rijst",
    "price": 3.75,
    "promoPrice": null,
    "pricePerUnit": "87.21 kg",
    "image": "https://www.jumbo.com/dam-images/fit-in/360x360/Products/07082025_1754531916898_1754531919873_49926_ZK_05060194790113_C1N1.png",
    "available": true,
    "promoUntil": null
  },
  {
    "id": "623885ZK",
    "title": "Smaakt Bio Kokos-Citroenkoekjes 175 g",
    "category": "Koek, snoep, chocolade en chips",
    "price": 3.39,
    "promoPrice": null,
    "pricePerUnit": "19.37 kg",
    "image": "https://www.jumbo.com/dam-images/fit-in/360x360/Products/12122024_1734014504678_1734014512345_8719153034627_1.png",
    "available": true,
    "promoUntil": null
  },
  {
    "id": "628054ZK",
    "title": "Smaakt Bio AmandelSchaafsel 100 g",
    "category": "Koek, snoep, chocolade en chips",
    "price": 4.35,
    "promoPrice": null,
    "pricePerUnit": "43.5 kg",
    "image": "https://www.jumbo.com/dam-images/fit-in/360x360/Products/14022025_1739539195990_1739539202810_8718215063353_1.png",
    "available": true,
    "promoUntil": null
  },
  {
    "id": "177861STK",
    "title": "Nestocyl Hydrofobe crÃ¨me, 30 g",
    "category": "Drogisterij en baby",
    "price": 12.99,
    "promoPrice": null,
    "pricePerUnit": "433.0 kg",
    "image": "https://www.jumbo.com/dam-images/fit-in/360x360/Products/24092025_1758672135390_1758672139235_8710464104351_1.png",
    "available": true,
    "promoUntil": null
  },
  {
    "id": "202524STK",
    "title": "NIVEA Dry Comfort Anti-Transpirant Roller - 50ml",
    "category": "Drogisterij en baby",
    "price": 5.69,
    "promoPrice": null,
    "pricePerUnit": "113.8 l",
    "image": "https://www.jumbo.com/dam-images/fit-in/360x360/Products/16072025_1752680047326_1752680050319_42345091_1.png",
    "available": true,
    "promoUntil": null
  },
  {
    "id": "507867FLS",
    "title": "NIVEA Verzorgende Oogmake-up Remover - 125ml",
    "category": "Drogisterij en baby",
    "price": 8.29,
    "promoPrice": null,
    "pricePerUnit": "66.32 l",
    "image": "https://www.jumbo.com/dam-images/fit-in/360x360/Products/18082025_1755531251678_1755531254369_4005900516893_1.png",
    "available": true,
    "promoUntil": null
  },
  {
    "id": "143181POT",
    "title": "Verstegen Mix voor Braad, Grill & BBQ 60 g",
    "category": "Wereldkeukens, kruiden, pasta en rijst",
    "price": 2.61,
    "promoPrice": null,
    "pricePerUnit": "43.5 kg",
    "image": "https://www.jumbo.com/dam-images/fit-in/360x360/Products/15032025_1742006648764_1742006654189_143181_POT_08712200572110_C1N1.png",
    "available": true,
    "promoUntil": null
  },
  {
    "id": "203722ZK",
    "title": "Verstegen Mix voor Gehakt Paprika 40 g",
    "category": "Wereldkeukens, kruiden, pasta en rijst",
    "price": 1.48,
    "promoPrice": null,
    "pricePerUnit": "37.0 kg",
    "image": "https://www.jumbo.com/dam-images/fit-in/360x360/Products/23042025_1745375374396_1745375379988_203722_ZK_08712200976970_C1N1.png",
    "available": true,
    "promoUntil": null
  },
  {
    "id": "568926STK",
    "title": "Texels - Tuunwal Tripel Bier - Fles - 6 x 300ML",
    "category": "Bier en wijn",
    "price": 12.54,
    "promoPrice": null,
    "pricePerUnit": "None None",
    "image": "https://www.jumbo.com/dam-images/fit-in/360x360/Products/568926_20222147_1_T1_568926STK1691078861339.png",
    "available": true,
    "promoUntil": null
  },
  {
    "id": "700766BUS",
    "title": "Taft Hairspray Volume 250 ML",
    "category": "Drogisterij en baby",
    "price": 6.99,
    "promoPrice": null,
    "pricePerUnit": "27.96 l",
    "image": "https://www.jumbo.com/dam-images/fit-in/360x360/Products/7332531117531T135cd42b3-974c-4d73-b42b-57b17a0dd026-1752662673445.png",
    "available": true,
    "promoUntil": null
  },
  {
    "id": "283312STK",
    "title": "Purina One Sterilcat Mini-Filets in Jus met Zalm en Wortelen, 4 x 85g",
    "category": "Huishouden en dieren",
    "price": 3.46,
    "promoPrice": null,
    "pricePerUnit": "10.18 kg",
    "image": "https://www.jumbo.com/dam-images/fit-in/360x360/Products/23092025_1758600015669_1758600042657_283312_STK_07613034467249_C1N1_s03.png",
    "available": true,
    "promoUntil": null
  },
  {
    "id": "479123DSL",
    "title": "SPA FRUIT Bruisende Fruitige Frisdrank Orange - 6 x 400ML",
    "category": "Frisdrank en sappen",
    "price": 8.7,
    "promoPrice": null,
    "pricePerUnit": "3.63 l",
    "image": "https://www.jumbo.com/dam-images/fit-in/360x360/Products/05410013800514H1N15798f40a-e268-456d-ad0d-aa3a307a8f36-1758179418625.png",
    "available": true,
    "promoUntil": null
  },
  {
    "id": "127865TUB",
    "title": "L'OrÃ©al Paris Studio Line Radical 24h Fibre Gel 9 Extreme Hold 150 ml",
    "category": "Drogisterij en baby",
    "price": 6.49,
    "promoPrice": null,
    "pricePerUnit": "43.27 l",
    "image": "https://www.jumbo.com/dam-images/fit-in/360x360/Products/06072024_1720229030307_1720229032692_127865_TUB_03600522471141_C1N1.png",
    "available": true,
    "promoUntil": null
  },
  {
    "id": "75271PAK",
    "title": "Lassie Bio Couscous 275 g",
    "category": "Wereldkeukens, kruiden, pasta en rijst",
    "price": 1.67,
    "promoPrice": null,
    "pricePerUnit": "6.07 kg",
    "image": "https://www.jumbo.com/dam-images/fit-in/360x360/Products/21032025_1742529247241_1742529254059_75271_PAK_08410830589248_H1N1.png",
    "available": true,
    "promoUntil": null
  },
  {
    "id": "681908ZK",
    "title": "Maltesers Crunchy chocolade snoepjes 93g",
    "category": "Koek, snoep, chocolade en chips",
    "price": 2.59,
    "promoPrice": null,
    "pricePerUnit": "27.85 kg",
    "image": "https://www.jumbo.com/dam-images/fit-in/360x360/Products/15052025_1747330437157_1747330459893_5000159571371_596.png",
    "available": true,
    "promoUntil": null
  },
  {
    "id": "655267DS",
    "title": "Maza Bio Hoemoes JalapeÃ±o",
    "category": "Vleeswaren, kaas en tapas",
    "price": 3.49,
    "promoPrice": null,
    "pricePerUnit": "19.94 kg",
    "image": "https://www.jumbo.com/dam-images/fit-in/360x360/Products/16052025_1747391566538_1747391580851_8714779008458_596.png",
    "available": true,
    "promoUntil": null
  },
  {
    "id": "695352POT",
    "title": "MENTOS GUM Sour Strawberry 28 Stuks",
    "category": "Koek, snoep, chocolade en chips",
    "price": 2.76,
    "promoPrice": null,
    "pricePerUnit": "0.1 pieces",
    "image": "https://www.jumbo.com/dam-images/fit-in/360x360/Products/25042025_1745570771738_1745570778958_695352_POT_00000086945509_A1N1.png",
    "available": true,
    "promoUntil": null
  },
  {
    "id": "586732PKL",
    "title": "NestlÃ© LITTLE STEPS 3 Dreumesmelk Standaard 12+ maanden 2 x 800 g",
    "category": "Drogisterij en baby",
    "price": 26.72,
    "promoPrice": null,
    "pricePerUnit": "16.7 kg",
    "image": "https://www.jumbo.com/dam-images/fit-in/360x360/Products/586732PKL1bfa0acb1-a317-455c-a03d-1b7b8aa981b4-1698673674747.png",
    "available": true,
    "promoUntil": null
  },
  {
    "id": "655558ZK",
    "title": "NestlÃ© Little Rockets Smoothie Appel, Aardbei, Banaan & Wortel 2+ Jaar 150 g",
    "category": "Drogisterij en baby",
    "price": 1.97,
    "promoPrice": null,
    "pricePerUnit": "13.13 kg",
    "image": "https://www.jumbo.com/dam-images/fit-in/360x360/Products/17102024_1729134729049_1729134749400_655558_ZK_08445290854278_H1N1_s01.png",
    "available": true,
    "promoUntil": null
  },
  {
    "id": "689626STK",
    "title": "No Fairytales Verse Tortilla Naturel 5 Stuks 200 g",
    "category": "Wereldkeukens, kruiden, pasta en rijst",
    "price": 2.86,
    "promoPrice": null,
    "pricePerUnit": "14.3 kg",
    "image": "https://www.jumbo.com/dam-images/fit-in/360x360/Products/08072025_1751999566557_1751999575054_8720938769597_1.png",
    "available": true,
    "promoUntil": null
  },
  {
    "id": "179875STK",
    "title": "Odorex Natural Fresh Deodorant 50 ml",
    "category": "Drogisterij en baby",
    "price": 3.29,
    "promoPrice": null,
    "pricePerUnit": "65.8 l",
    "image": "https://www.jumbo.com/dam-images/fit-in/360x360/Products/179875_8710919103182_1_T1_179875STK1691314355160.png",
    "available": true,
    "promoUntil": null
  },
  {
    "id": "128613FLS",
    "title": "Patak's Original Mild Curry Kruidenpasta 165 g",
    "category": "Wereldkeukens, kruiden, pasta en rijst",
    "price": 3.36,
    "promoPrice": null,
    "pricePerUnit": "20.36 kg",
    "image": "https://www.jumbo.com/dam-images/fit-in/360x360/Products/25102023_1698197324347_1698197337111_128613_FLS_05011308700375_C1N1.png",
    "available": true,
    "promoUntil": null
  },
  {
    "id": "524736DS",
    "title": "Mentos Cola Vegan 5-pack",
    "category": "Koek, snoep, chocolade en chips",
    "price": 2.76,
    "promoPrice": null,
    "pricePerUnit": "14.68 kg",
    "image": "https://www.jumbo.com/dam-images/fit-in/360x360/Products/07072025_1751902618982_1751902627585_8723400798675_1.png",
    "available": true,
    "promoUntil": null
  },
  {
    "id": "701130BLK",
    "title": "Sempio Kimchi Stir-Fried 160g",
    "category": "Wereldkeukens, kruiden, pasta en rijst",
    "price": 3.95,
    "promoPrice": null,
    "pricePerUnit": "24.69 kg",
    "image": "https://www.jumbo.com/dam-images/fit-in/360x360/Products/26052025_1748266985016_1748266990500_701130_BLK_08801005001250_C1N1.png",
    "available": true,
    "promoUntil": null
  },
  {
    "id": "701127DS",
    "title": "Sempio Ssamjang 250g",
    "category": "Wereldkeukens, kruiden, pasta en rijst",
    "price": 2.79,
    "promoPrice": null,
    "pricePerUnit": "11.16 kg",
    "image": "https://www.jumbo.com/dam-images/fit-in/360x360/Products/26052025_1748266880827_1748266886300_701127_DS_08801005000185_C1N1.png",
    "available": true,
    "promoUntil": null
  },
  {
    "id": "670281FLS",
    "title": "Lipton Green Citrus Sparkling No Sugar 500ML",
    "category": "Frisdrank en sappen",
    "price": 1.89,
    "promoPrice": null,
    "pricePerUnit": "3.78 l",
    "image": "https://www.jumbo.com/dam-images/fit-in/360x360/Products/05092025_1757037321186_1757037352999_670281_FLS_08711327670235_C1N1.png",
    "available": true,
    "promoUntil": null
  },
  {
    "id": "143047STK",
    "title": "Verstegen Italiaanse Kruiden 20 g",
    "category": "Wereldkeukens, kruiden, pasta en rijst",
    "price": 3.77,
    "promoPrice": null,
    "pricePerUnit": "188.5 kg",
    "image": "https://www.jumbo.com/dam-images/fit-in/360x360/Products/02122023_1701484029368_1701484035377_143047_STK_08712200596208_C1N1.png",
    "available": true,
    "promoUntil": null
  },
  {
    "id": "622864PAK",
    "title": "Ritter Sport Salted Caramel 100 g ",
    "category": "Koek, snoep, chocolade en chips",
    "price": 1.89,
    "promoPrice": null,
    "pricePerUnit": "18.9 kg",
    "image": "https://www.jumbo.com/dam-images/fit-in/360x360/Products/28072025_1753706036752_1753706044033_4000417271006_1.png",
    "available": true,
    "promoUntil": null
  },
  {
    "id": "510701POT",
    "title": "Verstegen World Spice Blend Cajun 34g",
    "category": "Wereldkeukens, kruiden, pasta en rijst",
    "price": 2.88,
    "promoPrice": null,
    "pricePerUnit": "84.71 kg",
    "image": "https://www.jumbo.com/dam-images/fit-in/360x360/Products/06022024_1707192526506_1707192534234_510701_POT_08712200098900_H1N1.png",
    "available": true,
    "promoUntil": null
  },
  {
    "id": "702096PAK",
    "title": "Salitos Original 6x330ML",
    "category": "Bier en wijn",
    "price": 6.99,
    "promoPrice": null,
    "pricePerUnit": "3.53 l",
    "image": "https://www.jumbo.com/dam-images/fit-in/360x360/Products/02062025_1748852694562_1748852711669_702096_PAK_04025127014491_C1N1.png",
    "available": true,
    "promoUntil": null
  },
  {
    "id": "238461STK",
    "title": "Verstegen World Spice Meal Omelet 63 g",
    "category": "Wereldkeukens, kruiden, pasta en rijst",
    "price": 3.99,
    "promoPrice": null,
    "pricePerUnit": "63.33 kg",
    "image": "https://www.jumbo.com/dam-images/fit-in/360x360/Products/12122024_1734014700287_1734014711627_87351699_1.png",
    "available": true,
    "promoUntil": null
  },
  {
    "id": "142968POT",
    "title": "Verstegen Mix Cajun 90 g",
    "category": "Wereldkeukens, kruiden, pasta en rijst",
    "price": 2.61,
    "promoPrice": null,
    "pricePerUnit": "29.0 kg",
    "image": "https://www.jumbo.com/dam-images/fit-in/360x360/Products/17092025_1758074304814_1758074311258_142968_POT_08712200572219_C1N1.png",
    "available": true,
    "promoUntil": null
  },
  {
    "id": "225918STK",
    "title": "Look-O-Look Eetpapier met 6 Tongtattoo's 40 g",
    "category": "Koek, snoep, chocolade en chips",
    "price": 2.47,
    "promoPrice": null,
    "pricePerUnit": "61.75 kg",
    "image": "https://www.jumbo.com/dam-images/fit-in/360x360/Products/07072025_1751902618305_1751902622178_8713600098842_1.png",
    "available": true,
    "promoUntil": null
  },
  {
    "id": "563060ZK",
    "title": "Leev Bio Yes Peas Roasted Chickpeas Sweet-Onion 90 g",
    "category": "Koek, snoep, chocolade en chips",
    "price": 3.26,
    "promoPrice": null,
    "pricePerUnit": "36.22 kg",
    "image": "https://www.jumbo.com/dam-images/fit-in/360x360/Products/14022024_1707872533481_1707872576980_8718215837718_1.png",
    "available": true,
    "promoUntil": null
  },
  {
    "id": "484591STK",
    "title": "Lutti Scoubidou 180 g",
    "category": "Koek, snoep, chocolade en chips",
    "price": 2.19,
    "promoPrice": null,
    "pricePerUnit": "12.17 kg",
    "image": "https://www.jumbo.com/dam-images/fit-in/360x360/Products/14022024_1707872590504_1707872603755_8716100455108_1.png",
    "available": true,
    "promoUntil": null
  },
  {
    "id": "542068BLK",
    "title": "To Ã˜l - #Dipa NEIPA - Blik - 440ML",
    "category": "Bier en wijn",
    "price": 4.59,
    "promoPrice": null,
    "pricePerUnit": "10.43 l",
    "image": "https://www.jumbo.com/dam-images/fit-in/360x360/Products/20092025_1758335009868_1758335011579_542068_BLK_05711474008113_C1N1.png",
    "available": true,
    "promoUntil": null
  },
  {
    "id": "492468FLS",
    "title": "Lambrusco - Bianco - 750 ML",
    "category": "Bier en wijn",
    "price": 2.59,
    "promoPrice": null,
    "pricePerUnit": "3.45 l",
    "image": "https://www.jumbo.com/dam-images/fit-in/360x360/Products/09082023_1691586975307_1691586980759_8003295007275_1.png",
    "available": true,
    "promoUntil": null
  },
  {
    "id": "162794FLS",
    "title": "Texels Jutters Bock Bier 300ML",
    "category": "Bier en wijn",
    "price": 1.89,
    "promoPrice": null,
    "pricePerUnit": "6.3 l",
    "image": "https://www.jumbo.com/dam-images/fit-in/360x360/Products/20092025_1758333302529_1758333304743_162794_FLS_08717903630044_C1N1.png",
    "available": true,
    "promoUntil": null
  },
  {
    "id": "158207DS",
    "title": "Toppits Diepvrieszakken 1 liter 40 stuks",
    "category": "Huishouden en dieren",
    "price": 2.86,
    "promoPrice": null,
    "pricePerUnit": "0.07 pieces",
    "image": "https://www.jumbo.com/dam-images/fit-in/360x360/Products/15092025_1757939586597_1757939592989_4008871208194_1.png",
    "available": true,
    "promoUntil": null
  },
  {
    "id": "270737STK",
    "title": "SchÃ¤r  Digestive Landtaler Glutenvrij 3 x 50 g",
    "category": "Koek, snoep, chocolade en chips",
    "price": 2.15,
    "promoPrice": null,
    "pricePerUnit": "14.33 kg",
    "image": "https://www.jumbo.com/dam-images/fit-in/360x360/Products/04092025_1756971208586_1756971215306_8008698012819_1.png",
    "available": true,
    "promoUntil": null
  },
  {
    "id": "614698PAK",
    "title": "NestlÃ© L'Atelier Witte chocoladereep cranberry & amandel",
    "category": "Koek, snoep, chocolade en chips",
    "price": 3.99,
    "promoPrice": null,
    "pricePerUnit": "26.6 kg",
    "image": "https://www.jumbo.com/dam-images/fit-in/360x360/Products/31072024_1722433096885_1722433102385_8445290898616_1.png",
    "available": true,
    "promoUntil": null
  },
  {
    "id": "558579POT",
    "title": "Verstegen Spicy Touch Blend Red Pepper 33 g",
    "category": "Wereldkeukens, kruiden, pasta en rijst",
    "price": 3.75,
    "promoPrice": null,
    "pricePerUnit": "113.64 kg",
    "image": "https://www.jumbo.com/dam-images/fit-in/360x360/Products/11062025_1749604418417_1749604423036_558579_POT_08712200109859_C1N1.png",
    "available": true,
    "promoUntil": null
  },
  {
    "id": "143009POT",
    "title": "Verstegen Venkelzaad Gemalen 30 g",
    "category": "Wereldkeukens, kruiden, pasta en rijst",
    "price": 2.96,
    "promoPrice": null,
    "pricePerUnit": "98.67 kg",
    "image": "https://www.jumbo.com/dam-images/fit-in/360x360/Products/11062025_1749607070705_1749607074676_143009_POT_08712200951304_C1N1.png",
    "available": true,
    "promoUntil": null
  },
  {
    "id": "218551PAK",
    "title": "Van de Boom Appel Vol van Smaak 1 L",
    "category": "Frisdrank en sappen",
    "price": 2.49,
    "promoPrice": null,
    "pricePerUnit": "2.49 l",
    "image": "https://www.jumbo.com/dam-images/fit-in/360x360/Products/28062025_1751074310132_1751074353847_218551_PAK_08713300079905_C1N1.png",
    "available": true,
    "promoUntil": null
  },
  {
    "id": "540374ZK",
    "title": "PurinaÂ® ONE Indoor Formula Rijk aan Kalkoen kattenvoer 1,5 kg",
    "category": "Huishouden en dieren",
    "price": 12.59,
    "promoPrice": null,
    "pricePerUnit": "8.39 kg",
    "image": "https://www.jumbo.com/dam-images/fit-in/360x360/Products/09082025_1754701873152_1754701916266_540374_ZK_07613035618831_C1N1_s04.png",
    "available": true,
    "promoUntil": null
  },
  {
    "id": "616926DS",
    "title": "NIVEA Voedende DagcrÃ¨me SPF30 - 50ml - Gezichtscreme - Met natuurlijke amandelolie  - Droge huid",
    "category": "Drogisterij en baby",
    "price": 13.99,
    "promoPrice": null,
    "pricePerUnit": "279.8 l",
    "image": "https://www.jumbo.com/dam-images/fit-in/360x360/Products/18082025_1755534796860_1755534800493_4005900738738_1.png",
    "available": true,
    "promoUntil": null
  },
  {
    "id": "616708PAK",
    "title": "Krit Crackers 300g",
    "category": "Koek, snoep, chocolade en chips",
    "price": 1.69,
    "promoPrice": null,
    "pricePerUnit": "5.63 kg",
    "image": "https://www.jumbo.com/dam-images/fit-in/360x360/Products/18062025_1750213097281_1750213120838_616708_PAK_08434165446588_C1N1.png",
    "available": true,
    "promoUntil": null
  },
  {
    "id": "569107ZK",
    "title": "Klene Puur Zoet 180g",
    "category": "Koek, snoep, chocolade en chips",
    "price": 2.96,
    "promoPrice": null,
    "pricePerUnit": "16.44 kg",
    "image": "https://www.jumbo.com/dam-images/fit-in/360x360/Products/03062024_1717414524273_1717414528234_8723400799153_1.png",
    "available": true,
    "promoUntil": null
  },
  {
    "id": "684403FLS",
    "title": "L'OrÃ©al Paris Elvive Extraordinary Oil Kokos Niet-Verzwarende Conditioner 200 ml",
    "category": "Drogisterij en baby",
    "price": 7.29,
    "promoPrice": null,
    "pricePerUnit": "36.45 l",
    "image": "https://www.jumbo.com/dam-images/fit-in/360x360/Products/09082023_1691591217274_1691591244852_3600523609536_1.png",
    "available": true,
    "promoUntil": null
  },
  {
    "id": "477888POT",
    "title": "Little Maryam Chef's Special Groentepuree met Rijst en Kip 6+ Maanden 190 g",
    "category": "Drogisterij en baby",
    "price": 1.89,
    "promoPrice": null,
    "pricePerUnit": "9.95 kg",
    "image": "https://www.jumbo.com/dam-images/fit-in/360x360/Products/05032024_1709649262106_1709649282037_8720299444430_1.png",
    "available": true,
    "promoUntil": null
  },
  {
    "id": "677598STK",
    "title": "Magic Springveer",
    "category": "Non-food en servicebalie",
    "price": 1.49,
    "promoPrice": null,
    "pricePerUnit": "1.49 pieces",
    "image": "",
    "available": true,
    "promoUntil": null
  },
  {
    "id": "562961FLS",
    "title": "Marcel's Green Soap universeel wasmiddel Perzik & Jasmijn - 23 Wasbeurten",
    "category": "Huishouden en dieren",
    "price": 10.79,
    "promoPrice": null,
    "pricePerUnit": "0.47 wb",
    "image": "https://www.jumbo.com/dam-images/fit-in/360x360/Products/05082025_1754358080459_1754358083135_562961_FLS_08719325558104_C1N1.png",
    "available": true,
    "promoUntil": null
  },
  {
    "id": "684980BUS",
    "title": "NIVEA Volume Care Styling Spray 250ml",
    "category": "Drogisterij en baby",
    "price": 7.29,
    "promoPrice": null,
    "pricePerUnit": "29.16 l",
    "image": "https://www.jumbo.com/dam-images/fit-in/360x360/Products/07032025_1741345780345_1741345781096_684980_BUS_04005900173843_C1N1.png",
    "available": true,
    "promoUntil": null
  },
  {
    "id": "226732STK",
    "title": "Rosewood Trio Sticks Medium 3 Stuks",
    "category": "Huishouden en dieren",
    "price": 3.19,
    "promoPrice": null,
    "pricePerUnit": "1.06 pieces",
    "image": "https://www.jumbo.com/dam-images/fit-in/360x360/Products/06062024_1717632135572_1717632140333_8712113458488_1.png",
    "available": true,
    "promoUntil": null
  },
  {
    "id": "555510FLS",
    "title": "Signature des Princes - CÃ´tes du RhÃ´ne Villages - ValrÃ©as - 750 ML",
    "category": "Bier en wijn",
    "price": 10.99,
    "promoPrice": null,
    "pricePerUnit": "14.65 l",
    "image": "https://www.jumbo.com/dam-images/fit-in/360x360/Products/29082023_1693319705434_1693319708391_3760170009360_1.png",
    "available": true,
    "promoUntil": null
  },
  {
    "id": "703294ZK",
    "title": "Old El Paso Wrap Tortilla Medium 8 Stuks",
    "category": "Wereldkeukens, kruiden, pasta en rijst",
    "price": 2.69,
    "promoPrice": null,
    "pricePerUnit": "8.25 kg",
    "image": "https://www.jumbo.com/dam-images/fit-in/360x360/Products/06082025_1754443146474_1754443153442_703294_ZK_08727200502005_C1N1.png",
    "available": true,
    "promoUntil": null
  },
  {
    "id": "626779STK",
    "title": "Organix Knijpfruit 6+m 2 Smaken Pakket 6 stuks",
    "category": "Drogisterij en baby",
    "price": 8.64,
    "promoPrice": null,
    "pricePerUnit": "None None",
    "image": "https://www.jumbo.com/dam-images/fit-in/360x360/Products/626779STK24ba7be33-0ee8-40ab-8ecf-a524d769ea0e-1714549803070.png",
    "available": true,
    "promoUntil": null
  },
  {
    "id": "675700DS",
    "title": "Philips Led Filament Kogel 25W E14",
    "category": "Non-food en servicebalie",
    "price": 7.69,
    "promoPrice": null,
    "pricePerUnit": "7.69 pieces",
    "image": "https://www.jumbo.com/dam-images/fit-in/360x360/Products/23092025_1758585661113_1758585667936_8718699665401_1.png",
    "available": true,
    "promoUntil": null
  },
  {
    "id": "520071ZK",
    "title": "Rosewood Steak Fillet Kip en Kabeljauw 100g",
    "category": "Huishouden en dieren",
    "price": 2.47,
    "promoPrice": null,
    "pricePerUnit": "24.7 kg",
    "image": "https://www.jumbo.com/dam-images/fit-in/360x360/Products/12072024_1720742488946_1720742494522_8712113532911_1.png",
    "available": true,
    "promoUntil": null
  },
  {
    "id": "703795FLS",
    "title": "Zwitsal Shampoo Baby 200 ml",
    "category": "Drogisterij en baby",
    "price": 4.29,
    "promoPrice": null,
    "pricePerUnit": "21.45 l",
    "image": "https://www.jumbo.com/dam-images/fit-in/360x360/Products/18092025_1758161620529_1758161647947_703795_FLS_08720181648748_H1N1.png",
    "available": true,
    "promoUntil": null
  },
  {
    "id": "569835DS",
    "title": "Olvarit Little Wonders kikkererwt knabbels 12+ maanden 15g",
    "category": "Drogisterij en baby",
    "price": 1.28,
    "promoPrice": null,
    "pricePerUnit": "64.0 kg",
    "image": "https://www.jumbo.com/dam-images/fit-in/360x360/Products/14082025_1755138485378_1755138504285_569835_DS_08712400119863_A1N1.png",
    "available": true,
    "promoUntil": null
  },
  {
    "id": "205302EM",
    "title": "Snack Mixes of The World Brazil Style Snack Mix Spicy & Samba 360 g",
    "category": "Koek, snoep, chocolade en chips",
    "price": 3.79,
    "promoPrice": null,
    "pricePerUnit": "10.53 kg",
    "image": "https://www.jumbo.com/dam-images/fit-in/360x360/Products/12122024_1734014500600_1734014517718_8711299015669_1.png",
    "available": true,
    "promoUntil": null
  },
  {
    "id": "672797PAK",
    "title": "Sultana FruitBiscuits Naturel 218 g",
    "category": "Koek, snoep, chocolade en chips",
    "price": 2.25,
    "promoPrice": null,
    "pricePerUnit": "10.32 kg",
    "image": "https://www.jumbo.com/dam-images/fit-in/360x360/Products/02072025_1751419747098_1751419753551_672797_PAK_08710412465046_H1N1.png",
    "available": true,
    "promoUntil": null
  },
  {
    "id": "647413FLS",
    "title": "The Gutsy Captain Kombucha Raspberry Lemonade 400 ml",
    "category": "Frisdrank en sappen",
    "price": 2.99,
    "promoPrice": null,
    "pricePerUnit": "7.48 l",
    "image": "https://www.jumbo.com/dam-images/fit-in/360x360/Products/29112024_1732847062433_1732847071781_647413_FLS_05600821267498_C1N1.png",
    "available": true,
    "promoUntil": null
  },
  {
    "id": "81397ZK",
    "title": "Libresse Extra Long Inlegkruisjes 22 Stuks",
    "category": "Drogisterij en baby",
    "price": 2.89,
    "promoPrice": null,
    "pricePerUnit": "0.13 pieces",
    "image": "https://www.jumbo.com/dam-images/fit-in/360x360/Products/31122024_1735615381587_1735615382896_81397_ZK_.png",
    "available": true,
    "promoUntil": null
  },
  {
    "id": "655167DS",
    "title": "Maza Bio Baba Ganoush",
    "category": "Vleeswaren, kaas en tapas",
    "price": 3.49,
    "promoPrice": null,
    "pricePerUnit": "19.94 kg",
    "image": "https://www.jumbo.com/dam-images/fit-in/360x360/Products/16052025_1747395208178_1747395237619_8714779008427_596.png",
    "available": true,
    "promoUntil": null
  },
  {
    "id": "433416FLS",
    "title": "Muifelbrouwerij - Broeder Everardus Tripel - Fles - 330ML",
    "category": "Bier en wijn",
    "price": 2.99,
    "promoPrice": null,
    "pricePerUnit": "9.06 l",
    "image": "https://www.jumbo.com/dam-images/fit-in/360x360/Products/20092025_1758332319177_1758332323248_433416_FLS_08718053091198_C1N1.png",
    "available": true,
    "promoUntil": null
  },
  {
    "id": "572675DS",
    "title": "Toppits Beeswax Wraps 2 Stuks",
    "category": "Huishouden en dieren",
    "price": 15.1,
    "promoPrice": null,
    "pricePerUnit": "7.55 pieces",
    "image": "https://www.jumbo.com/dam-images/fit-in/360x360/Products/14022024_1707872837105_1707872850331_4008871215697_1.png",
    "available": true,
    "promoUntil": null
  },
  {
    "id": "582108ZK",
    "title": "Klene Engelse Drop 1 x 270 g",
    "category": "Koek, snoep, chocolade en chips",
    "price": 2.96,
    "promoPrice": null,
    "pricePerUnit": "10.96 kg",
    "image": "https://www.jumbo.com/dam-images/fit-in/360x360/Products/07072025_1751902620529_1751902628171_8723400824756_1.png",
    "available": true,
    "promoUntil": null
  },
  {
    "id": "179067STK",
    "title": "Prevalin Allerstop cetirizine 10 mg tabletten bij hooikoorts, 7 stuks",
    "category": "Drogisterij en baby",
    "price": 6.29,
    "promoPrice": null,
    "pricePerUnit": "0.9 pieces",
    "image": "https://www.jumbo.com/dam-images/fit-in/360x360/Products/22082025_1755820922853_1755820927473_8710537043877_1.png",
    "available": true,
    "promoUntil": null
  },
  {
    "id": "700780POT",
    "title": "Syoss Power Hold Paste150 ML",
    "category": "Drogisterij en baby",
    "price": 8.49,
    "promoPrice": null,
    "pricePerUnit": "56.6 l",
    "image": "https://www.jumbo.com/dam-images/fit-in/360x360/Products/23052025_1748003729335_1748003734330_700780_POT_05410091775216_C1N1.png",
    "available": true,
    "promoUntil": null
  },
  {
    "id": "677635DS",
    "title": "Strepsils Strepfen Citroen en Honing zuigtabletten bij keelpijn 8,75 mg, 8 stuks ",
    "category": "Drogisterij en baby",
    "price": 3.99,
    "promoPrice": null,
    "pricePerUnit": "153.46 kg",
    "image": "https://www.jumbo.com/dam-images/fit-in/360x360/Products/23052025_1747958454726_1747958459849_8710552287218_1.png",
    "available": true,
    "promoUntil": null
  },
  {
    "id": "150330PAK",
    "title": "Vitakraft Beef Stick Hot Dog 30 g",
    "category": "Huishouden en dieren",
    "price": 2.79,
    "promoPrice": null,
    "pricePerUnit": "2.79 pieces",
    "image": "https://www.jumbo.com/dam-images/fit-in/360x360/Products/12042025_1744422357583_1744422359914_150330_PAK_.png",
    "available": true,
    "promoUntil": null
  },
  {
    "id": "679367PAK",
    "title": "Van de Boom troebele Groene IJsthee Perzik & Hibiscus 1,5L",
    "category": "Frisdrank en sappen",
    "price": 1.99,
    "promoPrice": null,
    "pricePerUnit": "1.33 l",
    "image": "https://www.jumbo.com/dam-images/fit-in/360x360/Products/14022025_1739539534906_1739539547352_8720157402923_596.png",
    "available": true,
    "promoUntil": null
  },
  {
    "id": "203702ZK",
    "title": "Verstegen Mix voor Kip Tandoori 20 g",
    "category": "Wereldkeukens, kruiden, pasta en rijst",
    "price": 1.48,
    "promoPrice": null,
    "pricePerUnit": "74.0 kg",
    "image": "https://www.jumbo.com/dam-images/fit-in/360x360/Products/20042024_1713579337371_1713579350153_203702_ZK_08712200981998_C1N1.png",
    "available": true,
    "promoUntil": null
  },
  {
    "id": "396486POT",
    "title": "Mentos Gum Vitamins Citrus Blend Suikervrij Pot 45 stuks ",
    "category": "Koek, snoep, chocolade en chips",
    "price": 4.94,
    "promoPrice": null,
    "pricePerUnit": "54.89 kg",
    "image": "https://www.jumbo.com/dam-images/fit-in/360x360/Products/07072025_1751902618482_1751902623884_80857273_1.png",
    "available": true,
    "promoUntil": null
  },
  {
    "id": "516942FLS",
    "title": "Mezzacorona Insieme - Teroldego - Merlot - 750ML",
    "category": "Bier en wijn",
    "price": 9.99,
    "promoPrice": null,
    "pricePerUnit": "13.32 l",
    "image": "https://www.jumbo.com/dam-images/fit-in/360x360/Products/516942_8004305004383_1_T1_516942FLS1691135859545.png",
    "available": true,
    "promoUntil": null
  },
  {
    "id": "555477DS",
    "title": "Montaignan - Grenache RosÃ© - Box 2,25 L",
    "category": "Bier en wijn",
    "price": 16.49,
    "promoPrice": null,
    "pricePerUnit": "7.33 l",
    "image": "https://www.jumbo.com/dam-images/fit-in/360x360/Products/09082023_1691596459717_1691596470155_3700619346991_1.png",
    "available": true,
    "promoUntil": null
  },
  {
    "id": "685516BLK",
    "title": "Smirnoff Ice Black Guarana 250ML",
    "category": "Bier en wijn",
    "price": 2.29,
    "promoPrice": null,
    "pricePerUnit": "9.16 l",
    "image": "https://www.jumbo.com/dam-images/fit-in/360x360/Products/25032025_1742871113740_1742871116247_685516_BLK_05410316961363_C1N1.png",
    "available": true,
    "promoUntil": null
  },
  {
    "id": "677581ZK",
    "title": "Pampers Premium Protection Maat 5, 22 Luiers",
    "category": "Drogisterij en baby",
    "price": 14.49,
    "promoPrice": null,
    "pricePerUnit": "0.66 pieces",
    "image": "https://www.jumbo.com/dam-images/fit-in/360x360/Products/14082025_1755196422959_1755196429074_8700216664479_1.png",
    "available": true,
    "promoUntil": null
  },
  {
    "id": "707582DSL",
    "title": "Neutral Shampoo Normaal  - 6 x 250ml",
    "category": "Drogisterij en baby",
    "price": 31.74,
    "promoPrice": null,
    "pricePerUnit": "21.16 l",
    "image": "https://www.jumbo.com/dam-images/fit-in/360x360/Products/12122024_1734014939245_1734014943488_8717163880463_1.png",
    "available": true,
    "promoUntil": null
  },
  {
    "id": "537954DSL",
    "title": "Neutral 0% Showergel Parfumvrije 250 ml x 6",
    "category": "Drogisterij en baby",
    "price": 34.74,
    "promoPrice": 24.31,
    "pricePerUnit": "16.21 l",
    "image": "https://www.jumbo.com/dam-images/fit-in/360x360/Products/23012024_1706016845502_1706016859431_8720181330025_1.png",
    "available": true,
    "promoUntil": "di 7 okt"
  },
  {
    "id": "584599BLK",
    "title": "Uiltje - NEIPA - Gele Rakker - Blik - 330ML",
    "category": "Bier en wijn",
    "price": 2.79,
    "promoPrice": null,
    "pricePerUnit": "8.45 l",
    "image": "https://www.jumbo.com/dam-images/fit-in/360x360/Products/01022025_1738383880609_1738383886125_584599_BLK_08720828308943_C1N1.png",
    "available": true,
    "promoUntil": null
  },
  {
    "id": "407546STK",
    "title": "Olvarit Maaltijdpotjes 15+ Maanden 4 x 250g",
    "category": "Drogisterij en baby",
    "price": 6.92,
    "promoPrice": null,
    "pricePerUnit": "None None",
    "image": "https://www.jumbo.com/dam-images/fit-in/360x360/Products/407546STK2e98ea981-d05f-45c1-a42f-65c68de2e204-1727872176689.png",
    "available": true,
    "promoUntil": null
  },
  {
    "id": "586432STK",
    "title": "Olvarit Up! Erwten Knabbels 15+ maanden - bundel 4x20g",
    "category": "Drogisterij en baby",
    "price": 5.12,
    "promoPrice": null,
    "pricePerUnit": "None None",
    "image": "https://www.jumbo.com/dam-images/fit-in/360x360/Products/586432STK1c19a1296-f20f-4729-93d9-db703eb4528a-1692274732683.png",
    "available": true,
    "promoUntil": null
  },
  {
    "id": "479207DS",
    "title": "NestlÃ© PyjamaPapjeÂ® Vanillesmaak 6+ maanden baby pap 3 x 250 ml",
    "category": "Drogisterij en baby",
    "price": 3.09,
    "promoPrice": null,
    "pricePerUnit": "3.89 kg",
    "image": "https://www.jumbo.com/dam-images/fit-in/360x360/Products/14092024_1726276253340_1726276256997_479207_DS_07613287838636_C1N1.png",
    "available": true,
    "promoUntil": null
  },
  {
    "id": "607436ZK",
    "title": "P.A.N.Â VoorgekookteÂ GeleÂ MaÃ¯sÂ MeelÂ 1Â kg",
    "category": "Wereldkeukens, kruiden, pasta en rijst",
    "price": 3.16,
    "promoPrice": null,
    "pricePerUnit": "3.16 kg",
    "image": "https://www.jumbo.com/dam-images/fit-in/360x360/Products/12122024_1734014541575_1734014546632_739907002069_1.png",
    "available": true,
    "promoUntil": null
  },
  {
    "id": "479978FK",
    "title": "Schwarzkopf Shampoo Anti-Roos 400 ML",
    "category": "Drogisterij en baby",
    "price": 3.59,
    "promoPrice": null,
    "pricePerUnit": "8.98 l",
    "image": "https://www.jumbo.com/dam-images/fit-in/360x360/Products/09082023_1691588978849_1691588982822_5410091763909_1.png",
    "available": true,
    "promoUntil": null
  },
  {
    "id": "633884ZK",
    "title": "Stoofpot met Zoete Aardappel en Linzen",
    "category": "Drogisterij en baby",
    "price": 1.73,
    "promoPrice": null,
    "pricePerUnit": "6.92 kg",
    "image": "https://www.jumbo.com/dam-images/fit-in/360x360/Products/23092025_1758598842697_1758598847823_633884_ZK_.png",
    "available": true,
    "promoUntil": null
  },
  {
    "id": "645288ZK",
    "title": "Tena Silhouette Hoge Taille Broekje CrÃ¨me Maat M 36-44 Plus 9 Stuks",
    "category": "Drogisterij en baby",
    "price": 10.99,
    "promoPrice": null,
    "pricePerUnit": "1.22 pieces",
    "image": "https://www.jumbo.com/dam-images/fit-in/360x360/Products/12082024_1723446766861_1723446770808_645288_ZK_.png",
    "available": true,
    "promoUntil": null
  },
  {
    "id": "544041DS",
    "title": "PURINAÂ® Gourmet Perle Kattenvoer Land Duo 12 x 85 g",
    "category": "Huishouden en dieren",
    "price": 8.79,
    "promoPrice": null,
    "pricePerUnit": "8.62 kg",
    "image": "https://www.jumbo.com/dam-images/fit-in/360x360/Products/04042025_1743730062106_1743730088523_544041_DS_08445290637659_C1N1_s01.png",
    "available": true,
    "promoUntil": null
  },
  {
    "id": "558585POT",
    "title": "Verstegen Mix voor Schnitzel Krokant 110 g",
    "category": "Wereldkeukens, kruiden, pasta en rijst",
    "price": 2.99,
    "promoPrice": null,
    "pricePerUnit": "27.18 kg",
    "image": "https://www.jumbo.com/dam-images/fit-in/360x360/Products/26022025_1740535968342_1740535974400_558585_POT_08712200109347_C1N1.png",
    "available": true,
    "promoUntil": null
  },
  {
    "id": "578988FLS",
    "title": "Sir James 101 - Spritz - 0.0% Alcoholvrij - 250ML",
    "category": "Bier en wijn",
    "price": 1.99,
    "promoPrice": null,
    "pricePerUnit": "7.96 l",
    "image": "https://www.jumbo.com/dam-images/fit-in/360x360/Products/15032024_1710472664806_1710472668408_578988_FLS_08717953274762_C1N1.png",
    "available": true,
    "promoUntil": null
  },
  {
    "id": "547753ZK",
    "title": "TENA Men Active Fit Pants Large 8 Stuks",
    "category": "Drogisterij en baby",
    "price": 10.99,
    "promoPrice": null,
    "pricePerUnit": "1.37 pieces",
    "image": "https://www.jumbo.com/dam-images/fit-in/360x360/Products/10092023_1694310430501_1694310432440_547753_ZK_.png",
    "available": true,
    "promoUntil": null
  },
  {
    "id": "96271FLS",
    "title": "Tussock Jumper - Chardonnay - 750ML",
    "category": "Bier en wijn",
    "price": 5.49,
    "promoPrice": null,
    "pricePerUnit": "7.32 l",
    "image": "https://www.jumbo.com/dam-images/fit-in/360x360/Products/01072025_1751383989799_1751383992258_3760204540166_1.png",
    "available": true,
    "promoUntil": null
  },
  {
    "id": "691499PAK",
    "title": "Milka Salted Almond Caramel Chocolade Tablet 190g",
    "category": "Koek, snoep, chocolade en chips",
    "price": 3.79,
    "promoPrice": null,
    "pricePerUnit": "19.95 kg",
    "image": "https://www.jumbo.com/dam-images/fit-in/360x360/Products/11092025_1757553834117_1757553840200_691499_PAK_07622202296239_C1N1_s02.png",
    "available": true,
    "promoUntil": null
  },
  {
    "id": "474232BUS",
    "title": "Rexona Women Advanced Protection Anti-Transpirant Spray AloÃ« Vera 150 ml",
    "category": "Drogisterij en baby",
    "price": 5.99,
    "promoPrice": null,
    "pricePerUnit": "39.93 l",
    "image": "https://www.jumbo.com/dam-images/fit-in/360x360/Products/24092025_1758679635090_1758679653944_474232_BUS_08720181183799_H1N1.png",
    "available": true,
    "promoUntil": null
  },
  {
    "id": "570546STK",
    "title": "Weihenstephaner - Hefeweissbier Alcoholvrij 0.5% - Fles - 6 x 500ML",
    "category": "Bier en wijn",
    "price": 10.14,
    "promoPrice": null,
    "pricePerUnit": "None None",
    "image": "https://www.jumbo.com/dam-images/fit-in/360x360/Products/570546_20222338_1_T1_570546STK1691077421198.png",
    "available": true,
    "promoUntil": null
  },
  {
    "id": "570098ZK",
    "title": "Willy Nacho Tortilla Chips Nacho Cheese 200 g",
    "category": "Wereldkeukens, kruiden, pasta en rijst",
    "price": 1.79,
    "promoPrice": null,
    "pricePerUnit": "8.95 kg",
    "image": "https://www.jumbo.com/dam-images/fit-in/360x360/Products/14022024_1707872892843_1707872907286_8719324820141_1.png",
    "available": true,
    "promoUntil": null
  },
  {
    "id": "69753FLS",
    "title": "Koh Thai Vissaus 150 ml",
    "category": "Wereldkeukens, kruiden, pasta en rijst",
    "price": 2.19,
    "promoPrice": null,
    "pricePerUnit": "14.6 l",
    "image": "https://www.jumbo.com/dam-images/fit-in/360x360/Products/09082023_1691581020479_1691581024833_8717662260940_1.png",
    "available": true,
    "promoUntil": null
  },
  {
    "id": "706813DS",
    "title": "MILKA Favourites Praline Chocoladereep - Mini 141g",
    "category": "Koek, snoep, chocolade en chips",
    "price": 4.95,
    "promoPrice": null,
    "pricePerUnit": "35.11 kg",
    "image": "https://www.jumbo.com/dam-images/fit-in/360x360/Products/06082025_1754442460145_1754442539357_706813_DS_07622202304903_H1N1_s01.png",
    "available": true,
    "promoUntil": null
  },
  {
    "id": "438270FLS",
    "title": "Mezzacorona - Merlot - 375ML",
    "category": "Bier en wijn",
    "price": 4.49,
    "promoPrice": null,
    "pricePerUnit": "11.97 l",
    "image": "https://www.jumbo.com/dam-images/fit-in/360x360/Products/24022024_1708742842651_1708742844234_438270_FLS_08004305000811_C1N1.png",
    "available": true,
    "promoUntil": null
  },
  {
    "id": "112699PAK",
    "title": "Tena Discreet Ultra Mini Inlegkruisjes 28 Stuks",
    "category": "Drogisterij en baby",
    "price": 4.69,
    "promoPrice": null,
    "pricePerUnit": "0.17 pieces",
    "image": "https://www.jumbo.com/dam-images/fit-in/360x360/Products/30072025_1753839277449_1753839280979_112699_PAK_07310791247649_C1N1.png",
    "available": true,
    "promoUntil": null
  },
  {
    "id": "684984TUB",
    "title": "Nivea Styling Gel Extra Strong 150 ml",
    "category": "Drogisterij en baby",
    "price": 5.99,
    "promoPrice": null,
    "pricePerUnit": "39.93 l",
    "image": "https://www.jumbo.com/dam-images/fit-in/360x360/Products/07062025_1749260234650_1749260235477_684984_TUB_04005900173935_C1N1.png",
    "available": true,
    "promoUntil": null
  },
  {
    "id": "647135ZK",
    "title": "Proper Sea Salted 70g",
    "category": "Koek, snoep, chocolade en chips",
    "price": 2.39,
    "promoPrice": null,
    "pricePerUnit": "34.14 kg",
    "image": "https://www.jumbo.com/dam-images/fit-in/360x360/Products/23082024_1724406742309_1724406746148_647135_ZK_05060283760041_C1N1.png",
    "available": true,
    "promoUntil": null
  },
  {
    "id": "492701FLS",
    "title": "Schweppes Alcoholvrije Drank Mojito met Smaak van Limoen- en Munt 1 L",
    "category": "Frisdrank en sappen",
    "price": 2.29,
    "promoPrice": null,
    "pricePerUnit": "2.29 l",
    "image": "https://www.jumbo.com/dam-images/fit-in/360x360/Products/25072025_1753408413581_1753408421566_492701_FLS_05410221309021_C1N1.png",
    "available": true,
    "promoUntil": null
  },
  {
    "id": "618598FLS",
    "title": "Marcel's Green Soap Sandalwood Cardamom Allesreiniger 750 ml",
    "category": "Huishouden en dieren",
    "price": 3.49,
    "promoPrice": null,
    "pricePerUnit": "4.65 l",
    "image": "https://www.jumbo.com/dam-images/fit-in/360x360/Products/31102024_1730345481144_1730345486158_618598_FLS_08719189416022_C1N1.png",
    "available": true,
    "promoUntil": null
  },
  {
    "id": "596008ZK",
    "title": "Snackgold Gourmet Potato Crisps Black Truffle Flavour 125 g",
    "category": "Vleeswaren, kaas en tapas",
    "price": 2.99,
    "promoPrice": null,
    "pricePerUnit": "23.92 kg",
    "image": "https://www.jumbo.com/dam-images/fit-in/360x360/Products/12122024_1734014783879_1734014791104_8414139005003_1.png",
    "available": true,
    "promoUntil": null
  },
  {
    "id": "474188BUS",
    "title": "Rexona Women Advanced Protection Anti-Transpirant Spray Shower Fresh 150 ml",
    "category": "Drogisterij en baby",
    "price": 5.99,
    "promoPrice": null,
    "pricePerUnit": "39.93 l",
    "image": "https://www.jumbo.com/dam-images/fit-in/360x360/Products/24092025_1758676918689_1758676957103_474188_BUS_08720181183768_H1N1.png",
    "available": true,
    "promoUntil": null
  },
  {
    "id": "675422TRA",
    "title": "Verdino Plant-Based Pepperoni 80 g",
    "category": "Vleeswaren, kaas en tapas",
    "price": 2.99,
    "promoPrice": null,
    "pricePerUnit": "37.38 kg",
    "image": "https://www.jumbo.com/dam-images/fit-in/360x360/Products/12052025_1747011963023_1747011972387_675422_TRA_05941866617474_C1N1.png",
    "available": true,
    "promoUntil": null
  },
  {
    "id": "232683DS",
    "title": "Verkade Karamel Zeezout 135 g",
    "category": "Koek, snoep, chocolade en chips",
    "price": 4.99,
    "promoPrice": null,
    "pricePerUnit": "36.96 kg",
    "image": "https://www.jumbo.com/dam-images/fit-in/360x360/Products/15072025_1752542068691_1752542075542_232683_DS_08710412040595_H1N1.png",
    "available": true,
    "promoUntil": null
  },
  {
    "id": "678626ZK",
    "title": "Pampers Night Pants Maat 6, 30 luierbroekjes",
    "category": "Drogisterij en baby",
    "price": 24.99,
    "promoPrice": null,
    "pricePerUnit": "0.83 pieces",
    "image": "https://www.jumbo.com/dam-images/fit-in/360x360/Products/14082025_1755192783419_1755192787931_8700216669757_1.png",
    "available": true,
    "promoUntil": null
  },
  {
    "id": "650159DS",
    "title": "Wilhelmina Mints Pepermunt Suikervrij 2x30g",
    "category": "Koek, snoep, chocolade en chips",
    "price": 2.96,
    "promoPrice": null,
    "pricePerUnit": "49.33 kg",
    "image": "https://www.jumbo.com/dam-images/fit-in/360x360/Products/13092024_1726211569543_1726211585102_650159_DS_08710559000247_C1N1.png",
    "available": true,
    "promoUntil": null
  },
  {
    "id": "169182PAK",
    "title": "Zentis Marsepein Aardappeltjes 200g",
    "category": "Koek, snoep, chocolade en chips",
    "price": 2.69,
    "promoPrice": null,
    "pricePerUnit": "13.45 kg",
    "image": "https://www.jumbo.com/dam-images/fit-in/360x360/Products/09082023_1691587083831_1691587102347_4002575563924_1.png",
    "available": true,
    "promoUntil": null
  },
  {
    "id": "523334FLS",
    "title": "innocent super smoothie orange defence 300ml",
    "category": "Frisdrank en sappen",
    "price": 2.79,
    "promoPrice": null,
    "pricePerUnit": "9.3 l",
    "image": "https://www.jumbo.com/dam-images/fit-in/360x360/Products/11042025_1744360406085_1744360410286_5038862239288_1.png",
    "available": true,
    "promoUntil": null
  },
  {
    "id": "646185POT",
    "title": "Polli Pesto alla Genovese 190 g ",
    "category": "Wereldkeukens, kruiden, pasta en rijst",
    "price": 2.99,
    "promoPrice": null,
    "pricePerUnit": "15.74 kg",
    "image": "https://www.jumbo.com/dam-images/fit-in/360x360/Products/06022025_1738830825858_1738830833692_8001310810626_1.png",
    "available": true,
    "promoUntil": null
  },
  {
    "id": "579835PAK",
    "title": "Jumbo Zachte Schuursponsen 3 Stuks",
    "category": "Huishouden en dieren",
    "price": 0.99,
    "promoPrice": null,
    "pricePerUnit": "0.33 pieces",
    "image": "https://www.jumbo.com/dam-images/fit-in/360x360/Products/14052025_1747215231501_1747215239564_8718452699964_1.png",
    "available": false,
    "promoUntil": null
  },
  {
    "id": "699175ZK",
    "title": "Kettle Jalapeno Chips 130g",
    "category": "Koek, snoep, chocolade en chips",
    "price": 2.69,
    "promoPrice": null,
    "pricePerUnit": "20.69 kg",
    "image": "https://www.jumbo.com/dam-images/fit-in/360x360/Products/15052025_1747309662301_1747309668926_699175_ZK_08718781204174_C1N1.png",
    "available": true,
    "promoUntil": null
  },
  {
    "id": "674631BLK",
    "title": "Monster Rio Punch 500 ml",
    "category": "Frisdrank en sappen",
    "price": 2.29,
    "promoPrice": null,
    "pricePerUnit": "4.58 l",
    "image": "https://www.jumbo.com/dam-images/fit-in/360x360/Products/05022025_1738725123060_1738725134610_674631_BLK_05056784903001_H1N1.png",
    "available": true,
    "promoUntil": null
  },
  {
    "id": "710638PAK",
    "title": "NESTLE KITKAT Chocolade 6-pack 249g",
    "category": "Koek, snoep, chocolade en chips",
    "price": 3.99,
    "promoPrice": null,
    "pricePerUnit": "16.02 kg",
    "image": "https://www.jumbo.com/dam-images/fit-in/360x360/Products/22092025_1758503091478_1758503099943_710638_PAK_07613035365896_H1N1_s01.png",
    "available": true,
    "promoUntil": null
  },
  {
    "id": "663452BLK",
    "title": "PerfectTed Matcha Energy Pear Ginger 250ML",
    "category": "Frisdrank en sappen",
    "price": 1.69,
    "promoPrice": null,
    "pricePerUnit": "6.76 l",
    "image": "https://www.jumbo.com/dam-images/fit-in/360x360/Products/05060941970294A1N171a372ec-fda7-4c22-b470-22182ce822e6-1748948930913.png",
    "available": true,
    "promoUntil": null
  },
  {
    "id": "553882DS",
    "title": "Ricola Original suikervrij doosje 50 g",
    "category": "Koek, snoep, chocolade en chips",
    "price": 1.99,
    "promoPrice": null,
    "pricePerUnit": "39.8 kg",
    "image": "https://www.jumbo.com/dam-images/fit-in/360x360/Products/09072024_1720491924636_1720491932913_553882_DS_07610700015964_H1N1.png",
    "available": true,
    "promoUntil": null
  },
  {
    "id": "669749FLS",
    "title": "Slimpie Ice Tea Perzik Smaak Siroop 300 ml",
    "category": "Frisdrank en sappen",
    "price": 1.99,
    "promoPrice": null,
    "pricePerUnit": "6.63 l",
    "image": "https://www.jumbo.com/dam-images/fit-in/360x360/Products/23042025_1745376969385_1745376979134_669749_FLS_08719214811549_C1N1.png",
    "available": true,
    "promoUntil": null
  },
  {
    "id": "14188STK",
    "title": "Tigerbalsem Rood spierpijnverlichting 19 g",
    "category": "Drogisterij en baby",
    "price": 9.49,
    "promoPrice": null,
    "pricePerUnit": "499.47 kg",
    "image": "https://www.jumbo.com/dam-images/fit-in/360x360/Products/24092025_1758672133694_1758672148096_8888650404056_1.png",
    "available": true,
    "promoUntil": null
  },
  {
    "id": "674210STK",
    "title": "Tomaat met Jumbo's Chili Knoflook Smaak Olie",
    "category": "Aardappelen, groente en fruit",
    "price": 4.68,
    "promoPrice": null,
    "pricePerUnit": "None None",
    "image": "https://www.jumbo.com/dam-images/fit-in/360x360/Products/SmaakmakersDigitalewinkelkaarten03Chiliknoflookolie9d1c8c86-fe4e-458b-951e-68a42a00cc0c-1738326006890.png",
    "available": true,
    "promoUntil": null
  },
  {
    "id": "177889STK",
    "title": "Microlax Oplossing (laxeermiddel), 4 stuks ",
    "category": "Drogisterij en baby",
    "price": 8.29,
    "promoPrice": null,
    "pricePerUnit": "2.07 pieces",
    "image": "https://www.jumbo.com/dam-images/fit-in/360x360/Products/24092025_1758672107024_1758672112339_3574661442747_1.png",
    "available": true,
    "promoUntil": null
  },
  {
    "id": "541852DS",
    "title": "NIVEA Q10 POWER Anti-Rimpel DagcrÃ¨me - Alle huidtypen - SPF 30 - Met huididentiek Q10 en creatine - Verstevigt en beschermt - 50 ml",
    "category": "Drogisterij en baby",
    "price": 25.49,
    "promoPrice": null,
    "pricePerUnit": "509.8 l",
    "image": "https://www.jumbo.com/dam-images/fit-in/360x360/Products/20052025_1747744434575_1747744469140_4005900192479_596.png",
    "available": true,
    "promoUntil": null
  },
  {
    "id": "675875PAK",
    "title": "Ola Guuud IJs Greek Style Yoghurt Raspberry 3 x 70 ml",
    "category": "Diepvries",
    "price": 3.49,
    "promoPrice": null,
    "pricePerUnit": "16.62 l",
    "image": "https://www.jumbo.com/dam-images/fit-in/360x360/Products/14052025_1747184935660_1747184985815_675875_PAK_08711327635104_H1N1.png",
    "available": true,
    "promoUntil": null
  },
  {
    "id": "705071DS",
    "title": "Parodontax Ultra Clean Tandpasta 75 ML",
    "category": "Drogisterij en baby",
    "price": 5.85,
    "promoPrice": null,
    "pricePerUnit": "78.0 l",
    "image": "https://www.jumbo.com/dam-images/fit-in/360x360/Products/16062025_1750072471867_1750072474807_705071_DS_05054563265609_C1N1.png",
    "available": true,
    "promoUntil": null
  },
  {
    "id": "472650DS",
    "title": "Nestocyl 3-in-1 Wondgel",
    "category": "Drogisterij en baby",
    "price": 13.99,
    "promoPrice": null,
    "pricePerUnit": "186.53 l",
    "image": "https://www.jumbo.com/dam-images/fit-in/360x360/Products/24092025_1758672132904_1758672136448_8714319929120_1.png",
    "available": true,
    "promoUntil": null
  },
  {
    "id": "432742FLS",
    "title": "Nivea Men Energy Shower Gel 250ml",
    "category": "Drogisterij en baby",
    "price": 5.49,
    "promoPrice": null,
    "pricePerUnit": "21.96 l",
    "image": "https://www.jumbo.com/dam-images/fit-in/360x360/Products/23092025_1758592608505_1758592613125_432742_FLS_04005808130115_C1N1.png",
    "available": true,
    "promoUntil": null
  },
  {
    "id": "686948DS",
    "title": "O.B. Original Super 16 Stuks",
    "category": "Drogisterij en baby",
    "price": 2.19,
    "promoPrice": null,
    "pricePerUnit": "0.14 pieces",
    "image": "https://www.jumbo.com/dam-images/fit-in/360x360/Products/17032025_1742224139872_1742224141858_686948_DS_03574661350141_C1N1.png",
    "available": true,
    "promoUntil": null
  },
  {
    "id": "143063POT",
    "title": "Verstegen Anijszaad Gemalen 33 g",
    "category": "Wereldkeukens, kruiden, pasta en rijst",
    "price": 3.55,
    "promoPrice": null,
    "pricePerUnit": "107.58 kg",
    "image": "https://www.jumbo.com/dam-images/fit-in/360x360/Products/30082024_1724981183491_1724981190448_143063_POT_08712200060587_C1N1.png",
    "available": true,
    "promoUntil": null
  },
  {
    "id": "705072DS",
    "title": "Parodontax Complete Protection Extra Fresh Tandpasta 75 ML",
    "category": "Drogisterij en baby",
    "price": 7.29,
    "promoPrice": null,
    "pricePerUnit": "97.2 l",
    "image": "https://www.jumbo.com/dam-images/fit-in/360x360/Products/16062025_1750072477743_1750072479529_705072_DS_05054563262912_C1N1.png",
    "available": true,
    "promoUntil": null
  },
  {
    "id": "654141POT",
    "title": "Tonijnsalade 250g",
    "category": "Vleeswaren, kaas en tapas",
    "price": 4.99,
    "promoPrice": null,
    "pricePerUnit": "19.96 kg",
    "image": "https://www.jumbo.com/dam-images/fit-in/360x360/Products/Tonijnsalade6x250gJumboacda5ca0-3cd0-4e41-8c69-20bb1b922e85-1749811110508.png",
    "available": true,
    "promoUntil": null
  },
  {
    "id": "496411STK",
    "title": "Rennie Anijs Kauwtablet bij brandend maagzuur, 24 stuks",
    "category": "Drogisterij en baby",
    "price": 4.39,
    "promoPrice": null,
    "pricePerUnit": "0.18 pieces",
    "image": "https://www.jumbo.com/dam-images/fit-in/360x360/Products/24092025_1758672133557_1758672140891_8713091022197_1.png",
    "available": true,
    "promoUntil": null
  },
  {
    "id": "607296DS",
    "title": "Milka IJshoorntjes 4 Stuks",
    "category": "Diepvries",
    "price": 4.49,
    "promoPrice": null,
    "pricePerUnit": "11.23 l",
    "image": "https://www.jumbo.com/dam-images/fit-in/360x360/Products/24012024_1706065253176_1706065262301_607296_DS_.png",
    "available": true,
    "promoUntil": null
  },
  {
    "id": "52414PAK",
    "title": "Saitaku Mirin Sweet Rice Wine for Cooking 150 ml",
    "category": "Wereldkeukens, kruiden, pasta en rijst",
    "price": 3.65,
    "promoPrice": null,
    "pricePerUnit": "24.33 l",
    "image": "https://www.jumbo.com/dam-images/fit-in/360x360/Products/28082024_1724811972803_1724811975601_52414_PAK_05060194790397_C1N1.png",
    "available": true,
    "promoUntil": null
  },
  {
    "id": "604319FLS",
    "title": "Tre Filari - Primitivo - RosÃ© - 750ML",
    "category": "Bier en wijn",
    "price": 9.99,
    "promoPrice": null,
    "pricePerUnit": "13.32 l",
    "image": "https://www.jumbo.com/dam-images/fit-in/360x360/Products/16042024_1713274452021_1713274455969_8032636603210_1.png",
    "available": true,
    "promoUntil": null
  },
  {
    "id": "23813STK",
    "title": "Vitakraft Beef Stick Original Rund 12 g",
    "category": "Huishouden en dieren",
    "price": 0.81,
    "promoPrice": null,
    "pricePerUnit": "67.5 kg",
    "image": "https://www.jumbo.com/dam-images/fit-in/360x360/Products/12042025_1744421101131_1744421102745_23813_STK_.png",
    "available": true,
    "promoUntil": null
  },
  {
    "id": "677607ZK",
    "title": "Pampers Harmonie Luiers Maat 2, 30 Luiers",
    "category": "Drogisterij en baby",
    "price": 14.99,
    "promoPrice": null,
    "pricePerUnit": "0.5 pieces",
    "image": "https://www.jumbo.com/dam-images/fit-in/360x360/Products/14082025_1755196421688_1755196430112_8700216668477_1.png",
    "available": true,
    "promoUntil": null
  },
  {
    "id": "710949FLS",
    "title": "Mutti Passata la Rossa 700ml",
    "category": "Wereldkeukens, kruiden, pasta en rijst",
    "price": 2.99,
    "promoPrice": null,
    "pricePerUnit": "4.27 kg",
    "image": "https://www.jumbo.com/dam-images/fit-in/360x360/Products/24072025_1753320180762_1753320187647_710949_FLS_00000080042563_C1N1.png",
    "available": true,
    "promoUntil": null
  },
  {
    "id": "680570ZK",
    "title": "Nerds Gummy Clusters Berries 113g",
    "category": "Wereldkeukens, kruiden, pasta en rijst",
    "price": 3.49,
    "promoPrice": null,
    "pricePerUnit": "30.88 kg",
    "image": "https://www.jumbo.com/dam-images/fit-in/360x360/Products/18022025_1739888767677_1739888774650_680570_ZK_01230000131049_C1N1.png",
    "available": true,
    "promoUntil": null
  },
  {
    "id": "682997ZK",
    "title": "Whiskas Dental Treats Kattensnacks met Kip 40 g",
    "category": "Huishouden en dieren",
    "price": 2.34,
    "promoPrice": null,
    "pricePerUnit": "58.5 kg",
    "image": "https://www.jumbo.com/dam-images/fit-in/360x360/Products/26032025_1743003191461_1743003208590_5998749146156_596.png",
    "available": true,
    "promoUntil": null
  },
  {
    "id": "141041FLS",
    "title": "Vaseline Intensive Care Bodylotion Advanced Repair 200 ml",
    "category": "Drogisterij en baby",
    "price": 7.79,
    "promoPrice": null,
    "pricePerUnit": "38.95 l",
    "image": "https://www.jumbo.com/dam-images/fit-in/360x360/Products/20082025_1755658658487_1755658686558_141041_FLS_08712561478762_C1N1.png",
    "available": true,
    "promoUntil": null
  },
  {
    "id": "695636BLK",
    "title": "Nocco Grand Sour 250ML",
    "category": "Frisdrank en sappen",
    "price": 1.79,
    "promoPrice": null,
    "pricePerUnit": "7.16 l",
    "image": "https://www.jumbo.com/dam-images/fit-in/360x360/Products/28042025_1745831434475_1745831444327_695636_BLK_07340131605648_C1N1.png",
    "available": true,
    "promoUntil": null
  },
  {
    "id": "143183POT",
    "title": "Verstegen Mix voor Speklapjes 70 g",
    "category": "Wereldkeukens, kruiden, pasta en rijst",
    "price": 2.96,
    "promoPrice": null,
    "pricePerUnit": "42.29 kg",
    "image": "https://www.jumbo.com/dam-images/fit-in/360x360/Products/17092025_1758073481578_1758073487817_143183_POT_08712200573414_C1N1.png",
    "available": true,
    "promoUntil": null
  },
  {
    "id": "649152STK",
    "title": "Pop Ups! Lollipop 3 x 10 g",
    "category": "Koek, snoep, chocolade en chips",
    "price": 2.99,
    "promoPrice": null,
    "pricePerUnit": "99.67 kg",
    "image": "https://www.jumbo.com/dam-images/fit-in/360x360/Products/11062025_1749604767486_1749604780811_649152_STK_08714786311367_C1N1.png",
    "available": true,
    "promoUntil": null
  },
  {
    "id": "664458ZK",
    "title": "Red Band Fizzy Mix Zacht Zoet Zuur 215 g",
    "category": "Koek, snoep, chocolade en chips",
    "price": 2.56,
    "promoPrice": null,
    "pricePerUnit": "11.91 kg",
    "image": "https://www.jumbo.com/dam-images/fit-in/360x360/Products/8713800255335T597f121db87-9884-4712-bee7-a5d8f527db24-1754984079795.png",
    "available": true,
    "promoUntil": null
  },
  {
    "id": "711737POT",
    "title": "Royal Mediterranean Grote Groene Olijven 205 g",
    "category": "Wereldkeukens, kruiden, pasta en rijst",
    "price": 2.64,
    "promoPrice": null,
    "pricePerUnit": "12.88 kg",
    "image": "https://www.jumbo.com/dam-images/fit-in/360x360/Products/31072025_1753950851973_1753950859040_5201194020606_1.png",
    "available": true,
    "promoUntil": null
  },
  {
    "id": "717349POT",
    "title": "Royal Geroosterde Rode Paprika Strips 310g",
    "category": "Wereldkeukens, kruiden, pasta en rijst",
    "price": 2.75,
    "promoPrice": null,
    "pricePerUnit": "8.87 kg",
    "image": "https://www.jumbo.com/dam-images/fit-in/360x360/Products/03092025_1756877447257_1756877466265_717349_POT_05201194003845_C1N1.png",
    "available": true,
    "promoUntil": null
  },
  {
    "id": "685835PAK",
    "title": "Jumbo's Melkchocolade Nougat Hazelnoot 140 g",
    "category": "Koek, snoep, chocolade en chips",
    "price": 2.99,
    "promoPrice": null,
    "pricePerUnit": "21.36 kg",
    "image": "https://www.jumbo.com/dam-images/fit-in/360x360/Products/21052025_1747816447723_1747816457361_8718452813407_596.png",
    "available": true,
    "promoUntil": null
  },
  {
    "id": "640488TRA",
    "title": "Jumbo's Boerenkool Stamppot 500 g",
    "category": "Verse maaltijden en gemak",
    "price": 5.79,
    "promoPrice": null,
    "pricePerUnit": "11.58 kg",
    "image": "https://www.jumbo.com/dam-images/fit-in/360x360/Products/10122024_1733830367190_1733830379320_8718452855858_1.png",
    "available": true,
    "promoUntil": null
  },
  {
    "id": "496353STK",
    "title": "Midalgan Xtra warm crÃ¨me voor spier en gewrichtsverzorging,  60g",
    "category": "Drogisterij en baby",
    "price": 12.99,
    "promoPrice": null,
    "pricePerUnit": "216.5 kg",
    "image": "https://www.jumbo.com/dam-images/fit-in/360x360/Products/22082025_1755820931964_1755820938237_5412569020576_1.png",
    "available": true,
    "promoUntil": null
  },
  {
    "id": "143050STK",
    "title": "Verstegen Chilimix met Molen 50 g",
    "category": "Wereldkeukens, kruiden, pasta en rijst",
    "price": 4.19,
    "promoPrice": null,
    "pricePerUnit": "83.8 kg",
    "image": "https://www.jumbo.com/dam-images/fit-in/360x360/Products/11062025_1749605553007_1749605556384_143050_STK_08712200583420_C1N1.png",
    "available": true,
    "promoUntil": null
  },
  {
    "id": "482806STK",
    "title": "Sheba Soup Tonijn Kattenvoer 4 x 40 g",
    "category": "Huishouden en dieren",
    "price": 3.85,
    "promoPrice": null,
    "pricePerUnit": "96.25 kg",
    "image": "https://www.jumbo.com/dam-images/fit-in/360x360/Products/25082023_1692931662727_1692931667906_482806_STK_08853301003629_H1N1.png",
    "available": true,
    "promoUntil": null
  },
  {
    "id": "680571DS",
    "title": "Warheads Grumpy Bears Raspberry 99g",
    "category": "Wereldkeukens, kruiden, pasta en rijst",
    "price": 2.69,
    "promoPrice": null,
    "pricePerUnit": "27.17 kg",
    "image": "https://www.jumbo.com/dam-images/fit-in/360x360/Products/18022025_1739888807251_1739888816691_680571_DS_08712857983246_C1N1.png",
    "available": true,
    "promoUntil": null
  },
  {
    "id": "437196ZK",
    "title": "Verstegen Kruidenmix Kerrie Ovenschotel voor 2 personen 18 g",
    "category": "Wereldkeukens, kruiden, pasta en rijst",
    "price": 1.09,
    "promoPrice": null,
    "pricePerUnit": "60.56 kg",
    "image": "https://www.jumbo.com/dam-images/fit-in/360x360/Products/09082023_1691590041896_1691590148832_8712200090294_1.png",
    "available": true,
    "promoUntil": null
  },
  {
    "id": "685834PAK",
    "title": "Jumbo's Melkchocolade Popcorn Cranberry Limited Edition 140 g",
    "category": "Koek, snoep, chocolade en chips",
    "price": 2.99,
    "promoPrice": null,
    "pricePerUnit": "21.36 kg",
    "image": "https://www.jumbo.com/dam-images/fit-in/360x360/Products/21052025_1747812848423_1747812860836_8718452813414_596.png",
    "available": true,
    "promoUntil": null
  },
  {
    "id": "685858PAK",
    "title": "Jumbo's Witte Chocolade Caramel Zeezout Amandel 140 g",
    "category": "Koek, snoep, chocolade en chips",
    "price": 2.99,
    "promoPrice": null,
    "pricePerUnit": "21.36 kg",
    "image": "https://www.jumbo.com/dam-images/fit-in/360x360/Products/21052025_1747812848618_1747812860395_8718452813353_596.png",
    "available": true,
    "promoUntil": null
  },
  {
    "id": "703442BAK",
    "title": "Jumbo's Vriesvers Maaltijden Tortellini Ricotta Vegetarisch 450g",
    "category": "Diepvries",
    "price": 5.99,
    "promoPrice": null,
    "pricePerUnit": "13.31 kg",
    "image": "https://www.jumbo.com/dam-images/fit-in/360x360/Products/08718452926596T59611600129779fbe8b0-1a8c-4111-8b9b-6615197e1fb4-1758531035743.png",
    "available": true,
    "promoUntil": null
  },
  {
    "id": "521310TRA",
    "title": "Jumbo's Verse Maaltijd Stoofpot Rode Kool 450 g",
    "category": "Verse maaltijden en gemak",
    "price": 6.29,
    "promoPrice": null,
    "pricePerUnit": "13.98 kg",
    "image": "https://www.jumbo.com/dam-images/fit-in/360x360/Products/16092024_1726444821324_1726444830179_8718452857838_1.png",
    "available": true,
    "promoUntil": null
  },
  {
    "id": "589800BLK",
    "title": "KA Sparkling Fruit Punch 330 ml",
    "category": "Wereldkeukens, kruiden, pasta en rijst",
    "price": 0.99,
    "promoPrice": null,
    "pricePerUnit": "3.0 l",
    "image": "https://www.jumbo.com/dam-images/fit-in/360x360/Products/12122024_1734014725240_1734014731188_8904061111595_1.png",
    "available": true,
    "promoUntil": null
  },
  {
    "id": "680659ZK",
    "title": "Lutti Longfizz Colors 180g",
    "category": "Koek, snoep, chocolade en chips",
    "price": 2.29,
    "promoPrice": null,
    "pricePerUnit": "12.72 kg",
    "image": "https://www.jumbo.com/dam-images/fit-in/360x360/Products/19022025_1739952407432_1739952421212_680659_ZK_03664346346498_C1N1.png",
    "available": true,
    "promoUntil": null
  },
  {
    "id": "625071FLS",
    "title": "Neleman - Chardonnay Especial - 750ML",
    "category": "Bier en wijn",
    "price": 9.99,
    "promoPrice": null,
    "pricePerUnit": "13.32 l",
    "image": "https://www.jumbo.com/dam-images/fit-in/360x360/Products/22072024_1721659043390_1721659047264_8720574872187_1.png",
    "available": true,
    "promoUntil": null
  },
  {
    "id": "703288STK",
    "title": "Old El Paso Stand'n Stuff Zachte Tarwe Tortillabakjes 8 Stuks",
    "category": "Wereldkeukens, kruiden, pasta en rijst",
    "price": 3.69,
    "promoPrice": null,
    "pricePerUnit": "19.12 kg",
    "image": "https://www.jumbo.com/dam-images/fit-in/360x360/Products/08410076472175C1N159f0c67a-68aa-4b31-9030-5579505e7489-1754472682303.png",
    "available": true,
    "promoUntil": null
  },
  {
    "id": "703795DSL",
    "title": "Zwitsal Shampoo Baby - 6 x 200 ml",
    "category": "Drogisterij en baby",
    "price": 25.74,
    "promoPrice": 18.01,
    "pricePerUnit": "21.45 l",
    "image": "",
    "available": true,
    "promoUntil": "di 7 okt"
  },
  {
    "id": "664656ZK",
    "title": "Red Band Duo Winegums Zoet Fris 215 g",
    "category": "Koek, snoep, chocolade en chips",
    "price": 2.56,
    "promoPrice": null,
    "pricePerUnit": "11.91 kg",
    "image": "https://www.jumbo.com/dam-images/fit-in/360x360/Products/12122024_1733969470413_1733969480353_664656_ZK_08713800256103_H1N1.png",
    "available": true,
    "promoUntil": null
  },
  {
    "id": "687384STK",
    "title": "SPA FRUIT Niet-Bruisende Fruitige Frisdrank Raspberry Blackcurrant 3 x 1,25 L",
    "category": "Frisdrank en sappen",
    "price": 7.35,
    "promoPrice": null,
    "pricePerUnit": "None None",
    "image": "https://www.jumbo.com/dam-images/fit-in/360x360/Products/20258931ae98c980-6bda-4b09-8c8b-38bbe8dfcd89-1742467118337.png",
    "available": true,
    "promoUntil": null
  },
  {
    "id": "49933FLS",
    "title": "Saitaku Tamari Soy Sauce 150 ml",
    "category": "Wereldkeukens, kruiden, pasta en rijst",
    "price": 3.79,
    "promoPrice": null,
    "pricePerUnit": "25.27 l",
    "image": "https://www.jumbo.com/dam-images/fit-in/360x360/Products/07082025_1754531517981_1754531521187_49933_FLS_05060194790076_C1N1.png",
    "available": true,
    "promoUntil": null
  },
  {
    "id": "683136DS",
    "title": "Sheba Kattenvoer DÃ©lices du Jour - Vis Selectie in gelei Natvoer - 6 x 50 g",
    "category": "Huishouden en dieren",
    "price": 3.59,
    "promoPrice": null,
    "pricePerUnit": "11.97 kg",
    "image": "https://www.jumbo.com/dam-images/fit-in/360x360/Products/28042025_1745847228484_1745847244164_4770608267421_596.png",
    "available": true,
    "promoUntil": null
  },
  {
    "id": "568066BLS",
    "title": "Sportlife Extramints Sugar Free 2 x 35 g",
    "category": "Koek, snoep, chocolade en chips",
    "price": 4.45,
    "promoPrice": null,
    "pricePerUnit": "63.57 kg",
    "image": "https://www.jumbo.com/dam-images/fit-in/360x360/Products/28052025_1748442791087_1748442796773_8711400409509_1.png",
    "available": true,
    "promoUntil": null
  },
  {
    "id": "700619FLS",
    "title": "Syoss Shampoo Volume 440 ML",
    "category": "Drogisterij en baby",
    "price": 7.49,
    "promoPrice": null,
    "pricePerUnit": "17.02 l",
    "image": "https://www.jumbo.com/dam-images/fit-in/360x360/Products/23052025_1747990084413_1747990088305_700619_FLS_05410091775469_C1N1.png",
    "available": true,
    "promoUntil": null
  },
  {
    "id": "473378STK",
    "title": "Nicotinell Cool Mint kauwgom, helpt je te stoppen met roken 2 mg, 24 stuks",
    "category": "Drogisterij en baby",
    "price": 9.49,
    "promoPrice": null,
    "pricePerUnit": "0.4 pieces",
    "image": "https://www.jumbo.com/dam-images/fit-in/360x360/Products/24092025_1758672132966_1758672138871_5054563908308_1.png",
    "available": true,
    "promoUntil": null
  },
  {
    "id": "609929PAK",
    "title": "Verkade Specials Nobo Sprits Dubbel Chocolade 150 g ",
    "category": "Koek, snoep, chocolade en chips",
    "price": 2.49,
    "promoPrice": null,
    "pricePerUnit": "16.6 kg",
    "image": "https://www.jumbo.com/dam-images/fit-in/360x360/Products/12032025_1741746888034_1741746892983_609929_PAK_08710412043688_H1N1.png",
    "available": true,
    "promoUntil": null
  },
  {
    "id": "673170PAK",
    "title": "Toblerone Ice Cream with Toblerone & Nougat Pieces 3 Stuks 195 g",
    "category": "Diepvries",
    "price": 3.99,
    "promoPrice": null,
    "pricePerUnit": "14.78 l",
    "image": "https://www.jumbo.com/dam-images/fit-in/360x360/Products/14012025_1736883146506_1736883157616_4007993033806_1.png",
    "available": true,
    "promoUntil": null
  },
  {
    "id": "616709PAK",
    "title": "Krit Crackers 100g",
    "category": "Koek, snoep, chocolade en chips",
    "price": 0.59,
    "promoPrice": null,
    "pricePerUnit": "5.9 kg",
    "image": "https://www.jumbo.com/dam-images/fit-in/360x360/Products/18062025_1750213086784_1750213104045_616709_PAK_08434165466128_C1N1.png",
    "available": true,
    "promoUntil": null
  },
  {
    "id": "143048POT",
    "title": "Verstegen Komijnzaad 40 g",
    "category": "Wereldkeukens, kruiden, pasta en rijst",
    "price": 3.69,
    "promoPrice": null,
    "pricePerUnit": "92.25 kg",
    "image": "https://www.jumbo.com/dam-images/fit-in/360x360/Products/26082025_1756171732011_1756171736020_143048_POT_08712200951069_C1N1.png",
    "available": true,
    "promoUntil": null
  },
  {
    "id": "483645ZK",
    "title": "Sanature 100% Katoenen Maandverband Ultra Super met vleugels 10 stuks",
    "category": "Drogisterij en baby",
    "price": 3.69,
    "promoPrice": null,
    "pricePerUnit": "0.37 pieces",
    "image": "https://www.jumbo.com/dam-images/fit-in/360x360/Products/09082023_1691591221267_1691591253954_8717677380268_1.png",
    "available": true,
    "promoUntil": null
  },
  {
    "id": "700580FLS",
    "title": "Syoss Shampoo Keratin 440 ML",
    "category": "Drogisterij en baby",
    "price": 7.49,
    "promoPrice": null,
    "pricePerUnit": "17.02 l",
    "image": "https://www.jumbo.com/dam-images/fit-in/360x360/Products/23052025_1747982978119_1747982981498_700580_FLS_05410091775421_C1N1.png",
    "available": true,
    "promoUntil": null
  },
  {
    "id": "659807ZK",
    "title": "Sore Organic Cheese Puffs 18m+ 35 g",
    "category": "Drogisterij en baby",
    "price": 1.97,
    "promoPrice": null,
    "pricePerUnit": "56.29 kg",
    "image": "https://www.jumbo.com/dam-images/fit-in/360x360/Products/30102024_1730320446400_1730320455106_8719324174053_1.png",
    "available": true,
    "promoUntil": null
  },
  {
    "id": "690361DS",
    "title": "Lindt Creation CrÃ¨me Brulee 150g",
    "category": "Koek, snoep, chocolade en chips",
    "price": 4.94,
    "promoPrice": null,
    "pricePerUnit": "32.93 kg",
    "image": "https://www.jumbo.com/dam-images/fit-in/360x360/Products/01042025_1743509141431_1743509144988_690361_DS_03046920022682_C1N1.png",
    "available": true,
    "promoUntil": null
  },
  {
    "id": "592876DS",
    "title": "Mello Marshmallow Party Pie Chocolate Flavored 6 Stuks 170 g",
    "category": "Wereldkeukens, kruiden, pasta en rijst",
    "price": 2.79,
    "promoPrice": null,
    "pricePerUnit": "16.41 kg",
    "image": "https://www.jumbo.com/dam-images/fit-in/360x360/Products/12122024_1734014743613_1734014748362_8712857981884_1.png",
    "available": true,
    "promoUntil": null
  },
  {
    "id": "608877FLS",
    "title": "Oasis Tropical 50 cl",
    "category": "Frisdrank en sappen",
    "price": 1.99,
    "promoPrice": null,
    "pricePerUnit": "3.98 l",
    "image": "https://www.jumbo.com/dam-images/fit-in/360x360/Products/22072025_1753149175362_1753149180513_608877_FLS_03124480167057_C1N1.png",
    "available": true,
    "promoUntil": null
  },
  {
    "id": "684982POT",
    "title": "NIVEA Care & Hold Styling Creme Gel 150ml",
    "category": "Drogisterij en baby",
    "price": 5.99,
    "promoPrice": null,
    "pricePerUnit": "39.93 l",
    "image": "https://www.jumbo.com/dam-images/fit-in/360x360/Products/07032025_1741345798611_1741345815959_684982_POT_04005900183231_C1N1.png",
    "available": true,
    "promoUntil": null
  },
  {
    "id": "163404ZK",
    "title": "Kokki Djawa Boemboe Gado-Gado Speciaal 500 g",
    "category": "Wereldkeukens, kruiden, pasta en rijst",
    "price": 4.54,
    "promoPrice": null,
    "pricePerUnit": "9.08 kg",
    "image": "https://www.jumbo.com/dam-images/fit-in/360x360/Products/12122023_1702352694795_1702352705477_163404_ZK_08710161532259_C1N1.png",
    "available": true,
    "promoUntil": null
  },
  {
    "id": "703280DS",
    "title": "La Morena Taco Schelpen Naturel 6 Stuks",
    "category": "Wereldkeukens, kruiden, pasta en rijst",
    "price": 3.26,
    "promoPrice": null,
    "pricePerUnit": "43.47 kg",
    "image": "https://www.jumbo.com/dam-images/fit-in/360x360/Products/05062025_1749121529109_1749121532272_703280_DS_08720604472707_C1N1.png",
    "available": true,
    "promoUntil": null
  },
  {
    "id": "13568STK",
    "title": "Lamisil VoetschimmelcrÃ¨me 15 g (10 mg/g)",
    "category": "Drogisterij en baby",
    "price": 12.49,
    "promoPrice": null,
    "pricePerUnit": "832.67 kg",
    "image": "https://www.jumbo.com/dam-images/fit-in/360x360/Products/24092025_1758672106283_1758672112789_8713177002631_1.png",
    "available": true,
    "promoUntil": null
  },
  {
    "id": "154669DS",
    "title": "Lassie Paella Rijst 450 g",
    "category": "Wereldkeukens, kruiden, pasta en rijst",
    "price": 2.56,
    "promoPrice": null,
    "pricePerUnit": "5.69 kg",
    "image": "https://www.jumbo.com/dam-images/fit-in/360x360/Products/10062025_1749517936149_1749517939304_154669_DS_08718781600129_H1N1.png",
    "available": true,
    "promoUntil": null
  },
  {
    "id": "612235POT",
    "title": "Oppo Brothers Gooey Chocolate Brownie 279 g ",
    "category": "Diepvries",
    "price": 6.69,
    "promoPrice": null,
    "pricePerUnit": "14.08 l",
    "image": "https://www.jumbo.com/dam-images/fit-in/360x360/Products/28072025_1753702430754_1753702437021_5060346412030_1.png",
    "available": true,
    "promoUntil": null
  },
  {
    "id": "624051ZK",
    "title": "Smaakt Bio Popcorn MaÃ¯s 400 g",
    "category": "Koek, snoep, chocolade en chips",
    "price": 2.59,
    "promoPrice": null,
    "pricePerUnit": "6.48 kg",
    "image": "https://www.jumbo.com/dam-images/fit-in/360x360/Products/08092025_1757345673520_1757345678755_8718546999376_1.png",
    "available": true,
    "promoUntil": null
  },
  {
    "id": "686544ZK",
    "title": "Tony's Chocolonely Lil' Bits Melk Chocoladekoekje Mix 150 g",
    "category": "Koek, snoep, chocolade en chips",
    "price": 4.25,
    "promoPrice": null,
    "pricePerUnit": "28.33 kg",
    "image": "https://www.jumbo.com/dam-images/fit-in/360x360/Products/26062025_1750948395352_1750948401348_8720701148390_1.png",
    "available": true,
    "promoUntil": null
  },
  {
    "id": "686317PAK",
    "title": "Tony's Chocolonely Melk Karamel Zeezout 90 g",
    "category": "Koek, snoep, chocolade en chips",
    "price": 2.45,
    "promoPrice": null,
    "pricePerUnit": "27.22 kg",
    "image": "https://www.jumbo.com/dam-images/fit-in/360x360/Products/05092025_1757034357431_1757034363994_686317_PAK_08720701145771_C1N1.png",
    "available": true,
    "promoUntil": null
  },
  {
    "id": "687152DS",
    "title": "O.B. Pro Comfort Tampons Super 16 Stuks",
    "category": "Drogisterij en baby",
    "price": 2.89,
    "promoPrice": null,
    "pricePerUnit": "0.18 pieces",
    "image": "https://www.jumbo.com/dam-images/fit-in/360x360/Products/19032025_1742370007621_1742370009796_687152_DS_03574661331164_C1N1.png",
    "available": true,
    "promoUntil": null
  },
  {
    "id": "690381PAK",
    "title": "Verkade Reep Wit 90 g",
    "category": "Koek, snoep, chocolade en chips",
    "price": 2.17,
    "promoPrice": null,
    "pricePerUnit": "24.11 kg",
    "image": "https://www.jumbo.com/dam-images/fit-in/360x360/Products/07052025_1746579920675_1746579926154_690381_PAK_08710412044401_H1N1.png",
    "available": true,
    "promoUntil": null
  },
  {
    "id": "590999POT",
    "title": "Oppo Brothers Chocolate Chip Cookie Dough Ice Cream 475ml",
    "category": "Diepvries",
    "price": 6.69,
    "promoPrice": null,
    "pricePerUnit": "14.08 l",
    "image": "https://www.jumbo.com/dam-images/fit-in/360x360/Products/30072025_1753871557658_1753871563402_5060346412306_1.png",
    "available": true,
    "promoUntil": null
  },
  {
    "id": "72519FLS",
    "title": "Pledge Hout & Laminaatreiniger",
    "category": "Huishouden en dieren",
    "price": 3.19,
    "promoPrice": null,
    "pricePerUnit": "4.25 l",
    "image": "https://www.jumbo.com/dam-images/fit-in/360x360/Products/28092024_1727492081963_1727492084386_72519_FLS_05000204676150_C1N1.png",
    "available": true,
    "promoUntil": null
  },
  {
    "id": "142200ZK",
    "title": "Kindly's Zoete Herinneringen Kaneelstokjes 135 g",
    "category": "Koek, snoep, chocolade en chips",
    "price": 2.45,
    "promoPrice": null,
    "pricePerUnit": "18.15 kg",
    "image": "https://www.jumbo.com/dam-images/fit-in/360x360/Products/11082023_1691742797373_1691742804277_8712514099532_1.png",
    "available": true,
    "promoUntil": null
  },
  {
    "id": "700652FLS",
    "title": "Syoss Shampoo Anti-Roos 440 ML",
    "category": "Drogisterij en baby",
    "price": 7.49,
    "promoPrice": null,
    "pricePerUnit": "17.02 l",
    "image": "https://www.jumbo.com/dam-images/fit-in/360x360/Products/23052025_1747990109134_1747990113506_700652_FLS_05410091775742_C1N1.png",
    "available": true,
    "promoUntil": null
  },
  {
    "id": "692875TAS",
    "title": "Noel Chorifuet Glutenvrij 170 g",
    "category": "Vleeswaren, kaas en tapas",
    "price": 2.75,
    "promoPrice": null,
    "pricePerUnit": "16.18 kg",
    "image": "https://www.jumbo.com/dam-images/fit-in/360x360/Products/03072025_1751546027587_1751546030148_8410783145379_1.png",
    "available": true,
    "promoUntil": null
  },
  {
    "id": "694867DS",
    "title": "Nicorette Nicotine Pleisters 25MG 14 Stuks",
    "category": "Drogisterij en baby",
    "price": 39.59,
    "promoPrice": null,
    "pricePerUnit": "2.83 pieces",
    "image": "https://www.jumbo.com/dam-images/fit-in/360x360/Products/23042025_1745405531847_1745405539345_694867_DS_03574661715476_C1N1_s01.png",
    "available": true,
    "promoUntil": null
  },
  {
    "id": "679964DS",
    "title": "Saitaku Miso Sesame Ramen 4 x 50 g",
    "category": "Wereldkeukens, kruiden, pasta en rijst",
    "price": 4.09,
    "promoPrice": null,
    "pricePerUnit": "20.45 kg",
    "image": "https://www.jumbo.com/dam-images/fit-in/360x360/Products/14022025_1739538416553_1739538420400_679964_DS_05060194792506_C1N1.png",
    "available": true,
    "promoUntil": null
  },
  {
    "id": "305574PAK",
    "title": "SchÃ¤r  Maria biscuit Glutenvrij  3 x 42 g",
    "category": "Koek, snoep, chocolade en chips",
    "price": 1.95,
    "promoPrice": null,
    "pricePerUnit": "15.6 kg",
    "image": "https://www.jumbo.com/dam-images/fit-in/360x360/Products/04072024_1720061834029_1720061836509_305574_PAK_08008698010402_C1N1.png",
    "available": true,
    "promoUntil": null
  },
  {
    "id": "470970TRL",
    "title": "Sheba Finesse Mousse met Kip 22 x 85 g",
    "category": "Huishouden en dieren",
    "price": 17.99,
    "promoPrice": null,
    "pricePerUnit": "9.62 kg",
    "image": "https://www.jumbo.com/dam-images/fit-in/360x360/Products/400842914602205bc3bcf-cc60-4bf2-8390-b9cc6d60243b-1745848054107.png",
    "available": true,
    "promoUntil": null
  },
  {
    "id": "624140ZK",
    "title": "Smaakt Bio Boekweit 400 g",
    "category": "Wereldkeukens, kruiden, pasta en rijst",
    "price": 4.74,
    "promoPrice": null,
    "pricePerUnit": "11.85 kg",
    "image": "https://www.jumbo.com/dam-images/fit-in/360x360/Products/14022025_1739539195770_1739539203552_8718924017159_1.png",
    "available": true,
    "promoUntil": null
  },
  {
    "id": "705075DS",
    "title": "Sensodyne Rapid Relief Mint Tandpasta 75 ML",
    "category": "Drogisterij en baby",
    "price": 7.29,
    "promoPrice": null,
    "pricePerUnit": "97.2 l",
    "image": "https://www.jumbo.com/dam-images/fit-in/360x360/Products/16062025_1750072501675_1750072503976_705075_DS_05054563235404_C1N1.png",
    "available": true,
    "promoUntil": null
  },
  {
    "id": "630276ZK",
    "title": "Stegeman Plus Salami 200 g",
    "category": "Vleeswaren, kaas en tapas",
    "price": 3.95,
    "promoPrice": null,
    "pricePerUnit": "19.75 kg",
    "image": "https://www.jumbo.com/dam-images/fit-in/360x360/Products/11092025_1757588653268_1757588662408_8710765967983_596.png",
    "available": true,
    "promoUntil": null
  },
  {
    "id": "612609ZK",
    "title": "Mentos Dropmintballen 220g",
    "category": "Koek, snoep, chocolade en chips",
    "price": 2.27,
    "promoPrice": null,
    "pricePerUnit": "10.32 kg",
    "image": "https://www.jumbo.com/dam-images/fit-in/360x360/Products/07072025_1751902635233_1751902639965_8723400828549_1.png",
    "available": true,
    "promoUntil": null
  },
  {
    "id": "692604DS",
    "title": "Magnum Bonbon Ijs Gold Caramel Billionaire 12 x 17 ml",
    "category": "Diepvries",
    "price": 4.99,
    "promoPrice": null,
    "pricePerUnit": "24.46 l",
    "image": "https://www.jumbo.com/dam-images/fit-in/360x360/Products/01092025_1756722867748_1756722871899_8711327639942_1.png",
    "available": true,
    "promoUntil": null
  },
  {
    "id": "648334STK",
    "title": "VOLTAREN Natural 50 milliliter",
    "category": "Drogisterij en baby",
    "price": 12.99,
    "promoPrice": null,
    "pricePerUnit": "259.8 l",
    "image": "https://www.jumbo.com/dam-images/fit-in/360x360/Products/22082025_1755820925159_1755820929695_5054563165473_1.png",
    "available": true,
    "promoUntil": null
  },
  {
    "id": "686965DS",
    "title": "O.B. Original Normal 16 Stuks",
    "category": "Drogisterij en baby",
    "price": 2.09,
    "promoPrice": null,
    "pricePerUnit": "0.13 pieces",
    "image": "https://www.jumbo.com/dam-images/fit-in/360x360/Products/17032025_1742225521735_1742225524458_686965_DS_03574661350134_C1N1.png",
    "available": true,
    "promoUntil": null
  },
  {
    "id": "664644ZK",
    "title": "Venco Muntendrop Hard Zoet 235 g",
    "category": "Koek, snoep, chocolade en chips",
    "price": 2.56,
    "promoPrice": null,
    "pricePerUnit": "10.89 kg",
    "image": "https://www.jumbo.com/dam-images/fit-in/360x360/Products/18012025_1737166891356_1737166899493_664644_ZK_08713800255625_H1N1.png",
    "available": true,
    "promoUntil": null
  },
  {
    "id": "705070DS",
    "title": "Parodontax Active Repair Whitening Tandpasta 75 ML",
    "category": "Drogisterij en baby",
    "price": 7.49,
    "promoPrice": null,
    "pricePerUnit": "99.87 l",
    "image": "https://www.jumbo.com/dam-images/fit-in/360x360/Products/16062025_1750072358987_1750072360792_705070_DS_05054563262837_C1N1.png",
    "available": true,
    "promoUntil": null
  },
  {
    "id": "88065STK",
    "title": "Roter Vitamine C kauwtabletten, 800 stuks",
    "category": "Drogisterij en baby",
    "price": 20.69,
    "promoPrice": null,
    "pricePerUnit": "0.03 pieces",
    "image": "https://www.jumbo.com/dam-images/fit-in/360x360/Products/24092025_1758672106555_1758672111508_8713304941826_1.png",
    "available": true,
    "promoUntil": null
  },
  {
    "id": "502517STK",
    "title": "Sinaspril Paracetamol 240mg zetpil, 10 stuks",
    "category": "Drogisterij en baby",
    "price": 5.99,
    "promoPrice": null,
    "pricePerUnit": "221.85 kg",
    "image": "https://www.jumbo.com/dam-images/fit-in/360x360/Products/24092025_1758672092535_1758672098082_8713304954680_1.png",
    "available": true,
    "promoUntil": null
  },
  {
    "id": "631894BLK",
    "title": "Two Chefs Brewing Funky Falcon 0.2% Non Alcoholic Pale Ale Blik 330 ml",
    "category": "Bier en wijn",
    "price": 2.25,
    "promoPrice": null,
    "pricePerUnit": "6.82 l",
    "image": "https://www.jumbo.com/dam-images/fit-in/360x360/Products/01112024_1730460905265_1730460911420_8720726561297_1.png",
    "available": true,
    "promoUntil": null
  },
  {
    "id": "606438BLK",
    "title": "Uiltje - Bird Of Prey - 0,2% - Blik - 330ML",
    "category": "Bier en wijn",
    "price": 2.69,
    "promoPrice": null,
    "pricePerUnit": "8.15 l",
    "image": "https://www.jumbo.com/dam-images/fit-in/360x360/Products/05032024_1709626415086_1709626416822_606438_BLK_08720828308721_A1N1.png",
    "available": true,
    "promoUntil": null
  },
  {
    "id": "713209ZK",
    "title": "PURINAÂ® ONE Sterilcat Rijk aan Rund kattenvoer 3 kg",
    "category": "Huishouden en dieren",
    "price": 20.39,
    "promoPrice": null,
    "pricePerUnit": "6.8 kg",
    "image": "https://www.jumbo.com/dam-images/fit-in/360x360/Products/08082025_1754678044374_1754678049109_7613035611610_1.png",
    "available": true,
    "promoUntil": null
  },
  {
    "id": "574009DS",
    "title": "Kinder Chocolate 12 Reepjes 150 g",
    "category": "Koek, snoep, chocolade en chips",
    "price": 2.79,
    "promoPrice": null,
    "pricePerUnit": "18.6 kg",
    "image": "https://www.jumbo.com/dam-images/fit-in/360x360/Products/02042025_1743561977130_1743561979188_574009_DS_08000500141601_A1N1.png",
    "available": true,
    "promoUntil": null
  },
  {
    "id": "225915STK",
    "title": "Look-O-Look Snoep Kettingen & Horloges Vegan 10 stuks",
    "category": "Koek, snoep, chocolade en chips",
    "price": 2.47,
    "promoPrice": null,
    "pricePerUnit": "16.04 kg",
    "image": "https://www.jumbo.com/dam-images/fit-in/360x360/Products/07072025_1751902618153_1751902622381_8713600099009_1.png",
    "available": true,
    "promoUntil": null
  },
  {
    "id": "616712TUB",
    "title": "Sensodyne Multicare Tandpasta voor Gevoelige Tanden 75ML",
    "category": "Drogisterij en baby",
    "price": 5.89,
    "promoPrice": null,
    "pricePerUnit": "78.53 l",
    "image": "https://www.jumbo.com/dam-images/fit-in/360x360/Products/28032024_1711632850353_1711632853779_5054563185778_1.png",
    "available": true,
    "promoUntil": null
  },
  {
    "id": "628746ZK",
    "title": "Pedigree Dentastix Mini Kauwstaaf - Gebitsverzorgende Hondensnack - 7 Stuks",
    "category": "Huishouden en dieren",
    "price": 2.37,
    "promoPrice": null,
    "pricePerUnit": "21.55 kg",
    "image": "https://www.jumbo.com/dam-images/fit-in/360x360/Products/18022025_1739892767317_1739892782637_5998749145869_596.png",
    "available": true,
    "promoUntil": null
  },
  {
    "id": "684985BUS",
    "title": "NIVEA Diamond Gloss Care Styling Spray 250ml",
    "category": "Drogisterij en baby",
    "price": 7.29,
    "promoPrice": null,
    "pricePerUnit": "29.16 l",
    "image": "https://www.jumbo.com/dam-images/fit-in/360x360/Products/07032025_1741346155982_1741346165732_684985_BUS_04005900173904_C1N1.png",
    "available": true,
    "promoUntil": null
  },
  {
    "id": "444232ZK",
    "title": "Saitaku Simply Japanese Ramen Noodles Precooked 2 x 150 g",
    "category": "Wereldkeukens, kruiden, pasta en rijst",
    "price": 3.28,
    "promoPrice": null,
    "pricePerUnit": "10.93 kg",
    "image": "https://www.jumbo.com/dam-images/fit-in/360x360/Products/16032024_1710554915242_1710554920223_444232_ZK_05060194792315_C1N1.png",
    "available": true,
    "promoUntil": null
  },
  {
    "id": "445363FLS",
    "title": "Mogu Mogu Meloensmaak met Nata de Coco 320 ml",
    "category": "Wereldkeukens, kruiden, pasta en rijst",
    "price": 1.75,
    "promoPrice": null,
    "pricePerUnit": "5.47 l",
    "image": "https://www.jumbo.com/dam-images/fit-in/360x360/Products/27022024_1709048048293_1709048054425_8850389116913_1.png",
    "available": true,
    "promoUntil": null
  },
  {
    "id": "477260PAK",
    "title": "Kinder Joy 3 x 20 g",
    "category": "Koek, snoep, chocolade en chips",
    "price": 3.79,
    "promoPrice": null,
    "pricePerUnit": "63.17 kg",
    "image": "https://www.jumbo.com/dam-images/fit-in/360x360/Products/28082024_1724814759090_1724814764721_477260_PAK_08000500101308_C1N1.png",
    "available": true,
    "promoUntil": null
  },
  {
    "id": "664455ZK",
    "title": "Red Band Funky Mix Zacht Zuur 215 g",
    "category": "Koek, snoep, chocolade en chips",
    "price": 2.56,
    "promoPrice": null,
    "pricePerUnit": "11.91 kg",
    "image": "https://www.jumbo.com/dam-images/fit-in/360x360/Products/12122024_1733970981233_1733970990930_664455_ZK_08713800255168_H1N1.png",
    "available": true,
    "promoUntil": null
  },
  {
    "id": "664645ZK",
    "title": "Red Band Gomballen Zacht Zoet 230 g",
    "category": "Koek, snoep, chocolade en chips",
    "price": 2.56,
    "promoPrice": null,
    "pricePerUnit": "11.13 kg",
    "image": "https://www.jumbo.com/dam-images/fit-in/360x360/Products/01022025_1738377232842_1738377243827_664645_ZK_08713800255854_H1N1.png",
    "available": true,
    "promoUntil": null
  },
  {
    "id": "208334FLS",
    "title": "TerraPura - Single Vineyard - CarmÃ©nÃ¨re - 750 ML",
    "category": "Bier en wijn",
    "price": 8.49,
    "promoPrice": null,
    "pricePerUnit": "11.32 l",
    "image": "https://www.jumbo.com/dam-images/fit-in/360x360/Products/06062025_1749220367964_1749220371722_7804616090539_1.png",
    "available": true,
    "promoUntil": null
  },
  {
    "id": "678421DSL",
    "title": "Spa Fruit Mango Apricot Smaak - 6 x 400ML",
    "category": "Frisdrank en sappen",
    "price": 8.7,
    "promoPrice": null,
    "pricePerUnit": "3.63 l",
    "image": "https://www.jumbo.com/dam-images/fit-in/360x360/Products/05410013814764A1N10439166e-dd62-4da0-a191-43309f0ee25f-1758525617831.png",
    "available": true,
    "promoUntil": null
  },
  {
    "id": "603857ZK",
    "title": "Trolli Sour Strawbies Fruitgom 175 g",
    "category": "Koek, snoep, chocolade en chips",
    "price": 1.59,
    "promoPrice": null,
    "pricePerUnit": "9.09 kg",
    "image": "https://www.jumbo.com/dam-images/fit-in/360x360/Products/17012024_1705472190796_1705472197268_603857_ZK_04003084333442_C1N1.png",
    "available": true,
    "promoUntil": null
  },
  {
    "id": "462582POT",
    "title": "Oma DÃ©e Sambal Oelek 200 ml",
    "category": "Wereldkeukens, kruiden, pasta en rijst",
    "price": 3.75,
    "promoPrice": null,
    "pricePerUnit": "18.75 l",
    "image": "https://www.jumbo.com/dam-images/fit-in/360x360/Products/10082023_1691675623641_1691675635667_8719324685436_1.png",
    "available": true,
    "promoUntil": null
  },
  {
    "id": "583755BLK",
    "title": "PÃµhjala Saturnus - Hazy Pale Ale - Blik 440ML",
    "category": "Bier en wijn",
    "price": 3.79,
    "promoPrice": null,
    "pricePerUnit": "8.61 l",
    "image": "https://www.jumbo.com/dam-images/fit-in/360x360/Products/24052024_1716554112645_1716554119239_4742976015911_1.png",
    "available": true,
    "promoUntil": null
  },
  {
    "id": "679517BLK",
    "title": "Passoa Passionfruit Martini 250ML",
    "category": "Bier en wijn",
    "price": 2.29,
    "promoPrice": null,
    "pricePerUnit": "9.16 l",
    "image": "https://www.jumbo.com/dam-images/fit-in/360x360/Products/13022025_1739432655688_1739432662909_679517_BLK_08716000970589_C1C1.png",
    "available": true,
    "promoUntil": null
  },
  {
    "id": "642059FLS",
    "title": "innocent citrus shield 330ml",
    "category": "Frisdrank en sappen",
    "price": 2.49,
    "promoPrice": null,
    "pricePerUnit": "7.55 l",
    "image": "https://www.jumbo.com/dam-images/fit-in/360x360/Products/10042025_1744251303732_1744251307687_642059_FLS_05038862006149_C1N1.png",
    "available": true,
    "promoUntil": null
  },
  {
    "id": "685828PAK",
    "title": "Jumbo's Melkchocolade Discodip 140 g",
    "category": "Koek, snoep, chocolade en chips",
    "price": 2.99,
    "promoPrice": null,
    "pricePerUnit": "21.36 kg",
    "image": "https://www.jumbo.com/dam-images/fit-in/360x360/Products/21052025_1747812848304_1747812860016_8718452871148_596.png",
    "available": true,
    "promoUntil": null
  },
  {
    "id": "706840PAK",
    "title": "KitKat Tablet Salted Caramel 99g",
    "category": "Koek, snoep, chocolade en chips",
    "price": 1.97,
    "promoPrice": null,
    "pricePerUnit": "19.9 kg",
    "image": "https://www.jumbo.com/dam-images/fit-in/360x360/Products/26062025_1750941637770_1750941648890_706840_PAK_03800020491423_H1N1_s01.png",
    "available": true,
    "promoUntil": null
  },
  {
    "id": "397922CUP",
    "title": "Lassie Minuutje Basmatirijst 2x125g",
    "category": "Wereldkeukens, kruiden, pasta en rijst",
    "price": 2.06,
    "promoPrice": null,
    "pricePerUnit": "8.24 kg",
    "image": "https://www.jumbo.com/dam-images/fit-in/360x360/Products/07052024_1715047270546_1715047276984_397922_CUP_08410184022033_H1N1.png",
    "available": true,
    "promoUntil": null
  },
  {
    "id": "308798STK",
    "title": "Lutti Candy Lace 200 g",
    "category": "Koek, snoep, chocolade en chips",
    "price": 2.19,
    "promoPrice": null,
    "pricePerUnit": "10.95 kg",
    "image": "https://www.jumbo.com/dam-images/fit-in/360x360/Products/14022024_1707873141294_1707873149959_5400787031979_1.png",
    "available": true,
    "promoUntil": null
  },
  {
    "id": "507466FLS",
    "title": "Marcel's Green Soap wasverzachter Vanille & Katoen - 750ml",
    "category": "Huishouden en dieren",
    "price": 4.49,
    "promoPrice": null,
    "pricePerUnit": "0.15 wb",
    "image": "https://www.jumbo.com/dam-images/fit-in/360x360/Products/12052025_1747012392636_1747012394629_507466_FLS_.png",
    "available": true,
    "promoUntil": null
  },
  {
    "id": "419931ZK",
    "title": "Perfect Fit - Junior - Kattenbrokken - Kip - 750g",
    "category": "Huishouden en dieren",
    "price": 5.93,
    "promoPrice": null,
    "pricePerUnit": "7.91 kg",
    "image": "https://www.jumbo.com/dam-images/fit-in/360x360/Products/09082023_1691594089801_1691594104511_4008429159435_596.png",
    "available": true,
    "promoUntil": null
  },
  {
    "id": "677630STK",
    "title": "STOOMBOOT",
    "category": "Non-food en servicebalie",
    "price": 1.49,
    "promoPrice": null,
    "pricePerUnit": "1.49 pieces",
    "image": "",
    "available": true,
    "promoUntil": null
  },
  {
    "id": "507412BUS",
    "title": "NIVEA MEN Deep Black Carbon Beat Anti-Transpirant Spray - 150ml",
    "category": "Drogisterij en baby",
    "price": 6.07,
    "promoPrice": null,
    "pricePerUnit": "40.47 l",
    "image": "https://www.jumbo.com/dam-images/fit-in/360x360/Products/16072025_1752658389076_1752658391755_4005900874672_1.png",
    "available": true,
    "promoUntil": null
  },
  {
    "id": "74963PAK",
    "title": "NestlÃ© YogolinoÂ® Vanillesmaak 12+ maanden baby toetje 4 x 100 g",
    "category": "Drogisterij en baby",
    "price": 3.22,
    "promoPrice": null,
    "pricePerUnit": "8.05 kg",
    "image": "https://www.jumbo.com/dam-images/fit-in/360x360/Products/20062025_1750385704617_1750385762010_74963_PAK_07613033542800_H1N1_s01.png",
    "available": true,
    "promoUntil": null
  },
  {
    "id": "183684ZK",
    "title": "Vitakraft Cat Yums Kip en Kattengras 40 g",
    "category": "Huishouden en dieren",
    "price": 2.69,
    "promoPrice": null,
    "pricePerUnit": "67.25 kg",
    "image": "https://www.jumbo.com/dam-images/fit-in/360x360/Products/12042025_1744423030166_1744423033491_183684_ZK_.png",
    "available": true,
    "promoUntil": null
  },
  {
    "id": "676471DS",
    "title": "Ola Donut IJs Cocoa & Cookies 4 x 62 ml",
    "category": "Diepvries",
    "price": 2.99,
    "promoPrice": null,
    "pricePerUnit": "12.06 l",
    "image": "https://www.jumbo.com/dam-images/fit-in/360x360/Products/18042025_1744945453279_1744945494107_676471_DS_08711327678057_H1N1.png",
    "available": true,
    "promoUntil": null
  },
  {
    "id": "563304FLS",
    "title": "RAAK Gazeuse Tropical Zero Sugar 0,75L",
    "category": "Frisdrank en sappen",
    "price": 0.79,
    "promoPrice": null,
    "pricePerUnit": "1.05 l",
    "image": "https://www.jumbo.com/dam-images/fit-in/360x360/Products/31032024_1711852508078_1711852511352_563304_FLS_08722200964853_C1N1.png",
    "available": true,
    "promoUntil": null
  },
  {
    "id": "584388DS",
    "title": "Rennie Calciumcarbonaat 750 mg Suikervrij",
    "category": "Drogisterij en baby",
    "price": 3.79,
    "promoPrice": null,
    "pricePerUnit": "0.38 pieces",
    "image": "https://www.jumbo.com/dam-images/fit-in/360x360/Products/22082025_1755820890882_1755820896805_4057598020145_1.png",
    "available": true,
    "promoUntil": null
  },
  {
    "id": "479122FLS",
    "title": "SPA FRUIT Bruisende Fruitige Frisdrank Lemon Cactus 40 cl",
    "category": "Frisdrank en sappen",
    "price": 1.45,
    "promoPrice": null,
    "pricePerUnit": "3.63 l",
    "image": "https://www.jumbo.com/dam-images/fit-in/360x360/Products/24092025_1758679106332_1758679112659_479122_FLS_05410013802563_H1N1.png",
    "available": true,
    "promoUntil": null
  },
  {
    "id": "490317FLS",
    "title": "SPA FRUIT Niet-Bruisende Fruitige Frisdrank Strawberry Watermelon 40 cl",
    "category": "Frisdrank en sappen",
    "price": 1.45,
    "promoPrice": null,
    "pricePerUnit": "3.63 l",
    "image": "https://www.jumbo.com/dam-images/fit-in/360x360/Products/20102023_1697764298271_1697764302632_490317_FLS_05410013810506_H1N1.png",
    "available": true,
    "promoUntil": null
  },
  {
    "id": "678264FLS",
    "title": "Kombucha Flax Lemon Fantasy 330ml",
    "category": "Frisdrank en sappen",
    "price": 2.69,
    "promoPrice": null,
    "pricePerUnit": "8.15 l",
    "image": "https://www.jumbo.com/dam-images/fit-in/360x360/Products/06022025_1738846044934_1738846052946_678264_FLS_08435608806945_C1N1.png",
    "available": true,
    "promoUntil": null
  },
  {
    "id": "701129BLK",
    "title": "Sempio Kimchi Origineel 160g",
    "category": "Wereldkeukens, kruiden, pasta en rijst",
    "price": 3.85,
    "promoPrice": null,
    "pricePerUnit": "24.06 kg",
    "image": "https://www.jumbo.com/dam-images/fit-in/360x360/Products/26052025_1748266941229_1748266947054_701129_BLK_08801005001267_C1N1.png",
    "available": true,
    "promoUntil": null
  },
  {
    "id": "672256ZK",
    "title": "NestlÃ© Sunny Fruits Banaan Sinaasappel Koekje 12m - 36m 110 g ",
    "category": "Drogisterij en baby",
    "price": 1.57,
    "promoPrice": null,
    "pricePerUnit": "14.27 kg",
    "image": "https://www.jumbo.com/dam-images/fit-in/360x360/Products/16012025_1737012766431_1737012772611_8445290763266_1.png",
    "available": true,
    "promoUntil": null
  },
  {
    "id": "677562ZK",
    "title": "Pampers Baby-Dry Maat 3, 23 Luiers",
    "category": "Drogisterij en baby",
    "price": 9.99,
    "promoPrice": null,
    "pricePerUnit": "0.43 pieces",
    "image": "https://www.jumbo.com/dam-images/fit-in/360x360/Products/14082025_1755196422540_1755196427259_8700216713191_1.png",
    "available": true,
    "promoUntil": null
  },
  {
    "id": "677565ZK",
    "title": "Pampers Baby-Dry Maat 6, 18 Luiers",
    "category": "Drogisterij en baby",
    "price": 10.99,
    "promoPrice": null,
    "pricePerUnit": "0.61 pieces",
    "image": "https://www.jumbo.com/dam-images/fit-in/360x360/Products/14082025_1755196422719_1755196427889_8700216812641_1.png",
    "available": true,
    "promoUntil": null
  },
  {
    "id": "628749PAK",
    "title": "Pedigree Dentastix Maxi Kauwstaaf - Gebitsverzorgende Hondensnack - 21 Stuks",
    "category": "Huishouden en dieren",
    "price": 9.89,
    "promoPrice": null,
    "pricePerUnit": "12.21 kg",
    "image": "https://www.jumbo.com/dam-images/fit-in/360x360/Products/18022025_1739892767492_1739892785150_5010394006088_596.png",
    "available": true,
    "promoUntil": null
  },
  {
    "id": "451264PAK",
    "title": "Ritter Sport Mini Nut Selection 7 x 16,67 g",
    "category": "Koek, snoep, chocolade en chips",
    "price": 2.99,
    "promoPrice": null,
    "pricePerUnit": "25.78 kg",
    "image": "https://www.jumbo.com/dam-images/fit-in/360x360/Products/10082023_1691675103823_1691675151409_4000417117106_1.png",
    "available": true,
    "promoUntil": null
  },
  {
    "id": "238463STK",
    "title": "Verstegen World Spice Meal Kip Wrap 60 g",
    "category": "Wereldkeukens, kruiden, pasta en rijst",
    "price": 3.95,
    "promoPrice": null,
    "pricePerUnit": "65.83 kg",
    "image": "https://www.jumbo.com/dam-images/fit-in/360x360/Products/12122024_1734014681163_1734014687488_87351583_1.png",
    "available": true,
    "promoUntil": null
  },
  {
    "id": "173941ZK",
    "title": "Sanature 100% Katoenen Tampons Normal 16 Stuks",
    "category": "Drogisterij en baby",
    "price": 3.99,
    "promoPrice": null,
    "pricePerUnit": "0.25 pieces",
    "image": "https://www.jumbo.com/dam-images/fit-in/360x360/Products/09082023_1691590905075_1691590910509_8717677380510_1.png",
    "available": true,
    "promoUntil": null
  },
  {
    "id": "170268STK",
    "title": "Santa Maria Chili Con Carne Kruidenmix Medium 28 g",
    "category": "Wereldkeukens, kruiden, pasta en rijst",
    "price": 1.08,
    "promoPrice": null,
    "pricePerUnit": "38.57 kg",
    "image": "https://www.jumbo.com/dam-images/fit-in/360x360/Products/13092025_1757729479036_1757729497797_170268_STK_07311310314026_C1N1.png",
    "available": true,
    "promoUntil": null
  },
  {
    "id": "648704POT",
    "title": "Jumbo's Cheese Dip Salsa 300 g",
    "category": "Wereldkeukens, kruiden, pasta en rijst",
    "price": 1.99,
    "promoPrice": null,
    "pricePerUnit": "6.63 kg",
    "image": "https://www.jumbo.com/dam-images/fit-in/360x360/Products/12122024_1734003204393_1734003216047_8718452861057_1.png",
    "available": true,
    "promoUntil": null
  },
  {
    "id": "163254ZK",
    "title": "Yanco Glasnoedels Tian Tan 100 g",
    "category": "Wereldkeukens, kruiden, pasta en rijst",
    "price": 0.88,
    "promoPrice": null,
    "pricePerUnit": "8.8 kg",
    "image": "https://www.jumbo.com/dam-images/fit-in/360x360/Products/18092023_1695030080652_1695030090746_6900350006049_1.png",
    "available": true,
    "promoUntil": null
  },
  {
    "id": "685750DS",
    "title": "Jumbo Zalm en CroÃ»te Krokant 2 Stuks",
    "category": "Diepvries",
    "price": 3.25,
    "promoPrice": null,
    "pricePerUnit": "11.61 kg",
    "image": "https://www.jumbo.com/dam-images/fit-in/360x360/Products/22042025_1745332346624_1745332364163_8718452912193_596.png",
    "available": true,
    "promoUntil": null
  },
  {
    "id": "675379STK",
    "title": "Jute Zak",
    "category": "Non-food en servicebalie",
    "price": 1.49,
    "promoPrice": null,
    "pricePerUnit": "1.49 pieces",
    "image": "https://www.jumbo.com/dam-images/fit-in/360x360/Products/01072025_1751383990174_1751383998364_8721225775062_1.png",
    "available": true,
    "promoUntil": null
  },
  {
    "id": "208313FLS",
    "title": "Trentham Estate - Pinot Noir - 750 ML",
    "category": "Bier en wijn",
    "price": 8.99,
    "promoPrice": null,
    "pricePerUnit": "11.99 l",
    "image": "https://www.jumbo.com/dam-images/fit-in/360x360/Products/09082023_1691586653524_1691586656768_9316071961807_1.png",
    "available": true,
    "promoUntil": null
  },
  {
    "id": "633605ZK",
    "title": "Lutti Peach' Fizz 180 g",
    "category": "Koek, snoep, chocolade en chips",
    "price": 2.59,
    "promoPrice": null,
    "pricePerUnit": "14.39 kg",
    "image": "https://www.jumbo.com/dam-images/fit-in/360x360/Products/18102024_1729216390903_1729216397362_633605_ZK_.png",
    "available": true,
    "promoUntil": null
  },
  {
    "id": "524463ZK",
    "title": "Mitsuba Seaweed Crisps Wasabi 70 g",
    "category": "Koek, snoep, chocolade en chips",
    "price": 2.96,
    "promoPrice": null,
    "pricePerUnit": "42.29 kg",
    "image": "https://www.jumbo.com/dam-images/fit-in/360x360/Products/08022024_1707359768783_1707359779229_8711299015706_1.png",
    "available": true,
    "promoUntil": null
  },
  {
    "id": "510286STK",
    "title": "Otrivin Voor kinderen 0,5 mg/ml neusspray 10 ml",
    "category": "Drogisterij en baby",
    "price": 6.79,
    "promoPrice": null,
    "pricePerUnit": "679.0 l",
    "image": "https://www.jumbo.com/dam-images/fit-in/360x360/Products/24092025_1758672133206_1758672138252_8713177003058_1.png",
    "available": true,
    "promoUntil": null
  },
  {
    "id": "72650STK",
    "title": "Panadol Junior zetpillen 250 mg, 10 stuks",
    "category": "Drogisterij en baby",
    "price": 5.89,
    "promoPrice": null,
    "pricePerUnit": "0.59 pieces",
    "image": "https://www.jumbo.com/dam-images/fit-in/360x360/Products/22082025_1755820875683_1755820882808_8710464105617_1.png",
    "available": true,
    "promoUntil": null
  },
  {
    "id": "172270POT",
    "title": "Olvarit 6+ Maanden Appel Aardbei Peer 200g",
    "category": "Drogisterij en baby",
    "price": 1.38,
    "promoPrice": null,
    "pricePerUnit": "6.9 kg",
    "image": "https://www.jumbo.com/dam-images/fit-in/360x360/Products/29072025_1753755844460_1753755847336_172270_POT_08591119002006_C1N1_fr_s01.png",
    "available": true,
    "promoUntil": null
  },
  {
    "id": "603790FLS",
    "title": "Rimboesauzen SatÃ© Marinade 500ML",
    "category": "Wereldkeukens, kruiden, pasta en rijst",
    "price": 2.59,
    "promoPrice": null,
    "pricePerUnit": "5.18 l",
    "image": "https://www.jumbo.com/dam-images/fit-in/360x360/Products/871676900271257a08cc24ea3245fe1fbd340e-4144-4158-adcc-689d24dcee01-1705064300090.png",
    "available": true,
    "promoUntil": null
  },
  {
    "id": "469692ZK",
    "title": "SchÃ¤r  Bagels  Glutenvrij 4 Stuks 400 g",
    "category": "Brood en gebak",
    "price": 4.84,
    "promoPrice": null,
    "pricePerUnit": "12.1 kg",
    "image": "https://www.jumbo.com/dam-images/fit-in/360x360/Products/24042025_1745476347599_1745476355517_8008698029633_1.png",
    "available": true,
    "promoUntil": null
  },
  {
    "id": "683151DS",
    "title": "Sheba Kattenvoer DÃ©lices du Jour - Traiteur Selectie in saus Natvoer - 6 x 50 g",
    "category": "Huishouden en dieren",
    "price": 3.65,
    "promoPrice": null,
    "pricePerUnit": "12.17 kg",
    "image": "https://www.jumbo.com/dam-images/fit-in/360x360/Products/28042025_1745847228755_1745847245061_4770608267216_596.png",
    "available": true,
    "promoUntil": null
  },
  {
    "id": "547247DS",
    "title": "La Trappe - Witte Trappist - Fles - 4 x 330ML",
    "category": "Bier en wijn",
    "price": 6.99,
    "promoPrice": null,
    "pricePerUnit": "5.3 l",
    "image": "https://www.jumbo.com/dam-images/fit-in/360x360/Products/09082023_1691592792949_1691592970189_8711406093665_1.png",
    "available": true,
    "promoUntil": null
  },
  {
    "id": "694757POT",
    "title": "Stimorol Ice Intense Mint 80 g",
    "category": "Koek, snoep, chocolade en chips",
    "price": 3.95,
    "promoPrice": null,
    "pricePerUnit": "38.73 kg",
    "image": "https://www.jumbo.com/dam-images/fit-in/360x360/Products/26082025_1756197236365_1756197241412_8723400940074_1.png",
    "available": true,
    "promoUntil": null
  },
  {
    "id": "85437DS",
    "title": "Toppits Magnetronfolie 2 in 1 15 m",
    "category": "Huishouden en dieren",
    "price": 3.66,
    "promoPrice": null,
    "pricePerUnit": "3.66 pieces",
    "image": "https://www.jumbo.com/dam-images/fit-in/360x360/Products/05042025_1743819968039_1743819973123_85437_DS_.png",
    "available": true,
    "promoUntil": null
  },
  {
    "id": "194484STK",
    "title": "Kivits Spekkoek Banaan 140 g",
    "category": "Koek, snoep, chocolade en chips",
    "price": 2.75,
    "promoPrice": null,
    "pricePerUnit": "2.75 pieces",
    "image": "https://www.jumbo.com/dam-images/fit-in/360x360/Products/29042025_1745937192633_1745937200618_8716747041771_1.png",
    "available": true,
    "promoUntil": null
  },
  {
    "id": "392038STK",
    "title": "Sleepzz Shiepz Melatonine Time Release, 500 stuks",
    "category": "Drogisterij en baby",
    "price": 15.99,
    "promoPrice": null,
    "pricePerUnit": "0.03 pieces",
    "image": "https://www.jumbo.com/dam-images/fit-in/360x360/Products/24092025_1758672135952_1758672143563_8711744053604_1.png",
    "available": true,
    "promoUntil": null
  },
  {
    "id": "507993FLS",
    "title": "Smyle Toothpaste Tablets",
    "category": "Drogisterij en baby",
    "price": 5.99,
    "promoPrice": null,
    "pricePerUnit": "0.09 pieces",
    "image": "https://www.jumbo.com/dam-images/fit-in/360x360/Products/12122024_1734014921011_1734014924705_8719326786568_1.png",
    "available": true,
    "promoUntil": null
  },
  {
    "id": "703850BLK",
    "title": "Uiltje Jonguh Hazy IPA 440ML",
    "category": "Bier en wijn",
    "price": 5.29,
    "promoPrice": null,
    "pricePerUnit": "12.02 l",
    "image": "https://www.jumbo.com/dam-images/fit-in/360x360/Products/10062025_1749560734800_1749560740588_703850_BLK_08720828308967_C1N1.png",
    "available": true,
    "promoUntil": null
  },
  {
    "id": "549166DS",
    "title": "Yoni maandverband medium 100% biologisch katoen met vleugels 10 stuks",
    "category": "Drogisterij en baby",
    "price": 4.69,
    "promoPrice": null,
    "pricePerUnit": "0.47 pieces",
    "image": "https://www.jumbo.com/dam-images/fit-in/360x360/Products/30012024_1706584183729_1706584186328_549166_DS_08717953157751_C1N1.png",
    "available": true,
    "promoUntil": null
  },
  {
    "id": "682427ZK",
    "title": "Whiskas Temptations Kattensnacks met Rund 60 g",
    "category": "Huishouden en dieren",
    "price": 2.37,
    "promoPrice": null,
    "pricePerUnit": "39.5 kg",
    "image": "https://www.jumbo.com/dam-images/fit-in/360x360/Products/31032025_1743413561723_1743413582274_5998749146118_596.png",
    "available": true,
    "promoUntil": null
  },
  {
    "id": "501240TUB",
    "title": "Nivea Hand Cream 3in1 Anti-Age Q10 100 ml",
    "category": "Drogisterij en baby",
    "price": 6.99,
    "promoPrice": null,
    "pricePerUnit": "69.9 l",
    "image": "https://www.jumbo.com/dam-images/fit-in/360x360/Products/10022024_1707530784336_1707530784845_501240_TUB_04005900701473_C1N1.png",
    "available": true,
    "promoUntil": null
  },
  {
    "id": "456874FLS",
    "title": "Willy Nacho Classic Salsa 500 ml",
    "category": "Wereldkeukens, kruiden, pasta en rijst",
    "price": 3.69,
    "promoPrice": null,
    "pricePerUnit": "6.96 kg",
    "image": "https://www.jumbo.com/dam-images/fit-in/360x360/Products/09082023_1691592922104_1691592962870_8719324820226_1.png",
    "available": true,
    "promoUntil": null
  },
  {
    "id": "586418STK",
    "title": "Jumbo Zuigelingevoeding Standaard 1 - 0-6 maanden  - bundel 1600g",
    "category": "Drogisterij en baby",
    "price": 16.82,
    "promoPrice": null,
    "pricePerUnit": "None None",
    "image": "https://www.jumbo.com/dam-images/fit-in/360x360/Products/586418STK1d0c36922-6eb2-418b-abc7-16ed324903e0-1692274566435.png",
    "available": true,
    "promoUntil": null
  },
  {
    "id": "685830PAK",
    "title": "Jumbo's Pure Chocolade Cheesecake Blauwe Bes & Amandel 140 g",
    "category": "Koek, snoep, chocolade en chips",
    "price": 2.99,
    "promoPrice": null,
    "pricePerUnit": "21.36 kg",
    "image": "https://www.jumbo.com/dam-images/fit-in/360x360/Products/21052025_1747834426126_1747834434900_8718452813452_596.png",
    "available": true,
    "promoUntil": null
  },
  {
    "id": "143969FLS",
    "title": "Vedett - Extra Pilsner - Fles - 330ML",
    "category": "Bier en wijn",
    "price": 1.69,
    "promoPrice": null,
    "pricePerUnit": "5.12 l",
    "image": "https://www.jumbo.com/dam-images/fit-in/360x360/Products/09082023_1691587305080_1691587308429_5411681090009_1.png",
    "available": true,
    "promoUntil": null
  },
  {
    "id": "585794ZK",
    "title": "Santa Maria Tortilla Chips Salted 185g",
    "category": "Wereldkeukens, kruiden, pasta en rijst",
    "price": 1.87,
    "promoPrice": null,
    "pricePerUnit": "10.11 kg",
    "image": "https://www.jumbo.com/dam-images/fit-in/360x360/Products/13092025_1757732313007_1757732328257_585794_ZK_07311312008084_C1N1.png",
    "available": true,
    "promoUntil": null
  },
  {
    "id": "711772DS",
    "title": "Sensodyne Gevoeligheid & Tandvlees 75 ML",
    "category": "Drogisterij en baby",
    "price": 7.29,
    "promoPrice": null,
    "pricePerUnit": "97.2 l",
    "image": "https://www.jumbo.com/dam-images/fit-in/360x360/Products/29072025_1753785853741_1753785855522_711772_DS_05054563235527_C1N1.png",
    "available": true,
    "promoUntil": null
  },
  {
    "id": "708042ZK",
    "title": "Napoleon Ananas 225 g",
    "category": "Koek, snoep, chocolade en chips",
    "price": 2.19,
    "promoPrice": null,
    "pricePerUnit": "9.73 kg",
    "image": "https://www.jumbo.com/dam-images/fit-in/360x360/Products/03072025_1751540361303_1751540366933_708042_ZK_08721077493305_C1N1.png",
    "available": true,
    "promoUntil": null
  },
  {
    "id": "694868DS",
    "title": "Nicorette Nicotine Pleisters 15MG 14 Stuks",
    "category": "Drogisterij en baby",
    "price": 39.99,
    "promoPrice": null,
    "pricePerUnit": "2.86 pieces",
    "image": "https://www.jumbo.com/dam-images/fit-in/360x360/Products/19062025_1750306445263_1750306451354_694868_DS_03574661715438_C1N1_s01.png",
    "available": true,
    "promoUntil": null
  },
  {
    "id": "487370STK",
    "title": "Pit Master Home BBQ Spiezenset 6 Stuks",
    "category": "Non-food en servicebalie",
    "price": 2.49,
    "promoPrice": null,
    "pricePerUnit": "2.49 pieces",
    "image": "https://www.jumbo.com/dam-images/fit-in/360x360/Products/28092023_1695920973977_1695920975503_8720648558023_1.png",
    "available": true,
    "promoUntil": null
  },
  {
    "id": "127952TUB",
    "title": "L'OrÃ©al Paris Studio Line Invisi Fix 24h Clear & Clean Gel 150 ml",
    "category": "Drogisterij en baby",
    "price": 6.99,
    "promoPrice": null,
    "pricePerUnit": "46.6 l",
    "image": "https://www.jumbo.com/dam-images/fit-in/360x360/Products/10082023_1691677658830_1691677666606_3600522471127_1.png",
    "available": true,
    "promoUntil": null
  },
  {
    "id": "687386STK",
    "title": "SPA FRUIT Niet-Bruisende Fruitige Frisdrank Strawberry Watermelon 3 x 1,25 L",
    "category": "Frisdrank en sappen",
    "price": 7.35,
    "promoPrice": null,
    "pricePerUnit": "None None",
    "image": "https://www.jumbo.com/dam-images/fit-in/360x360/Products/202589485543321d-4f92-4fdf-ba3b-12f4dc4f38b1-1742467096413.png",
    "available": true,
    "promoUntil": null
  },
  {
    "id": "666853BLK",
    "title": "Sqweez Lemon Ginger 250 ml",
    "category": "Frisdrank en sappen",
    "price": 0.99,
    "promoPrice": null,
    "pricePerUnit": "3.96 l",
    "image": "https://www.jumbo.com/dam-images/fit-in/360x360/Products/15072025_1752568384479_1752568388904_5425032063703_1.png",
    "available": true,
    "promoUntil": null
  },
  {
    "id": "554037CUP",
    "title": "Magnum Pint IJs Double Sunlover 440ml",
    "category": "Diepvries",
    "price": 7.59,
    "promoPrice": null,
    "pricePerUnit": "17.25 l",
    "image": "https://www.jumbo.com/dam-images/fit-in/360x360/Products/20092025_1758334961279_1758335036668_554037_CUP_08711327585607_C1N1.png",
    "available": true,
    "promoUntil": null
  },
  {
    "id": "362247BAK",
    "title": "Van Iersel Vleeswaren Echte Brabantse Zure Zult 240 g",
    "category": "Vleeswaren, kaas en tapas",
    "price": 1.85,
    "promoPrice": null,
    "pricePerUnit": "7.71 kg",
    "image": "https://www.jumbo.com/dam-images/fit-in/360x360/Products/09082023_1691588061742_1691588072570_8717568110011_1.png",
    "available": true,
    "promoUntil": null
  },
  {
    "id": "232748DS",
    "title": "Verkade Romige Melk 135 g",
    "category": "Koek, snoep, chocolade en chips",
    "price": 4.49,
    "promoPrice": null,
    "pricePerUnit": "33.26 kg",
    "image": "https://www.jumbo.com/dam-images/fit-in/360x360/Products/15072025_1752544483855_1752544490165_232748_DS_08710412040571_H1N1.png",
    "available": true,
    "promoUntil": null
  },
  {
    "id": "558572POT",
    "title": "Verstegen Spicy Touch Blend JalapeÃ±o 30 g",
    "category": "Wereldkeukens, kruiden, pasta en rijst",
    "price": 3.91,
    "promoPrice": null,
    "pricePerUnit": "130.33 kg",
    "image": "https://www.jumbo.com/dam-images/fit-in/360x360/Products/24022024_1708740539922_1708740544531_558572_POT_08712200109880_C1N1.png",
    "available": true,
    "promoUntil": null
  },
  {
    "id": "173919ZK",
    "title": "Sanature 100% Katoenen Maandverband Normaal 10 Stuks",
    "category": "Drogisterij en baby",
    "price": 3.69,
    "promoPrice": null,
    "pricePerUnit": "0.37 pieces",
    "image": "https://www.jumbo.com/dam-images/fit-in/360x360/Products/10082023_1691677658926_1691677668147_8717677380251_1.png",
    "available": true,
    "promoUntil": null
  },
  {
    "id": "558587POT",
    "title": "Verstegen World Spice Meal Roti Kerrie 54 g",
    "category": "Wereldkeukens, kruiden, pasta en rijst",
    "price": 4.19,
    "promoPrice": null,
    "pricePerUnit": "77.59 kg",
    "image": "https://www.jumbo.com/dam-images/fit-in/360x360/Products/12122024_1734014682735_1734014690102_87291513_1.png",
    "available": true,
    "promoUntil": null
  },
  {
    "id": "700769POT",
    "title": "Syoss Max Hold Wax 150 ML",
    "category": "Drogisterij en baby",
    "price": 8.49,
    "promoPrice": null,
    "pricePerUnit": "56.6 l",
    "image": "https://www.jumbo.com/dam-images/fit-in/360x360/Products/23052025_1748003615287_1748003620276_700769_POT_05410091775254_C1N1.png",
    "available": true,
    "promoUntil": null
  },
  {
    "id": "494319DS",
    "title": "Tandvlees+ gevoeligheid&adem tandpasta",
    "category": "Drogisterij en baby",
    "price": 7.29,
    "promoPrice": null,
    "pricePerUnit": "97.2 l",
    "image": "https://www.jumbo.com/dam-images/fit-in/360x360/Products/13062024_1718274911559_1718274914464_5054563119599_1.png",
    "available": true,
    "promoUntil": null
  },
  {
    "id": "678961ZK",
    "title": "Wilkinson Extra Sensitive 10+5 Stuks",
    "category": "Drogisterij en baby",
    "price": 6.72,
    "promoPrice": null,
    "pricePerUnit": "0.45 pieces",
    "image": "https://www.jumbo.com/dam-images/fit-in/360x360/Products/25062025_1750815130456_1750815135264_678961_ZK_.png",
    "available": true,
    "promoUntil": null
  },
  {
    "id": "468678FLS",
    "title": "Texels Skiller Wit Bier Fles 300ml",
    "category": "Bier en wijn",
    "price": 1.99,
    "promoPrice": null,
    "pricePerUnit": "6.63 l",
    "image": "https://www.jumbo.com/dam-images/fit-in/360x360/Products/26032024_1711418951536_1711418954987_468678_FLS_08717903630006_A1N1.png",
    "available": true,
    "promoUntil": null
  },
  {
    "id": "369696BLS",
    "title": "Witte Reus Blauw Actief Hygiene 50 g",
    "category": "Huishouden en dieren",
    "price": 4.29,
    "promoPrice": null,
    "pricePerUnit": "85.8 kg",
    "image": "https://www.jumbo.com/dam-images/fit-in/360x360/Products/19022025_1739933854219_1739933862848_369696_BLS_05410091754136_C1N1.png",
    "available": true,
    "promoUntil": null
  },
  {
    "id": "504132ZK",
    "title": "Yakisoba Otafuku Japanese Stir-Fry Noodles 2 x 150 g",
    "category": "Wereldkeukens, kruiden, pasta en rijst",
    "price": 2.49,
    "promoPrice": null,
    "pricePerUnit": "6.73 kg",
    "image": "https://www.jumbo.com/dam-images/fit-in/360x360/Products/18092023_1695059324691_1695059334890_4970077190194_1.png",
    "available": true,
    "promoUntil": null
  },
  {
    "id": "625950ZK",
    "title": "Mitsuba Thai Green Curry 140g",
    "category": "Koek, snoep, chocolade en chips",
    "price": 1.99,
    "promoPrice": null,
    "pricePerUnit": "14.21 kg",
    "image": "https://www.jumbo.com/dam-images/fit-in/360x360/Products/03092024_1725329018867_1725329031270_625950_ZK_08711299017267_C1N1.png",
    "available": true,
    "promoUntil": null
  },
  {
    "id": "615784TA",
    "title": "Lindt Excellence Caramelised Hazelnut 100g",
    "category": "Koek, snoep, chocolade en chips",
    "price": 3.95,
    "promoPrice": null,
    "pricePerUnit": "39.5 kg",
    "image": "https://www.jumbo.com/dam-images/fit-in/360x360/Products/22022024_1708588205220_1708588240132_615784_TA_03046920020305_H1N1.png",
    "available": true,
    "promoUntil": null
  },
  {
    "id": "648705POT",
    "title": "Jumbo's Tropical Salsa 220 g",
    "category": "Wereldkeukens, kruiden, pasta en rijst",
    "price": 1.49,
    "promoPrice": null,
    "pricePerUnit": "6.77 kg",
    "image": "https://www.jumbo.com/dam-images/fit-in/360x360/Products/12122024_1734003204461_1734003226703_8718452814190_1.png",
    "available": true,
    "promoUntil": null
  },
  {
    "id": "569141ZK",
    "title": "Klene Drop Puur Zout 180g",
    "category": "Koek, snoep, chocolade en chips",
    "price": 2.96,
    "promoPrice": null,
    "pricePerUnit": "16.44 kg",
    "image": "https://www.jumbo.com/dam-images/fit-in/360x360/Products/07072025_1751902620139_1751902624888_8723400799214_1.png",
    "available": true,
    "promoUntil": null
  },
  {
    "id": "418728DS",
    "title": "Koningsvogel Rendang Mix 100 g",
    "category": "Wereldkeukens, kruiden, pasta en rijst",
    "price": 1.69,
    "promoPrice": null,
    "pricePerUnit": "16.9 kg",
    "image": "https://www.jumbo.com/dam-images/fit-in/360x360/Products/418728_8718719365205_1_T1_149389CUP1691049783045.png",
    "available": true,
    "promoUntil": null
  },
  {
    "id": "696487POT",
    "title": "Koningsvogel Sambal Nasi Goreng 260 g",
    "category": "Wereldkeukens, kruiden, pasta en rijst",
    "price": 3.99,
    "promoPrice": null,
    "pricePerUnit": "15.35 kg",
    "image": "https://www.jumbo.com/dam-images/fit-in/360x360/Products/22072025_1753148159346_1753148182255_696487_POT_08718719362099_C1N1.png",
    "available": true,
    "promoUntil": null
  },
  {
    "id": "169931ZK",
    "title": "Santa Maria Nacho Tortilla Chips 185 g",
    "category": "Wereldkeukens, kruiden, pasta en rijst",
    "price": 2.15,
    "promoPrice": null,
    "pricePerUnit": "11.62 kg",
    "image": "https://www.jumbo.com/dam-images/fit-in/360x360/Products/13092025_1757731564638_1757731581207_169931_ZK_07311312008077_C1N1.png",
    "available": true,
    "promoUntil": null
  },
  {
    "id": "703857ZK",
    "title": "Nalys Excellence Toiletpapier 8 Rollen",
    "category": "Huishouden en dieren",
    "price": 7.59,
    "promoPrice": null,
    "pricePerUnit": "0.95 pieces",
    "image": "https://www.jumbo.com/dam-images/fit-in/360x360/Products/22092025_1758555238232_1758555244127_8004260237031_1.png",
    "available": true,
    "promoUntil": null
  },
  {
    "id": "686945DS",
    "title": "O.B. Pro Comfort Tampons Super Plus 16 Stuks",
    "category": "Drogisterij en baby",
    "price": 3.19,
    "promoPrice": null,
    "pricePerUnit": "0.2 pieces",
    "image": "https://www.jumbo.com/dam-images/fit-in/360x360/Products/17032025_1742224125352_1742224127178_686945_DS_03574661331157_C1N1.png",
    "available": true,
    "promoUntil": null
  },
  {
    "id": "549165DS",
    "title": "Yoni inlegkruisjes regular 100% biologisch katoen 24 stuks",
    "category": "Drogisterij en baby",
    "price": 4.69,
    "promoPrice": null,
    "pricePerUnit": "0.2 pieces",
    "image": "https://www.jumbo.com/dam-images/fit-in/360x360/Products/29112023_1701272043939_1701272050205_8717953157706_1.png",
    "available": true,
    "promoUntil": null
  },
  {
    "id": "418724DS",
    "title": "Koningsvogel Nasi Goreng Mix 100 g",
    "category": "Wereldkeukens, kruiden, pasta en rijst",
    "price": 1.79,
    "promoPrice": null,
    "pricePerUnit": "17.9 kg",
    "image": "https://www.jumbo.com/dam-images/fit-in/360x360/Products/10092025_1757468879200_1757468883721_418724_DS_08718719365014_A1N1.png",
    "available": true,
    "promoUntil": null
  },
  {
    "id": "504987FLS",
    "title": "L'OrÃ©al Paris Revitalift Volumegevende Make-Up Remover Oog & Lip 125 ml",
    "category": "Drogisterij en baby",
    "price": 7.79,
    "promoPrice": null,
    "pricePerUnit": "62.32 l",
    "image": "https://www.jumbo.com/dam-images/fit-in/360x360/Products/25022025_1740450020116_1740450023716_504987_FLS_03600524030650_C1N1.png",
    "available": true,
    "promoUntil": null
  },
  {
    "id": "175851ZK",
    "title": "PURINAÂ® ONE Indoor Rijk aan Kalkoen kattenvoer 800 gr",
    "category": "Huishouden en dieren",
    "price": 6.49,
    "promoPrice": null,
    "pricePerUnit": "8.11 kg",
    "image": "https://www.jumbo.com/dam-images/fit-in/360x360/Products/13092025_1757728052360_1757728072723_175851_ZK_07613035613683_C1N1_s02.png",
    "available": true,
    "promoUntil": null
  },
  {
    "id": "578734STK",
    "title": "Van Vliet Zwart Wit Zout 25 g",
    "category": "Koek, snoep, chocolade en chips",
    "price": 0.99,
    "promoPrice": null,
    "pricePerUnit": "39.6 kg",
    "image": "https://www.jumbo.com/dam-images/fit-in/360x360/Products/12122024_1734014402345_1734014408427_87292374_1.png",
    "available": true,
    "promoUntil": null
  },
  {
    "id": "686964DS",
    "title": "O.B. Extra Protect Super + Comfort Tampons 16 Stuks",
    "category": "Drogisterij en baby",
    "price": 3.99,
    "promoPrice": null,
    "pricePerUnit": "0.25 pieces",
    "image": "https://www.jumbo.com/dam-images/fit-in/360x360/Products/07122023_1701914583439_1701914586036_478001_BOX_03574661626079_C1N1.png",
    "available": true,
    "promoUntil": null
  },
  {
    "id": "649656FLS",
    "title": "MarquÃ©s de la Concordia - Rioja Santiago Crianza - 375ML",
    "category": "Bier en wijn",
    "price": 4.99,
    "promoPrice": null,
    "pricePerUnit": "13.31 l",
    "image": "https://www.jumbo.com/dam-images/fit-in/360x360/Products/18122024_1734539635134_1734539638637_8410396208614_1.png",
    "available": true,
    "promoUntil": null
  },
  {
    "id": "151227STK",
    "title": "Perskindol Active gel bij spier en gewrichtspijn, 100ml",
    "category": "Drogisterij en baby",
    "price": 14.69,
    "promoPrice": null,
    "pricePerUnit": "146.9 l",
    "image": "https://www.jumbo.com/dam-images/fit-in/360x360/Products/24092025_1758672090924_1758672094854_8711744036058_1.png",
    "available": true,
    "promoUntil": null
  },
  {
    "id": "532989TRA",
    "title": "Pets Unlimited Natvoeding Hond Kip (395 gram)",
    "category": "Huishouden en dieren",
    "price": 2.99,
    "promoPrice": null,
    "pricePerUnit": "7.57 kg",
    "image": "https://www.jumbo.com/dam-images/fit-in/360x360/Products/13082024_1723507340858_1723507348582_8712113454930_1.png",
    "available": true,
    "promoUntil": null
  },
  {
    "id": "623893ZK",
    "title": "Wilhelmina Chewy DropMint 200g",
    "category": "Koek, snoep, chocolade en chips",
    "price": 2.47,
    "promoPrice": null,
    "pricePerUnit": "12.35 kg",
    "image": "https://www.jumbo.com/dam-images/fit-in/360x360/Products/28082024_1724819054424_1724819060260_623893_ZK_08710559000032_C1N1.png",
    "available": true,
    "promoUntil": null
  },
  {
    "id": "568794ZK",
    "title": "Sportlife Peppermint Suikervrije kauwgom 4 x 18 g",
    "category": "Koek, snoep, chocolade en chips",
    "price": 3.46,
    "promoPrice": null,
    "pricePerUnit": "48.06 kg",
    "image": "https://www.jumbo.com/dam-images/fit-in/360x360/Products/19082025_1755568626666_1755568634373_568794_ZK_08711400409240_C1N1.png",
    "available": true,
    "promoUntil": null
  },
  {
    "id": "475086DS",
    "title": "Zovirax Duo crÃ¨me bij koortslip (50mg per gram + 10mg per gram), 2 gramÂ ",
    "category": "Drogisterij en baby",
    "price": 13.39,
    "promoPrice": null,
    "pricePerUnit": "6695.0 kg",
    "image": "https://www.jumbo.com/dam-images/fit-in/360x360/Products/24092025_1758672108659_1758672115982_5054563035950_1.png",
    "available": true,
    "promoUntil": null
  },
  {
    "id": "685827PAK",
    "title": "Jumbo's Pure Chocolade Pretzel Kaneel Amandel 140 g",
    "category": "Koek, snoep, chocolade en chips",
    "price": 2.99,
    "promoPrice": null,
    "pricePerUnit": "21.36 kg",
    "image": "https://www.jumbo.com/dam-images/fit-in/360x360/Products/20052025_1747729986459_1747729997385_8718452871155_596.png",
    "available": true,
    "promoUntil": null
  },
  {
    "id": "673277PAK",
    "title": "Viper Hard Seltzer Ice Tea - Mango 4x250ML",
    "category": "Bier en wijn",
    "price": 7.99,
    "promoPrice": null,
    "pricePerUnit": "7.99 l",
    "image": "https://www.jumbo.com/dam-images/fit-in/360x360/Products/29032025_1743215192264_1743215200716_673277_PAK_08716700019632_H1N1.png",
    "available": true,
    "promoUntil": null
  },
  {
    "id": "407744FLS",
    "title": "Kikkoman Poke Sauce 250 ml",
    "category": "Wereldkeukens, kruiden, pasta en rijst",
    "price": 4.19,
    "promoPrice": null,
    "pricePerUnit": "16.76 l",
    "image": "https://www.jumbo.com/dam-images/fit-in/360x360/Products/10012024_1704860791048_1704860798167_407744_FLS_08715035450301_C1N1.png",
    "available": true,
    "promoUntil": null
  },
  {
    "id": "574010PAK",
    "title": "Kinder Vrolijke Sinterklaas 3 Stuks 45 g",
    "category": "Koek, snoep, chocolade en chips",
    "price": 2.19,
    "promoPrice": null,
    "pricePerUnit": "48.67 kg",
    "image": "https://www.jumbo.com/dam-images/fit-in/360x360/Products/25092024_1727231509545_1727231518196_574010_PAK_04008400511528_C1N1.png",
    "available": true,
    "promoUntil": null
  },
  {
    "id": "591345POT",
    "title": "Lekker Bekkie Garnalen Sambal 290g",
    "category": "Wereldkeukens, kruiden, pasta en rijst",
    "price": 4.59,
    "promoPrice": null,
    "pricePerUnit": "15.83 l",
    "image": "https://www.jumbo.com/dam-images/fit-in/360x360/Products/140281POT16760d95b-705e-437a-b811-666a205530e9-1698849121079.png",
    "available": true,
    "promoUntil": null
  },
  {
    "id": "645881KGR",
    "title": "Lekker uit Limburg Limburgse Zure Pastei ca. 120 g",
    "category": "Vleeswaren, kaas en tapas",
    "price": 2.46,
    "promoPrice": null,
    "pricePerUnit": "20.5 kg",
    "image": "https://www.jumbo.com/dam-images/fit-in/360x360/Products/09092025_1757421321807_1757421330865_2324478000000_1.png",
    "available": true,
    "promoUntil": null
  },
  {
    "id": "692966DS",
    "title": "Little Jude's Fruit Twists 50ml 5 Stuks",
    "category": "Diepvries",
    "price": 3.25,
    "promoPrice": null,
    "pricePerUnit": "13.0 l",
    "image": "https://www.jumbo.com/dam-images/fit-in/360x360/Products/28052025_1748399514570_1748399521906_692966_DS_05060081116163_C1C1.png",
    "available": true,
    "promoUntil": null
  },
  {
    "id": "558481PAK",
    "title": "Milka Vanilla & Chocolate Swirl 3 Stuks 195 g",
    "category": "Diepvries",
    "price": 3.79,
    "promoPrice": null,
    "pricePerUnit": "14.04 l",
    "image": "https://www.jumbo.com/dam-images/fit-in/360x360/Products/02032024_1709346252190_1709346261320_558481_PAK_.png",
    "available": true,
    "promoUntil": null
  },
  {
    "id": "437075FLS",
    "title": "Mogu Mogu Mango Smaak met Nata de Coco 1000 ml",
    "category": "Frisdrank en sappen",
    "price": 4.25,
    "promoPrice": null,
    "pricePerUnit": "4.25 l",
    "image": "https://www.jumbo.com/dam-images/fit-in/360x360/Products/20122023_1703040249520_1703040265402_437075_FLS_08850389117064_C1N1.png",
    "available": true,
    "promoUntil": null
  },
  {
    "id": "633055ZK",
    "title": "Lay's Max Ribbel Chips Paprika 40 gr",
    "category": "Koek, snoep, chocolade en chips",
    "price": 0.75,
    "promoPrice": null,
    "pricePerUnit": "18.75 kg",
    "image": "https://www.jumbo.com/dam-images/fit-in/360x360/Products/24092025_1758677884777_1758677893928_633055_ZK_08710398528841_C1N1.png",
    "available": true,
    "promoUntil": null
  },
  {
    "id": "633403ZK",
    "title": "Olvarit Little Wonders Groente Ringen 12+ Maanden 20g",
    "category": "Drogisterij en baby",
    "price": 1.08,
    "promoPrice": null,
    "pricePerUnit": "72.0 kg",
    "image": "https://www.jumbo.com/dam-images/fit-in/360x360/Products/14082025_1755139992454_1755140001019_633403_ZK_08712400120166_A1N1.png",
    "available": true,
    "promoUntil": null
  },
  {
    "id": "480065FK",
    "title": "Schwarzkopf Cremespoeling Anti-Klit 250 ML",
    "category": "Drogisterij en baby",
    "price": 3.29,
    "promoPrice": null,
    "pricePerUnit": "13.16 l",
    "image": "https://www.jumbo.com/dam-images/fit-in/360x360/Products/16072025_1752633022965_1752633024015_480065_FK_05410091763428_C1N1.png",
    "available": true,
    "promoUntil": null
  },
  {
    "id": "540627BLK",
    "title": "White Claw Hard Seltzer Mango 330 ml",
    "category": "Bier en wijn",
    "price": 2.29,
    "promoPrice": null,
    "pricePerUnit": "6.94 l",
    "image": "https://www.jumbo.com/dam-images/fit-in/360x360/Products/08012025_1736346811322_1736346817147_5391537510441_1.png",
    "available": true,
    "promoUntil": null
  },
  {
    "id": "662486FLS",
    "title": "Nivea Men Sensitive 3 In 1 Shower Gel 250 ML",
    "category": "Drogisterij en baby",
    "price": 5.79,
    "promoPrice": null,
    "pricePerUnit": "23.16 l",
    "image": "https://www.jumbo.com/dam-images/fit-in/360x360/Products/11112024_1731338342562_1731338345035_662486_FLS_04005808130573_C1N1.png",
    "available": true,
    "promoUntil": null
  },
  {
    "id": "346998POT",
    "title": "Olvarit Pompoen Kip Aardappel 15+ Maanden 250 g",
    "category": "Drogisterij en baby",
    "price": 1.73,
    "promoPrice": null,
    "pricePerUnit": "6.92 kg",
    "image": "https://www.jumbo.com/dam-images/fit-in/360x360/Products/16082023_1692152288729_1692152290488_346998_POT_05900852033513_C1N1.png",
    "available": true,
    "promoUntil": null
  },
  {
    "id": "368774FLS",
    "title": "Texels Zeebries Blond Bier Fles 300ml",
    "category": "Bier en wijn",
    "price": 1.99,
    "promoPrice": null,
    "pricePerUnit": "6.63 l",
    "image": "https://www.jumbo.com/dam-images/fit-in/360x360/Products/26032024_1711425432399_1711425440621_368774_FLS_08717903631102_A1N1.png",
    "available": true,
    "promoUntil": null
  },
  {
    "id": "582854POT",
    "title": "Sportlife Strawberry Blueberry Flavour Suikervrije Kauwgom 99 g",
    "category": "Koek, snoep, chocolade en chips",
    "price": 4.94,
    "promoPrice": null,
    "pricePerUnit": "49.9 kg",
    "image": "https://www.jumbo.com/dam-images/fit-in/360x360/Products/28052025_1748442792386_1748442799124_8711400409561_1.png",
    "available": true,
    "promoUntil": null
  },
  {
    "id": "684428ZK",
    "title": "Knorr Risotto Asperges 175 g",
    "category": "Wereldkeukens, kruiden, pasta en rijst",
    "price": 2.99,
    "promoPrice": null,
    "pricePerUnit": "17.09 kg",
    "image": "https://www.jumbo.com/dam-images/fit-in/360x360/Products/07042025_1744025594366_1744025600852_8721201954702_1.png",
    "available": true,
    "promoUntil": null
  },
  {
    "id": "456168ZK",
    "title": "Libresse Ultra Thin Normal Wings Maandverband 14 Stuks",
    "category": "Drogisterij en baby",
    "price": 2.89,
    "promoPrice": null,
    "pricePerUnit": "0.21 pieces",
    "image": "https://www.jumbo.com/dam-images/fit-in/360x360/Products/09082023_1691586975196_1691586982958_7310790088212_1.png",
    "available": true,
    "promoUntil": null
  },
  {
    "id": "700582TUB",
    "title": "Syoss Deep Conditioner Keratin 250 ML",
    "category": "Drogisterij en baby",
    "price": 7.49,
    "promoPrice": null,
    "pricePerUnit": "29.96 l",
    "image": "https://www.jumbo.com/dam-images/fit-in/360x360/Products/KeratineDCONe76f4fae-b075-4790-b643-b7f4b67d4dba-1752667502462.png",
    "available": true,
    "promoUntil": null
  },
  {
    "id": "700788TUB",
    "title": "Taft Maxx Power Gel 300 ML",
    "category": "Drogisterij en baby",
    "price": 8.69,
    "promoPrice": null,
    "pricePerUnit": "28.97 l",
    "image": "https://www.jumbo.com/dam-images/fit-in/360x360/Products/17072025_1752717227662_1752717233614_700788_TUB_05410091771379_C1N1.png",
    "available": true,
    "promoUntil": null
  },
  {
    "id": "668933BLK",
    "title": "Texels Skuumkoppe Tarwebier Blik 500 ml",
    "category": "Bier en wijn",
    "price": 2.65,
    "promoPrice": null,
    "pricePerUnit": "5.3 l",
    "image": "https://www.jumbo.com/dam-images/fit-in/360x360/Products/17022025_1739792266747_1739792273596_8712000062149_1.png",
    "available": true,
    "promoUntil": null
  },
  {
    "id": "595003ZK",
    "title": "Trolli Apple Garden Fruitgom 175 g",
    "category": "Koek, snoep, chocolade en chips",
    "price": 1.59,
    "promoPrice": null,
    "pricePerUnit": "9.09 kg",
    "image": "https://www.jumbo.com/dam-images/fit-in/360x360/Products/09012024_1704821707083_1704821718438_4000512364931_1.png",
    "available": true,
    "promoUntil": null
  },
  {
    "id": "536528PAK",
    "title": "PALM - Belgisch Amber Ale Speciaalbier - Blik - 6 x 330ML",
    "category": "Bier en wijn",
    "price": 7.99,
    "promoPrice": null,
    "pricePerUnit": "4.04 l",
    "image": "https://www.jumbo.com/dam-images/fit-in/360x360/Products/536528_5410783009490_1_T1_715514PAK1691077720480.png",
    "available": true,
    "promoUntil": null
  },
  {
    "id": "203701ZK",
    "title": "Verstegen Mix voor SatÃ© 25 g",
    "category": "Wereldkeukens, kruiden, pasta en rijst",
    "price": 1.48,
    "promoPrice": null,
    "pricePerUnit": "59.2 kg",
    "image": "https://www.jumbo.com/dam-images/fit-in/360x360/Products/31012024_1706671546703_1706671553207_203701_ZK_08712200982261_C1N1.png",
    "available": true,
    "promoUntil": null
  },
  {
    "id": "648768KGR",
    "title": "Jumbo Zwitserse Harde Kaas 50+ ca. 150 g",
    "category": "Vleeswaren, kaas en tapas",
    "price": 4.73,
    "promoPrice": null,
    "pricePerUnit": "31.55 kg",
    "image": "https://www.jumbo.com/dam-images/fit-in/360x360/Products/16072024_1721144060535_1721144071651_2379253000000_1.png",
    "available": true,
    "promoUntil": null
  },
  {
    "id": "457033FLS",
    "title": "Willy Nacho Parilla Smokey BBQ Sauce 265 ml",
    "category": "Wereldkeukens, kruiden, pasta en rijst",
    "price": 2.99,
    "promoPrice": null,
    "pricePerUnit": "11.28 l",
    "image": "https://www.jumbo.com/dam-images/fit-in/360x360/Products/09082023_1691592916102_1691592922543_8719324820493_1.png",
    "available": true,
    "promoUntil": null
  },
  {
    "id": "698500FLS",
    "title": "Zwitsal Badolie 200 ML",
    "category": "Drogisterij en baby",
    "price": 10.99,
    "promoPrice": null,
    "pricePerUnit": "54.95 l",
    "image": "https://www.jumbo.com/dam-images/fit-in/360x360/Products/23052025_1747963710413_1747963738898_698500_FLS_08720181649684_C1N1.png",
    "available": true,
    "promoUntil": null
  },
  {
    "id": "670489DSL",
    "title": "Robijn Intense Wasparfum Tropical - 8 x 342 ml",
    "category": "Huishouden en dieren",
    "price": 55.92,
    "promoPrice": null,
    "pricePerUnit": "0.41 wb",
    "image": "https://www.jumbo.com/dam-images/fit-in/360x360/Products/08720181577185H1N14f2ba700-2f6c-4c3f-aa62-7b23d612ba14-1753099395612.png",
    "available": true,
    "promoUntil": null
  },
  {
    "id": "709768BLK",
    "title": "Royal Club Mojito 0% 250ML",
    "category": "Frisdrank en sappen",
    "price": 0.99,
    "promoPrice": null,
    "pricePerUnit": "3.96 l",
    "image": "https://www.jumbo.com/dam-images/fit-in/360x360/Products/17072025_1752753547728_1752753554875_709768_BLK_08715600248555_C1N1.png",
    "available": true,
    "promoUntil": null
  },
  {
    "id": "554357ZK",
    "title": "La Place Melkchocolade Bites met Appel & Noten 150 g",
    "category": "Koek, snoep, chocolade en chips",
    "price": 3.99,
    "promoPrice": null,
    "pricePerUnit": "26.6 kg",
    "image": "https://www.jumbo.com/dam-images/fit-in/360x360/Products/09082023_1691593195404_1691593217974_8718452721191_1.png",
    "available": true,
    "promoUntil": null
  },
  {
    "id": "648018TUB",
    "title": "Mutti Tomatenpuree Doppio Concentrato Bio Tube 185g",
    "category": "Wereldkeukens, kruiden, pasta en rijst",
    "price": 2.69,
    "promoPrice": null,
    "pricePerUnit": "14.54 kg",
    "image": "https://www.jumbo.com/dam-images/fit-in/360x360/Products/28082024_1724855204601_1724855210139_648018_TUB_08005110001673_C1N1.png",
    "available": true,
    "promoUntil": null
  },
  {
    "id": "396479STK",
    "title": "Jumbo Zesty Orange Flavour 100 g",
    "category": "Koek, snoep, chocolade en chips",
    "price": 1.99,
    "promoPrice": null,
    "pricePerUnit": "19.9 kg",
    "image": "https://www.jumbo.com/dam-images/fit-in/360x360/Products/09082023_1691587629256_1691587647610_8718452501656_1.png",
    "available": true,
    "promoUntil": null
  },
  {
    "id": "127829POT",
    "title": "L'OrÃ©al Paris Studio Line Remix Styling Paste 5 Strong 150 ml",
    "category": "Drogisterij en baby",
    "price": 6.99,
    "promoPrice": null,
    "pricePerUnit": "46.6 l",
    "image": "https://www.jumbo.com/dam-images/fit-in/360x360/Products/09082023_1691591215279_1691591242878_3600522471165_1.png",
    "available": true,
    "promoUntil": null
  },
  {
    "id": "548103STK",
    "title": "Pataks Naan plain",
    "category": "Wereldkeukens, kruiden, pasta en rijst",
    "price": 2.93,
    "promoPrice": null,
    "pricePerUnit": "13.32 kg",
    "image": "https://www.jumbo.com/dam-images/fit-in/360x360/Products/11072024_1720664588082_1720664594714_548103_STK_05010338301729_C1N1.png",
    "available": true,
    "promoUntil": null
  },
  {
    "id": "419908ZK",
    "title": "Perfect Fit - Kat - Adult - Active - Kattenbrokken - Rund - 1,4kg",
    "category": "Huishouden en dieren",
    "price": 11.07,
    "promoPrice": null,
    "pricePerUnit": "7.91 kg",
    "image": "https://www.jumbo.com/dam-images/fit-in/360x360/Products/12022025_1739330696363_1739330700245_419908_ZK_04008429089862_C1N1.png",
    "available": true,
    "promoUntil": null
  },
  {
    "id": "665486TUB",
    "title": "Prodent Tandpasta Frisse Adem 75 ml",
    "category": "Drogisterij en baby",
    "price": 3.59,
    "promoPrice": null,
    "pricePerUnit": "47.87 l",
    "image": "https://www.jumbo.com/dam-images/fit-in/360x360/Products/19022025_1739953990852_1739953995120_8720181501128_1.png",
    "available": true,
    "promoUntil": null
  },
  {
    "id": "523940TUB",
    "title": "Nivea Soft Hydraterende CrÃ¨me 75 ml",
    "category": "Drogisterij en baby",
    "price": 3.99,
    "promoPrice": null,
    "pricePerUnit": "53.2 l",
    "image": "https://www.jumbo.com/dam-images/fit-in/360x360/Products/03022024_1706930672554_1706930673186_523940_TUB_04005900963550_C1N1.png",
    "available": true,
    "promoUntil": null
  },
  {
    "id": "214731BAK",
    "title": "Maza Esfenaj",
    "category": "Vleeswaren, kaas en tapas",
    "price": 2.09,
    "promoPrice": null,
    "pricePerUnit": "10.45 kg",
    "image": "https://www.jumbo.com/dam-images/fit-in/360x360/Products/29082025_1756431961576_1756431970478_214731_BAK_08714779003897_A1N1.png",
    "available": true,
    "promoUntil": null
  },
  {
    "id": "626777STK",
    "title": "Organix Snacks Pakket 7+m 4 stuks",
    "category": "Drogisterij en baby",
    "price": 2.36,
    "promoPrice": null,
    "pricePerUnit": "None None",
    "image": "https://www.jumbo.com/dam-images/fit-in/360x360/Products/626777STK331292f71-6138-4450-b41f-6d1dad76b331-1714549803179.png",
    "available": false,
    "promoUntil": null
  },
  {
    "id": "548499ZK",
    "title": "Libresse Goodnight Maandverbanden Ultra Large+ with Wings Big Pack 18 Stuks",
    "category": "Drogisterij en baby",
    "price": 4.89,
    "promoPrice": null,
    "pricePerUnit": "0.27 pieces",
    "image": "https://www.jumbo.com/dam-images/fit-in/360x360/Products/09042024_1712629389356_1712629394082_548499_ZK_.png",
    "available": true,
    "promoUntil": null
  },
  {
    "id": "703993FLS",
    "title": "Lowlander Pumpkin Weizen 330ML",
    "category": "Bier en wijn",
    "price": 2.59,
    "promoPrice": null,
    "pricePerUnit": "7.85 l",
    "image": "https://www.jumbo.com/dam-images/fit-in/360x360/Products/11062025_1749636174978_1749636176257_703993_FLS_08719992646951_A1N1.png",
    "available": true,
    "promoUntil": null
  },
  {
    "id": "540496BLK",
    "title": "Tenzing Natural Energy Pineapple & Passionfruit 250 ml",
    "category": "Frisdrank en sappen",
    "price": 1.49,
    "promoPrice": null,
    "pricePerUnit": "5.96 l",
    "image": "https://www.jumbo.com/dam-images/fit-in/360x360/Products/19122024_1734622375344_1734622381351_5060444850833_1.png",
    "available": true,
    "promoUntil": null
  },
  {
    "id": "203974STK",
    "title": "Van der Meulen Melba Toast Meergranen 120 g",
    "category": "Koek, snoep, chocolade en chips",
    "price": 1.47,
    "promoPrice": null,
    "pricePerUnit": "12.25 kg",
    "image": "https://www.jumbo.com/dam-images/fit-in/360x360/Products/20012024_1705721418931_1705721426133_203974_STK_08710649121029_C1N1.png",
    "available": true,
    "promoUntil": null
  },
  {
    "id": "310334STK",
    "title": "Lutti Party Mix 315 g",
    "category": "Koek, snoep, chocolade en chips",
    "price": 3.6,
    "promoPrice": null,
    "pricePerUnit": "11.43 kg",
    "image": "https://www.jumbo.com/dam-images/fit-in/360x360/Products/01022024_1706780104290_1706780117692_5400787025435_1.png",
    "available": true,
    "promoUntil": null
  },
  {
    "id": "828890PAK",
    "title": "Smint Mint Suikervrij Dispenser 2 x 40 stuks",
    "category": "Koek, snoep, chocolade en chips",
    "price": 2.47,
    "promoPrice": null,
    "pricePerUnit": "154.38 kg",
    "image": "https://www.jumbo.com/dam-images/fit-in/360x360/Products/07072025_1751902635021_1751902638510_8410031915990_1.png",
    "available": true,
    "promoUntil": null
  },
  {
    "id": "560514ZK",
    "title": "Smuldier Vers Vlees Brokjes Lam met Rijst 300 g",
    "category": "Diepvries",
    "price": 2.49,
    "promoPrice": null,
    "pricePerUnit": "8.3 kg",
    "image": "https://www.jumbo.com/dam-images/fit-in/360x360/Products/09082023_1691592312920_1691592337151_8720795353052_1.png",
    "available": true,
    "promoUntil": null
  },
  {
    "id": "623496RP",
    "title": "WeCare Flavour Peanut Nougat Meal Replacement Bars 2 x 58 g",
    "category": "Koek, snoep, chocolade en chips",
    "price": 3.19,
    "promoPrice": null,
    "pricePerUnit": "27.5 kg",
    "image": "https://www.jumbo.com/dam-images/fit-in/360x360/Products/28052025_1748439308466_1748439321515_5410063042131_1.png",
    "available": true,
    "promoUntil": null
  },
  {
    "id": "693865TRA",
    "title": "Saint Agur Blauwaderkaas 125g",
    "category": "Vleeswaren, kaas en tapas",
    "price": 3.79,
    "promoPrice": null,
    "pricePerUnit": "30.32 kg",
    "image": "https://www.jumbo.com/dam-images/fit-in/360x360/Products/17052025_1747449450251_1747449458941_693865_TRA_03341500006008_A1N1_s12.png",
    "available": true,
    "promoUntil": null
  },
  {
    "id": "626397ZK",
    "title": "Saitaku Poke Sprinkle Crunchy Seaweed Flakes & Sesame Seeds 10g",
    "category": "Wereldkeukens, kruiden, pasta en rijst",
    "price": 1.57,
    "promoPrice": null,
    "pricePerUnit": "157.0 kg",
    "image": "https://www.jumbo.com/dam-images/fit-in/360x360/Products/23042024_1713875436499_1713875441729_626397_ZK_05060194792582_C1N1.png",
    "available": true,
    "promoUntil": null
  },
  {
    "id": "155734POT",
    "title": "NIVEA MEN CrÃ¨me Blik - 150ml - Voor gezicht, lichaam en handen - Lichte Formule - Met vitamine E - Trekt Snel In",
    "category": "Drogisterij en baby",
    "price": 10.49,
    "promoPrice": null,
    "pricePerUnit": "69.93 l",
    "image": "https://www.jumbo.com/dam-images/fit-in/360x360/Products/19082025_1755603161632_1755603164750_4005900115775_1.png",
    "available": true,
    "promoUntil": null
  },
  {
    "id": "190658CUP",
    "title": "Sheba Mini Filets in Saus met Kip & Kalkoen 85 g",
    "category": "Huishouden en dieren",
    "price": 0.84,
    "promoPrice": null,
    "pricePerUnit": "9.88 kg",
    "image": "https://www.jumbo.com/dam-images/fit-in/360x360/Products/22042024_1713800057969_1713800083379_4008429071010_596.png",
    "available": true,
    "promoUntil": null
  },
  {
    "id": "684404FLS",
    "title": "L'OrÃ©al Paris Elvive Extraordinary Oil Voedende Conditioner 200 ml",
    "category": "Drogisterij en baby",
    "price": 7.29,
    "promoPrice": null,
    "pricePerUnit": "36.45 l",
    "image": "https://www.jumbo.com/dam-images/fit-in/360x360/Products/06072024_1720235287063_1720235289307_211048_STK_03600523609451_C1N1.png",
    "available": true,
    "promoUntil": null
  },
  {
    "id": "560261DS",
    "title": "Lassie Basmatirijst duurzaam builtje 4 x 75 g",
    "category": "Wereldkeukens, kruiden, pasta en rijst",
    "price": 2.47,
    "promoPrice": null,
    "pricePerUnit": "8.23 kg",
    "image": "https://www.jumbo.com/dam-images/fit-in/360x360/Products/03052024_1714706084892_1714706088930_560261_DS_08718781601928_H1N1_R.png",
    "available": true,
    "promoUntil": null
  },
  {
    "id": "443893STK",
    "title": "Luxe Kaasplankje (Expert kaaseter) - 4/6 personen",
    "category": "Vleeswaren, kaas en tapas",
    "price": 13.19,
    "promoPrice": null,
    "pricePerUnit": "None None",
    "image": "https://www.jumbo.com/dam-images/fit-in/360x360/Products/443893STKd43c91ee-a6a7-47b7-ae95-5d06953dcfb8-1705486199911.png",
    "available": true,
    "promoUntil": null
  },
  {
    "id": "520043ZK",
    "title": "McCain Tradition Klassiek Frieten 1 kg",
    "category": "Aardappelen, groente en fruit",
    "price": 2.99,
    "promoPrice": null,
    "pricePerUnit": "2.99 kg",
    "image": "https://www.jumbo.com/dam-images/fit-in/360x360/Products/17102024_1729175586459_1729175592388_5410171002034_1.png",
    "available": true,
    "promoUntil": null
  },
  {
    "id": "608103DS",
    "title": "Mora Oven & Airfryer Empanada Spicy Beef 2x70g",
    "category": "Diepvries",
    "price": 2.39,
    "promoPrice": null,
    "pricePerUnit": "17.07 kg",
    "image": "https://www.jumbo.com/dam-images/fit-in/360x360/Products/03012024_1704296541236_1704296559545_608103_DS_08710861914522_C1N1.png",
    "available": true,
    "promoUntil": null
  },
  {
    "id": "568486ZK",
    "title": "Red Band Dropfruit Duo's 120 g",
    "category": "Koek, snoep, chocolade en chips",
    "price": 1.45,
    "promoPrice": null,
    "pricePerUnit": "12.08 kg",
    "image": "https://www.jumbo.com/dam-images/fit-in/360x360/Products/30042024_1714487588547_1714487592977_8713800143410_1.png",
    "available": true,
    "promoUntil": null
  },
  {
    "id": "446681FLS",
    "title": "SPA REINE Natuurlijk Mineraalwater 33cl",
    "category": "Frisdrank en sappen",
    "price": 0.59,
    "promoPrice": null,
    "pricePerUnit": "1.79 l",
    "image": "https://www.jumbo.com/dam-images/fit-in/360x360/Products/13122024_1734062331320_1734062337460_446681_FLS_05410013128700_H1N1.png",
    "available": false,
    "promoUntil": null
  },
  {
    "id": "696936FLS",
    "title": "Sportwater Lemon 500 ML",
    "category": "Frisdrank en sappen",
    "price": 1.19,
    "promoPrice": null,
    "pricePerUnit": "2.38 l",
    "image": "https://www.jumbo.com/dam-images/fit-in/360x360/Products/17062025_1750124185039_1750124188066_696936_FLS_08722200962774_C1N1.png",
    "available": true,
    "promoUntil": null
  },
  {
    "id": "482556STK",
    "title": "elmexÂ® Sensitive Professional Tandenborstel 1 Stuk",
    "category": "Drogisterij en baby",
    "price": 4.79,
    "promoPrice": null,
    "pricePerUnit": "4.79 pieces",
    "image": "https://www.jumbo.com/dam-images/fit-in/360x360/Products/02082024_1722567611213_1722567613517_482556_STK_08718951129498_C1N1.png",
    "available": true,
    "promoUntil": null
  },
  {
    "id": "515448ZK",
    "title": "Santa Maria Fajita Kruidenmix geen zout toegevoegd 25 g",
    "category": "Wereldkeukens, kruiden, pasta en rijst",
    "price": 1.08,
    "promoPrice": null,
    "pricePerUnit": "43.2 kg",
    "image": "https://www.jumbo.com/dam-images/fit-in/360x360/Products/13092025_1757727103899_1757727120247_515448_ZK_.png",
    "available": true,
    "promoUntil": null
  },
  {
    "id": "703574FLS",
    "title": "Santa Maria Lime & JalapeÃ±o Mayo 242 g",
    "category": "Wereldkeukens, kruiden, pasta en rijst",
    "price": 3.26,
    "promoPrice": null,
    "pricePerUnit": "13.04 l",
    "image": "https://www.jumbo.com/dam-images/fit-in/360x360/Products/13092025_1757731495677_1757731503590_703574_FLS_07311312009258_C1N1.png",
    "available": true,
    "promoUntil": null
  },
  {
    "id": "657368DS",
    "title": "Scrub Daddy Damp Duster Yellow 1 Stuk",
    "category": "Huishouden en dieren",
    "price": 3.99,
    "promoPrice": null,
    "pricePerUnit": "3.99 pieces",
    "image": "https://www.jumbo.com/dam-images/fit-in/360x360/Products/ScrubDaddyDampDustergeel1stukSSC00251m1big09e8609d-8483-4bf5-9e65-453aef72f271-1751379463875.png",
    "available": true,
    "promoUntil": null
  },
  {
    "id": "470947TRL",
    "title": "Sheba Finesse Mousse met Zalm 22 x 85 g",
    "category": "Huishouden en dieren",
    "price": 17.99,
    "promoPrice": null,
    "pricePerUnit": "9.62 kg",
    "image": "https://www.jumbo.com/dam-images/fit-in/360x360/Products/4008429145988b0494b84-bff9-4646-907b-e062acbc819e-1745848053752.png",
    "available": true,
    "promoUntil": null
  },
  {
    "id": "684173ZK",
    "title": "Tilda Pure Original Basmati Rijst 500g",
    "category": "Wereldkeukens, kruiden, pasta en rijst",
    "price": 2.76,
    "promoPrice": null,
    "pricePerUnit": "5.52 kg",
    "image": "https://www.jumbo.com/dam-images/fit-in/360x360/Products/04032025_1741077515440_1741077519123_684173_ZK_05011157630175_C1N1.png",
    "available": true,
    "promoUntil": null
  },
  {
    "id": "574690ZK",
    "title": "Tony's Chocolonely Lil' Bits Melk Marshmallow & Biscuit Mix 120 g",
    "category": "Koek, snoep, chocolade en chips",
    "price": 2.0,
    "promoPrice": null,
    "pricePerUnit": "16.67 kg",
    "image": "https://www.jumbo.com/dam-images/fit-in/360x360/Products/25062024_1719283364678_1719283370558_574690_ZK_08719956494413_C1N1.png",
    "available": true,
    "promoUntil": null
  },
  {
    "id": "647137ZK",
    "title": "Proper Sweet & Salty 90g",
    "category": "Koek, snoep, chocolade en chips",
    "price": 2.39,
    "promoPrice": null,
    "pricePerUnit": "26.56 kg",
    "image": "https://www.jumbo.com/dam-images/fit-in/360x360/Products/31102024_1730343059980_1730343066645_647137_ZK_05060283760072_C1N1.png",
    "available": true,
    "promoUntil": null
  },
  {
    "id": "511108ZK",
    "title": "Vicks Bonbons Blue VapoPlus Menthol Suikervrij 72 g",
    "category": "Koek, snoep, chocolade en chips",
    "price": 2.06,
    "promoPrice": null,
    "pricePerUnit": "29.43 kg",
    "image": "https://www.jumbo.com/dam-images/fit-in/360x360/Products/29092023_1695995016048_1695995029291_4030300022521_1.png",
    "available": true,
    "promoUntil": null
  },
  {
    "id": "540630FLS",
    "title": "Sloane's - Gin & Tonic Original - 250ML",
    "category": "Bier en wijn",
    "price": 2.59,
    "promoPrice": null,
    "pricePerUnit": "10.36 l",
    "image": "https://www.jumbo.com/dam-images/fit-in/360x360/Products/13112023_1699893188079_1699893196421_8712436133710_1.png",
    "available": true,
    "promoUntil": null
  },
  {
    "id": "616718TUB",
    "title": "Sensodyne Deep Clean Gel tandpasta voor gevoelige tanden 75ML",
    "category": "Drogisterij en baby",
    "price": 5.79,
    "promoPrice": null,
    "pricePerUnit": "77.2 l",
    "image": "https://www.jumbo.com/dam-images/fit-in/360x360/Products/28032024_1711632850556_1711632855057_5054563193810_1.png",
    "available": true,
    "promoUntil": null
  }
]