[
  {
    "id": "653620FLS",
    "title": "Celebrations Fles chocolaatjes mix cadeauverpakking 296g",
    "category": "Koek, snoep, chocolade en chips",
    "price": 8.59,
    "promoPrice": null,
    "pricePerUnit": "29.02 kg",
    "image": "https://www.jumbo.com/dam-images/fit-in/360x360/Products/15052025_1747330447206_1747330495803_5000159565776_596.png",
    "available": true,
    "promoUntil": null
  },
  {
    "id": "313963ZK",
    "title": "Jan Poffertjes Familiezak 620 g",
    "category": "Verse maaltijden en gemak",
    "price": 3.99,
    "promoPrice": null,
    "pricePerUnit": "6.44 kg",
    "image": "https://www.jumbo.com/dam-images/fit-in/360x360/Products/12062025_1749694481111_1749694495898_313963_ZK_08712941331564_H1N1.png",
    "available": true,
    "promoUntil": null
  },
  {
    "id": "635979ZK",
    "title": "Edet Comfort 16 Stuks",
    "category": "Huishouden en dieren",
    "price": 16.99,
    "promoPrice": null,
    "pricePerUnit": "1.06 pieces",
    "image": "https://www.jumbo.com/dam-images/fit-in/360x360/Products/31012025_1738298130850_1738298134930_635979_ZK_.png",
    "available": true,
    "promoUntil": null
  },
  {
    "id": "127771STK",
    "title": "Merci Chocolade Luxe Geschenkdoos 400g",
    "category": "Koek, snoep, chocolade en chips",
    "price": 9.11,
    "promoPrice": null,
    "pricePerUnit": "22.78 kg",
    "image": "https://www.jumbo.com/dam-images/fit-in/360x360/Products/02092025_1756778557821_1756778561552_127771_STK_04014400900217_C1N1.png",
    "available": true,
    "promoUntil": null
  },
  {
    "id": "669712FLS",
    "title": "Lenor Wasverzachter 42 Wasbeurten",
    "category": "Huishouden en dieren",
    "price": 7.69,
    "promoPrice": null,
    "pricePerUnit": "0.18 wb",
    "image": "https://www.jumbo.com/dam-images/fit-in/360x360/Products/14082025_1755200015186_1755200020009_8700216673488_1.png",
    "available": true,
    "promoUntil": null
  },
  {
    "id": "165706PAK",
    "title": "Jumbo Lasagnebladen Naturel 250 g",
    "category": "Wereldkeukens, kruiden, pasta en rijst",
    "price": 0.85,
    "promoPrice": null,
    "pricePerUnit": "3.4 kg",
    "image": "https://www.jumbo.com/dam-images/fit-in/360x360/Products/165706PAK-1692279817106.png",
    "available": true,
    "promoUntil": null
  },
  {
    "id": "651801ZK",
    "title": "Croky Chips Naturel 200g",
    "category": "Koek, snoep, chocolade en chips",
    "price": 2.29,
    "promoPrice": null,
    "pricePerUnit": "11.45 kg",
    "image": "https://www.jumbo.com/dam-images/fit-in/360x360/Products/04062025_1749040467809_1749040483525_5414359922008_596.png",
    "available": true,
    "promoUntil": null
  },
  {
    "id": "535834CUP",
    "title": "MonChou Zacht & Luchtig 200 g",
    "category": "Vleeswaren, kaas en tapas",
    "price": 2.99,
    "promoPrice": null,
    "pricePerUnit": "14.95 kg",
    "image": "https://www.jumbo.com/dam-images/fit-in/360x360/Products/08102024_1728390792591_1728390795054_8715300202963_1.png",
    "available": true,
    "promoUntil": null
  },
  {
    "id": "197582POT",
    "title": "Jumbo Zongedroogde Tomaten 280 g",
    "category": "Wereldkeukens, kruiden, pasta en rijst",
    "price": 1.68,
    "promoPrice": null,
    "pricePerUnit": "9.33 kg",
    "image": "https://www.jumbo.com/dam-images/fit-in/360x360/Products/09092025_1757421312261_1757421318221_8718452288229_1.png",
    "available": true,
    "promoUntil": null
  },
  {
    "id": "183624POT",
    "title": "Jumbo Kerrie 32 g",
    "category": "Wereldkeukens, kruiden, pasta en rijst",
    "price": 2.09,
    "promoPrice": null,
    "pricePerUnit": "65.31 kg",
    "image": "https://www.jumbo.com/dam-images/fit-in/360x360/Products/12122024_1734014401910_1734014406219_87337792_1.png",
    "available": true,
    "promoUntil": null
  },
  {
    "id": "513186DS",
    "title": "Knorr Wereldgerechten Maaltijdpakket Indiase Kip Madras 326 g",
    "category": "Wereldkeukens, kruiden, pasta en rijst",
    "price": 4.69,
    "promoPrice": null,
    "pricePerUnit": "14.39 kg",
    "image": "https://www.jumbo.com/dam-images/fit-in/360x360/Products/21082025_1755768842372_1755768850640_8720182264893_1.png",
    "available": true,
    "promoUntil": null
  },
  {
    "id": "194089STK",
    "title": "Milner 30+ Jong Kaas Stuk 450 g",
    "category": "Vleeswaren, kaas en tapas",
    "price": 7.59,
    "promoPrice": null,
    "pricePerUnit": "16.87 kg",
    "image": "https://www.jumbo.com/dam-images/fit-in/360x360/Products/21112024_1732214220488_1732214234877_8710912056430_6.png",
    "available": true,
    "promoUntil": null
  },
  {
    "id": "514687DS",
    "title": "Jumbo Wokgarnalen 250g",
    "category": "Diepvries",
    "price": 4.99,
    "promoPrice": null,
    "pricePerUnit": "19.96 kg",
    "image": "https://www.jumbo.com/dam-images/fit-in/360x360/Products/11082023_1691742799445_1691742809989_8718452581542_1.png",
    "available": true,
    "promoUntil": null
  },
  {
    "id": "650556ZK",
    "title": "Jumbo Zoete Aardappel Frites 1kg",
    "category": "Diepvries",
    "price": 4.99,
    "promoPrice": null,
    "pricePerUnit": "4.99 kg",
    "image": "https://www.jumbo.com/dam-images/fit-in/360x360/Products/13112024_1731515619258_1731515629934_8718452816644_1.png",
    "available": true,
    "promoUntil": null
  },
  {
    "id": "513261DS",
    "title": "Knorr Wereldgerechten Burrito's Mexicaanse 228 g",
    "category": "Wereldkeukens, kruiden, pasta en rijst",
    "price": 3.29,
    "promoPrice": null,
    "pricePerUnit": "14.43 kg",
    "image": "https://www.jumbo.com/dam-images/fit-in/360x360/Products/19092025_1758292429904_1758292442184_8720182150066_1.png",
    "available": true,
    "promoUntil": null
  },
  {
    "id": "217448FLS",
    "title": "Klein Vriend - Merlot - 750ML",
    "category": "Bier en wijn",
    "price": 3.29,
    "promoPrice": null,
    "pricePerUnit": "4.39 l",
    "image": "https://www.jumbo.com/dam-images/fit-in/360x360/Products/09082023_1691589167423_1691589174958_4041584003168_1.png",
    "available": true,
    "promoUntil": null
  },
  {
    "id": "666330TRA",
    "title": "Jumbo Lemon Cheesecake Smaak Koekjes met Crèmevulling en Musket 200 g",
    "category": "Koek, snoep, chocolade en chips",
    "price": 2.09,
    "promoPrice": null,
    "pricePerUnit": "10.45 kg",
    "image": "https://www.jumbo.com/dam-images/fit-in/360x360/Products/18042025_1744972367920_1744972373105_8718452875290_1.png",
    "available": true,
    "promoUntil": null
  },
  {
    "id": "347463DS",
    "title": "Mora Oven & Airfryer Goudse Mini Kaassoufflés 252 g",
    "category": "Diepvries",
    "price": 4.99,
    "promoPrice": null,
    "pricePerUnit": "19.8 kg",
    "image": "https://www.jumbo.com/dam-images/fit-in/360x360/Products/26042025_1745633703844_1745633711885_347463_DS_08710861940910_H1N1.png",
    "available": true,
    "promoUntil": null
  },
  {
    "id": "192034ZK",
    "title": "Jumbo Geroosterde Pijnboompitten 30 g",
    "category": "Aardappelen, groente en fruit",
    "price": 1.99,
    "promoPrice": null,
    "pricePerUnit": "66.33 kg",
    "image": "https://www.jumbo.com/dam-images/fit-in/360x360/Products/18062024_1718724829647_1718724836520_8718452236343_1.png",
    "available": true,
    "promoUntil": null
  },
  {
    "id": "270398FLS",
    "title": "Mezzacorona - Pinot Grigio - Riserva - 750ML",
    "category": "Bier en wijn",
    "price": 9.99,
    "promoPrice": null,
    "pricePerUnit": "13.32 l",
    "image": "https://www.jumbo.com/dam-images/fit-in/360x360/Products/09092025_1757380222198_1757380223063_270398_FLS_08004305002105_A1N1.png",
    "available": true,
    "promoUntil": null
  },
  {
    "id": "423363ZK",
    "title": "Jumbo Veldsla 85 g",
    "category": "Aardappelen, groente en fruit",
    "price": 1.29,
    "promoPrice": null,
    "pricePerUnit": "15.18 kg",
    "image": "https://www.jumbo.com/dam-images/fit-in/360x360/Products/05062024_1717601667540_1717601676359_8718452793365_1.png",
    "available": true,
    "promoUntil": null
  },
  {
    "id": "620978FLS",
    "title": "Ambi Pur Luchtverfrisser Spray Vleugje Bloesem",
    "category": "Huishouden en dieren",
    "price": 4.49,
    "promoPrice": null,
    "pricePerUnit": "24.27 l",
    "image": "https://www.jumbo.com/dam-images/fit-in/360x360/Products/19082025_1755610397780_1755610401791_8700216267229_1.png",
    "available": true,
    "promoUntil": null
  },
  {
    "id": "575881STK",
    "title": "Jumbo Goudse Kaas 48+ Komijn Jong Belegen Stuk 450 g",
    "category": "Vleeswaren, kaas en tapas",
    "price": 4.93,
    "promoPrice": null,
    "pricePerUnit": "10.96 kg",
    "image": "https://www.jumbo.com/dam-images/fit-in/360x360/Products/14022024_1707873372838_1707873377887_8718452695416_1.png",
    "available": true,
    "promoUntil": null
  },
  {
    "id": "81985ZK",
    "title": "Grand'Italia Gnocchi di Patate 500 g",
    "category": "Wereldkeukens, kruiden, pasta en rijst",
    "price": 2.35,
    "promoPrice": null,
    "pricePerUnit": "4.7 kg",
    "image": "https://www.jumbo.com/dam-images/fit-in/360x360/Products/08032025_1741400014309_1741400017813_81985_ZK_08000050217221_H1N1.png",
    "available": true,
    "promoUntil": null
  },
  {
    "id": "679541DS",
    "title": "Swiffer Vloerreiniger Vochtige Doekjes Navullingen X20",
    "category": "Huishouden en dieren",
    "price": 10.49,
    "promoPrice": null,
    "pricePerUnit": "0.52 pieces",
    "image": "https://www.jumbo.com/dam-images/fit-in/360x360/Products/15082025_1755216056669_1755216061345_8700216671958_1.png",
    "available": true,
    "promoUntil": null
  },
  {
    "id": "674077FLS",
    "title": "Jumbo Fruitsiroop Perzik met Appel 0% Suiker Toegevoegd 750ML",
    "category": "Frisdrank en sappen",
    "price": 3.39,
    "promoPrice": null,
    "pricePerUnit": "4.52 l",
    "image": "https://www.jumbo.com/dam-images/fit-in/360x360/Products/25042025_1745584348167_1745584352419_8718452889211_1.png",
    "available": true,
    "promoUntil": null
  },
  {
    "id": "676209TRA",
    "title": "Vivera Plantaardige Crispy Chicken Burger 2 Stuks",
    "category": "Vlees, vis en vega",
    "price": 3.79,
    "promoPrice": null,
    "pricePerUnit": "18.95 kg",
    "image": "https://www.jumbo.com/dam-images/fit-in/360x360/Products/14062025_1749868698136_1749868703016_676209_TRA_08718300862090_C1N1.png",
    "available": true,
    "promoUntil": null
  },
  {
    "id": "594602SC",
    "title": "Vers Aan Tafel Macaroni Tomatensaus met Ham en Kaas 550 g",
    "category": "Verse maaltijden en gemak",
    "price": 5.99,
    "promoPrice": null,
    "pricePerUnit": "10.89 kg",
    "image": "https://www.jumbo.com/dam-images/fit-in/360x360/Products/14022024_1707873857194_1707873869876_8717568249384_1.png",
    "available": true,
    "promoUntil": null
  },
  {
    "id": "63874ZK",
    "title": "Aviko Aardappelschotel Zwitserse Stijl 450 g",
    "category": "Diepvries",
    "price": 2.69,
    "promoPrice": null,
    "pricePerUnit": "5.98 kg",
    "image": "https://www.jumbo.com/dam-images/fit-in/360x360/Products/15102024_1728999188497_1728999204703_8710449914913_1.png",
    "available": true,
    "promoUntil": null
  },
  {
    "id": "632698ZK",
    "title": "Jumbo Macaroni/Spaghetti Groente 250 g",
    "category": "Aardappelen, groente en fruit",
    "price": 1.49,
    "promoPrice": null,
    "pricePerUnit": "5.96 kg",
    "image": "https://www.jumbo.com/dam-images/fit-in/360x360/Products/07022025_1738956793515_1738956806770_8718452818280_1.png",
    "available": true,
    "promoUntil": null
  },
  {
    "id": "669600FLS",
    "title": "Ariel Vloeibaar Wasmiddel +Actief, 20 Wasbeurten",
    "category": "Huishouden en dieren",
    "price": 15.99,
    "promoPrice": null,
    "pricePerUnit": "0.8 wb",
    "image": "https://www.jumbo.com/dam-images/fit-in/360x360/Products/14082025_1755200014913_1755200019525_8700216604499_1.png",
    "available": true,
    "promoUntil": null
  },
  {
    "id": "376049STK",
    "title": "Jumbo Zoete Punt Paprika Mix 3 Stuks",
    "category": "Aardappelen, groente en fruit",
    "price": 2.45,
    "promoPrice": null,
    "pricePerUnit": "0.82 pieces",
    "image": "https://www.jumbo.com/dam-images/fit-in/360x360/Products/09082023_1691585027054_1691585044330_8718452347278_1.png",
    "available": true,
    "promoUntil": null
  },
  {
    "id": "694026CUP",
    "title": "Jumbo Wraphapje Kip Pesto met Roomkaas 110 g",
    "category": "Vleeswaren, kaas en tapas",
    "price": 2.99,
    "promoPrice": null,
    "pricePerUnit": "27.18 kg",
    "image": "https://www.jumbo.com/dam-images/fit-in/360x360/Products/08072025_1751988827857_1751988835695_8718452923106_1.png",
    "available": true,
    "promoUntil": null
  },
  {
    "id": "450569FLS",
    "title": "Jumbo Huiswijn - Halfzoet Rosé - 1L",
    "category": "Bier en wijn",
    "price": 4.69,
    "promoPrice": null,
    "pricePerUnit": "4.69 l",
    "image": "https://www.jumbo.com/dam-images/fit-in/360x360/Products/450569_8718452554614_1_T1_450569FLS1691162012638.png",
    "available": true,
    "promoUntil": null
  },
  {
    "id": "203462FLS",
    "title": "Hugo - Vlierbloesem & Lime Smaak - 750ML",
    "category": "Bier en wijn",
    "price": 2.55,
    "promoPrice": null,
    "pricePerUnit": "3.4 l",
    "image": "https://www.jumbo.com/dam-images/fit-in/360x360/Products/09082023_1691586111927_1691586117899_4003301080593_1.png",
    "available": true,
    "promoUntil": null
  },
  {
    "id": "223014STK",
    "title": "Conimex Ketjap Manis 500 ml",
    "category": "Wereldkeukens, kruiden, pasta en rijst",
    "price": 2.96,
    "promoPrice": null,
    "pricePerUnit": "5.92 l",
    "image": "https://www.jumbo.com/dam-images/fit-in/360x360/Products/22082025_1755828472783_1755828498546_223014_STK_08711200382309_H1N1.png",
    "available": true,
    "promoUntil": null
  },
  {
    "id": "269541DSL",
    "title": "Jumbo Huiswijn - Sauvignon Blanc 6 x 1 L",
    "category": "Bier en wijn",
    "price": 29.34,
    "promoPrice": null,
    "pricePerUnit": "4.89 l",
    "image": "https://www.jumbo.com/dam-images/fit-in/360x360/Products/269541DSL-1692282783825.png",
    "available": true,
    "promoUntil": null
  },
  {
    "id": "513653TRA",
    "title": "Garden Gourmet Falafel Pikant",
    "category": "Vlees, vis en vega",
    "price": 3.43,
    "promoPrice": null,
    "pricePerUnit": "18.05 kg",
    "image": "https://www.jumbo.com/dam-images/fit-in/360x360/Products/23092025_1758595114148_1758595145361_513653_TRA_07613039945018_C1N1_s01.png",
    "available": true,
    "promoUntil": null
  },
  {
    "id": "609432ZK",
    "title": "Jumbo Grillworst met Kaas 230 g",
    "category": "Vleeswaren, kaas en tapas",
    "price": 3.5,
    "promoPrice": null,
    "pricePerUnit": "15.22 kg",
    "image": "https://www.jumbo.com/dam-images/fit-in/360x360/Products/05022024_1707150793324_1707150802212_8718452804801_1.png",
    "available": true,
    "promoUntil": null
  },
  {
    "id": "416523PAK",
    "title": "Carr's Cream Crackers 200 g",
    "category": "Koek, snoep, chocolade en chips",
    "price": 1.18,
    "promoPrice": null,
    "pricePerUnit": "5.9 kg",
    "image": "https://www.jumbo.com/dam-images/fit-in/360x360/Products/12092023_1694483764389_1694483766551_416523_PAK_05000396036640_C1N1.png",
    "available": true,
    "promoUntil": null
  },
  {
    "id": "536543PAK",
    "title": "De Klok - Pils - 6x Blik - 330ML",
    "category": "Bier en wijn",
    "price": 3.99,
    "promoPrice": null,
    "pricePerUnit": "2.02 l",
    "image": "https://www.jumbo.com/dam-images/fit-in/360x360/Products/08716700018994C1N1f54debc8-bf6f-4129-9081-eb88c1248252-1758094882400.png",
    "available": true,
    "promoUntil": null
  },
  {
    "id": "478395DS",
    "title": "Dr. Oetker Ristorante Pizza Mozzarella 355 g",
    "category": "Diepvries",
    "price": 3.19,
    "promoPrice": null,
    "pricePerUnit": "8.99 kg",
    "image": "https://www.jumbo.com/dam-images/fit-in/360x360/Products/17042025_1744861796975_1744861805182_478395_DS_04001724039112_C1N1_s05.png",
    "available": true,
    "promoUntil": null
  },
  {
    "id": "676434ZK",
    "title": "Dreft Platinum Plus All In One Vaatwastabletten Anti-dofheidstechnologie 36 X",
    "category": "Huishouden en dieren",
    "price": 24.99,
    "promoPrice": null,
    "pricePerUnit": "0.69 pieces",
    "image": "https://www.jumbo.com/dam-images/fit-in/360x360/Products/15082025_1755216083166_1755216088738_8700216652308_1.png",
    "available": true,
    "promoUntil": null
  },
  {
    "id": "413526TRA",
    "title": "Jumbo Aardappelpuree 500 g",
    "category": "Aardappelen, groente en fruit",
    "price": 1.72,
    "promoPrice": null,
    "pricePerUnit": "3.44 kg",
    "image": "https://www.jumbo.com/dam-images/fit-in/360x360/Products/24032025_1742830392246_1742830398252_8718452882144_1.png",
    "available": true,
    "promoUntil": null
  },
  {
    "id": "675891CUP",
    "title": "Ben & Jerry's IJs Brookieees & Cream 465 ml",
    "category": "Diepvries",
    "price": 6.99,
    "promoPrice": null,
    "pricePerUnit": "15.03 l",
    "image": "https://www.jumbo.com/dam-images/fit-in/360x360/Products/17092025_1758072023435_1758072062741_675891_CUP_08711327666481_H1N1.png",
    "available": true,
    "promoUntil": null
  },
  {
    "id": "594636SC",
    "title": "Vers Aan Tafel Babi Ketjap met Bami 500 g",
    "category": "Verse maaltijden en gemak",
    "price": 5.99,
    "promoPrice": null,
    "pricePerUnit": "11.98 kg",
    "image": "https://www.jumbo.com/dam-images/fit-in/360x360/Products/14022024_1707873858851_1707873870216_8717568243979_1.png",
    "available": true,
    "promoUntil": null
  },
  {
    "id": "556462ZK",
    "title": "Jumbo Gemengde Drop Zoet & Zout 350 g",
    "category": "Koek, snoep, chocolade en chips",
    "price": 1.65,
    "promoPrice": null,
    "pricePerUnit": "4.71 kg",
    "image": "https://www.jumbo.com/dam-images/fit-in/360x360/Products/09082023_1691592915291_1691592992386_8718452689804_1.png",
    "available": true,
    "promoUntil": null
  },
  {
    "id": "153787CUP",
    "title": "Johma Beenhamsalade 175 g",
    "category": "Vleeswaren, kaas en tapas",
    "price": 3.35,
    "promoPrice": null,
    "pricePerUnit": "19.14 kg",
    "image": "https://www.jumbo.com/dam-images/fit-in/360x360/Products/19062025_1750305314873_1750305323836_153787_CUP_08710506037166_C1N1.png",
    "available": true,
    "promoUntil": null
  },
  {
    "id": "655493STK",
    "title": "Jumbo Zeeuws Spek 160 g",
    "category": "Vleeswaren, kaas en tapas",
    "price": 2.65,
    "promoPrice": null,
    "pricePerUnit": "16.56 kg",
    "image": "https://www.jumbo.com/dam-images/fit-in/360x360/Products/15112024_1731663279071_1731663286726_8718452875542_1.png",
    "available": true,
    "promoUntil": null
  },
  {
    "id": "676204STK",
    "title": "Vivera Plantaardige Kipkrokant Schnitzel 2 Stuks 200 g",
    "category": "Vlees, vis en vega",
    "price": 3.19,
    "promoPrice": null,
    "pricePerUnit": "15.95 kg",
    "image": "https://www.jumbo.com/dam-images/fit-in/360x360/Products/14062025_1749868989319_1749868996071_676204_STK_08718300873522_C1N1.png",
    "available": true,
    "promoUntil": null
  },
  {
    "id": "551773DS",
    "title": "Heineken Premium Pilsener 0.0 Bier Blik 7+1 x 330ml",
    "category": "Bier en wijn",
    "price": 7.84,
    "promoPrice": null,
    "pricePerUnit": "2.97 l",
    "image": "https://www.jumbo.com/dam-images/fit-in/360x360/Products/07012025_1736267674500_1736267678731_8712000059897_1.png",
    "available": true,
    "promoUntil": null
  },
  {
    "id": "429197FLS",
    "title": "Crystal Clear Sparkling Lemon Cactus Fles 1,5 L",
    "category": "Frisdrank en sappen",
    "price": 2.49,
    "promoPrice": null,
    "pricePerUnit": "1.66 l",
    "image": "https://www.jumbo.com/dam-images/fit-in/360x360/Products/05022025_1738721249989_1738721259212_429197_FLS_08715600243789_H1N1.png",
    "available": true,
    "promoUntil": null
  },
  {
    "id": "133687ZK",
    "title": "Beckers Worstenbroodjes 8 x 80 g",
    "category": "Diepvries",
    "price": 4.99,
    "promoPrice": null,
    "pricePerUnit": "7.8 kg",
    "image": "https://www.jumbo.com/dam-images/fit-in/360x360/Products/13062024_1718244377234_1718244396235_133687_ZK_08710555151813_C1N1.png",
    "available": true,
    "promoUntil": null
  },
  {
    "id": "535782PAK",
    "title": "Hertog Jan - Pilsener - Blik - 7 + 1 x 330ML",
    "category": "Bier en wijn",
    "price": 8.05,
    "promoPrice": null,
    "pricePerUnit": "3.05 l",
    "image": "https://www.jumbo.com/dam-images/fit-in/360x360/Products/08725000660123C1N18f034692-f431-473f-b872-4cf99d8dc251-1712750787881.png",
    "available": true,
    "promoUntil": null
  },
  {
    "id": "634959PAK",
    "title": "Jumbo Fresh Lemon Drink - Blik - 6 x 330ML",
    "category": "Frisdrank en sappen",
    "price": 2.29,
    "promoPrice": null,
    "pricePerUnit": "1.16 l",
    "image": "https://www.jumbo.com/dam-images/fit-in/360x360/Products/23072024_1721738118436_1721738133691_8718452800520_596.png",
    "available": true,
    "promoUntil": null
  },
  {
    "id": "237959STK",
    "title": "Verstegen Paprikapoeder Mild 38 g",
    "category": "Wereldkeukens, kruiden, pasta en rijst",
    "price": 2.99,
    "promoPrice": null,
    "pricePerUnit": "78.68 kg",
    "image": "https://www.jumbo.com/dam-images/fit-in/360x360/Products/26082025_1756172001993_1756172005772_237959_STK_08712200888013_C1N1.png",
    "available": true,
    "promoUntil": null
  },
  {
    "id": "560117ZK",
    "title": "HEMA Bakjes Wit -  10 Stuks",
    "category": "Non-food en servicebalie",
    "price": 2.69,
    "promoPrice": null,
    "pricePerUnit": "0.27 pieces",
    "image": "https://www.jumbo.com/dam-images/fit-in/360x360/Products/09082023_1691587398558_1691587410946_8718537741229_1.png",
    "available": true,
    "promoUntil": null
  },
  {
    "id": "436708PAK",
    "title": "Duvel - Blond - Fles - 4 x 330ML",
    "category": "Bier en wijn",
    "price": 7.99,
    "promoPrice": null,
    "pricePerUnit": "6.05 l",
    "image": "https://www.jumbo.com/dam-images/fit-in/360x360/Products/10082023_1691677306850_1691677321255_5411681014593_1.png",
    "available": true,
    "promoUntil": null
  },
  {
    "id": "79125FLS",
    "title": "Los Gansos - Merlot - 750ML",
    "category": "Bier en wijn",
    "price": 5.99,
    "promoPrice": 4.99,
    "pricePerUnit": "6.65 l",
    "image": "https://www.jumbo.com/dam-images/fit-in/360x360/Products/04062025_1749054768489_1749054772090_7804320328362_1.png",
    "available": true,
    "promoUntil": "di 7 okt"
  },
  {
    "id": "146730FLS",
    "title": "Grand Sud - Sauvignon Blanc - 1L",
    "category": "Bier en wijn",
    "price": 5.99,
    "promoPrice": null,
    "pricePerUnit": "5.99 l",
    "image": "https://www.jumbo.com/dam-images/fit-in/360x360/Products/10082023_1691674904947_1691674913356_3263280110259_1.png",
    "available": true,
    "promoUntil": null
  },
  {
    "id": "656335STK",
    "title": "Kroon Fijne Leverworst 500 g",
    "category": "Vleeswaren, kaas en tapas",
    "price": 3.62,
    "promoPrice": null,
    "pricePerUnit": "7.24 kg",
    "image": "https://www.jumbo.com/dam-images/fit-in/360x360/Products/15082025_1755250389735_1755250397678_8710889041200_1.png",
    "available": true,
    "promoUntil": null
  },
  {
    "id": "610281ZK",
    "title": "Jumbo Spruiten 450 g",
    "category": "Diepvries",
    "price": 1.02,
    "promoPrice": null,
    "pricePerUnit": "2.27 kg",
    "image": "https://www.jumbo.com/dam-images/fit-in/360x360/Products/11042024_1712853188753_1712853204597_8718452801251_596.png",
    "available": true,
    "promoUntil": null
  },
  {
    "id": "184222STK",
    "title": "Johma Gevuld Eitje Salade 175 g",
    "category": "Vleeswaren, kaas en tapas",
    "price": 3.39,
    "promoPrice": null,
    "pricePerUnit": "19.37 kg",
    "image": "https://www.jumbo.com/dam-images/fit-in/360x360/Products/02012025_1735783505622_1735783523664_184222_STK_08710506070538_H1N1.png",
    "available": true,
    "promoUntil": null
  },
  {
    "id": "568526PAK",
    "title": "Roosvicee Multivit Bosvruchten 1,5 L",
    "category": "Frisdrank en sappen",
    "price": 2.49,
    "promoPrice": null,
    "pricePerUnit": "1.66 l",
    "image": "https://www.jumbo.com/dam-images/fit-in/360x360/Products/08072025_1751941365438_1751941372435_568526_PAK_08710395949229_H1N1.png",
    "available": true,
    "promoUntil": null
  },
  {
    "id": "701057KGR",
    "title": "Jumbo Varkenslever Ongelardeerd ca. 100 g",
    "category": "Vleeswaren, kaas en tapas",
    "price": 2.0,
    "promoPrice": null,
    "pricePerUnit": "16.67 kg",
    "image": "https://www.jumbo.com/dam-images/fit-in/360x360/Products/26062025_1750948395567_1750948402159_2369388000000_1.png",
    "available": true,
    "promoUntil": null
  },
  {
    "id": "187283STK",
    "title": "Huls Sticks Naturel Droge Worst 62,5 g",
    "category": "Vleeswaren, kaas en tapas",
    "price": 1.99,
    "promoPrice": null,
    "pricePerUnit": "31.59 kg",
    "image": "https://www.jumbo.com/dam-images/fit-in/360x360/Products/09082023_1691587588741_1691587595759_8725800010050_1.png",
    "available": true,
    "promoUntil": null
  },
  {
    "id": "664660ZK",
    "title": "Venco Schoolkrijt Zacht Zoet XL Verpakking 340 g",
    "category": "Koek, snoep, chocolade en chips",
    "price": 3.54,
    "promoPrice": null,
    "pricePerUnit": "10.41 kg",
    "image": "https://www.jumbo.com/dam-images/fit-in/360x360/Products/18012025_1737166506950_1737166516616_664660_ZK_08713800255823_H1N1.png",
    "available": true,
    "promoUntil": null
  },
  {
    "id": "628915RP",
    "title": "Jumbo Melkchocolade 200 g",
    "category": "Koek, snoep, chocolade en chips",
    "price": 3.47,
    "promoPrice": null,
    "pricePerUnit": "17.35 kg",
    "image": "https://www.jumbo.com/dam-images/fit-in/360x360/Products/23052025_1748010789321_1748010799356_8718452876969_596.png",
    "available": true,
    "promoUntil": null
  },
  {
    "id": "270047STK",
    "title": "Mora Oven & Airfryer Hapjes Mix 16 x 20 g",
    "category": "Diepvries",
    "price": 3.99,
    "promoPrice": null,
    "pricePerUnit": "12.47 kg",
    "image": "https://www.jumbo.com/dam-images/fit-in/360x360/Products/26042025_1745629824951_1745629836195_270047_STK_08710861994975_H1N1.png",
    "available": true,
    "promoUntil": null
  },
  {
    "id": "656712STK",
    "title": "Jumbo Goudse Kaas Jong Belegen 48+ Plakken Voordeelverpakking 270 g",
    "category": "Vleeswaren, kaas en tapas",
    "price": 4.5,
    "promoPrice": null,
    "pricePerUnit": "16.67 kg",
    "image": "https://www.jumbo.com/dam-images/fit-in/360x360/Products/12122024_1734014964476_1734014969089_8718452831067_1.png",
    "available": true,
    "promoUntil": null
  },
  {
    "id": "429179FLS",
    "title": "Rivella Cranberry fles 1,5 L",
    "category": "Frisdrank en sappen",
    "price": 2.99,
    "promoPrice": null,
    "pricePerUnit": "1.99 l",
    "image": "https://www.jumbo.com/dam-images/fit-in/360x360/Products/09122023_1702094209458_1702094215456_429179_FLS_08715600243314_C1N1.png",
    "available": true,
    "promoUntil": null
  },
  {
    "id": "676206STK",
    "title": "Vivera Plantaardig Kruimgehakt 175 g",
    "category": "Vlees, vis en vega",
    "price": 3.29,
    "promoPrice": null,
    "pricePerUnit": "18.8 kg",
    "image": "https://www.jumbo.com/dam-images/fit-in/360x360/Products/24072025_1753324937369_1753324944182_676206_STK_08718300057670_C1N1.png",
    "available": true,
    "promoUntil": null
  },
  {
    "id": "607986PAK",
    "title": "Pepsi Frisdrank 6 x 0,33 L",
    "category": "Frisdrank en sappen",
    "price": 3.99,
    "promoPrice": null,
    "pricePerUnit": "2.02 l",
    "image": "https://www.jumbo.com/dam-images/fit-in/360x360/Products/25032024_1711381636766_1711381656341_8715600249071_1.png",
    "available": true,
    "promoUntil": null
  },
  {
    "id": "635911KGR",
    "title": "Jumbo Biologische Kip Drumsticks ca. 285 g",
    "category": "Vlees, vis en vega",
    "price": 3.41,
    "promoPrice": null,
    "pricePerUnit": "11.98 kg",
    "image": "https://www.jumbo.com/dam-images/fit-in/360x360/Products/13122024_1734085980226_1734085997898_2369022000000_1.png",
    "available": true,
    "promoUntil": null
  },
  {
    "id": "531794FLS",
    "title": "Jumbo Vers Sap Sinaasappel & Aardbei 1L",
    "category": "Frisdrank en sappen",
    "price": 4.19,
    "promoPrice": null,
    "pricePerUnit": "4.19 l",
    "image": "https://www.jumbo.com/dam-images/fit-in/360x360/Products/04112024_1730752387006_1730752391120_8718452863648_1.png",
    "available": true,
    "promoUntil": null
  },
  {
    "id": "701082KGR",
    "title": "Jumbo Varkensrollade ca. 110 g",
    "category": "Vleeswaren, kaas en tapas",
    "price": 2.5,
    "promoPrice": null,
    "pricePerUnit": "22.73 kg",
    "image": "https://www.jumbo.com/dam-images/fit-in/360x360/Products/12062025_1749742494195_1749742499633_2369507000000_1.png",
    "available": true,
    "promoUntil": null
  },
  {
    "id": "595000POT",
    "title": "Lao Gan Ma Crispy Chili Olie 210g",
    "category": "Wereldkeukens, kruiden, pasta en rijst",
    "price": 4.15,
    "promoPrice": null,
    "pricePerUnit": "19.76 kg",
    "image": "https://www.jumbo.com/dam-images/fit-in/360x360/Products/06921804700269A1N1426e3c53-861f-4274-a378-d3fe0e8df575-1702455630896.png",
    "available": true,
    "promoUntil": null
  },
  {
    "id": "424611POT",
    "title": "Easy Chicken Tonight Tandoori 520 g",
    "category": "Wereldkeukens, kruiden, pasta en rijst",
    "price": 3.89,
    "promoPrice": null,
    "pricePerUnit": "7.48 kg",
    "image": "https://www.jumbo.com/dam-images/fit-in/360x360/Products/26022025_1740573213084_1740573220141_8710581909761_1.png",
    "available": true,
    "promoUntil": null
  },
  {
    "id": "594491PAK",
    "title": "Jumbo Biologisch Appelsap 1 L",
    "category": "Frisdrank en sappen",
    "price": 2.59,
    "promoPrice": null,
    "pricePerUnit": "2.59 l",
    "image": "https://www.jumbo.com/dam-images/fit-in/360x360/Products/12122024_1734014743805_1734014756611_8718452648870_596.png",
    "available": true,
    "promoUntil": null
  },
  {
    "id": "553434FLS",
    "title": "Lipton Ice Tea Green Mango Zero Sugar 1,5L",
    "category": "Frisdrank en sappen",
    "price": 3.69,
    "promoPrice": null,
    "pricePerUnit": "2.46 l",
    "image": "https://www.jumbo.com/dam-images/fit-in/360x360/Products/03042025_1743647708829_1743647735391_553434_FLS_08711327586703_H1N1.png",
    "available": true,
    "promoUntil": null
  },
  {
    "id": "448197TRA",
    "title": "Jumbo Lasagne Zalm met Spinazie 400 g",
    "category": "Verse maaltijden en gemak",
    "price": 4.49,
    "promoPrice": null,
    "pricePerUnit": "11.23 kg",
    "image": "https://www.jumbo.com/dam-images/fit-in/360x360/Products/04022025_1738665166912_1738665175537_8718452873579_1.png",
    "available": true,
    "promoUntil": null
  },
  {
    "id": "536542BLK",
    "title": "Gulpener - Gladiator - Blik - 500ML",
    "category": "Bier en wijn",
    "price": 1.79,
    "promoPrice": null,
    "pricePerUnit": "3.58 l",
    "image": "https://www.jumbo.com/dam-images/fit-in/360x360/Products/22082023_1692673570393_1692673572421_536542_BLK_08716700019021_C1N1.png",
    "available": true,
    "promoUntil": null
  },
  {
    "id": "688643DSL",
    "title": "Robijn Wasverzachter Morgenfris 8 x 780 ml",
    "category": "Huishouden en dieren",
    "price": 54.32,
    "promoPrice": 27.16,
    "pricePerUnit": "0.17 wb",
    "image": "https://www.jumbo.com/dam-images/fit-in/360x360/Products/08720181633508H1N19d362ade-9a87-490d-bb4b-cbbe5c2cf8be-1749108466881.png",
    "available": true,
    "promoUntil": "di 7 okt"
  },
  {
    "id": "670775STK",
    "title": "HEMA 50 pak servetten",
    "category": "Non-food en servicebalie",
    "price": 1.99,
    "promoPrice": null,
    "pricePerUnit": "0.04 pieces",
    "image": "https://www.jumbo.com/dam-images/fit-in/360x360/Products/10042025_1744251125580_1744251128430_670775_STK_08721245008065_C1N1.png",
    "available": true,
    "promoUntil": null
  },
  {
    "id": "73113ZK",
    "title": "Mora Mini's Rundvlees Bitterballen 50 x 20 g",
    "category": "Diepvries",
    "price": 4.19,
    "promoPrice": null,
    "pricePerUnit": "4.19 kg",
    "image": "https://www.jumbo.com/dam-images/fit-in/360x360/Products/01052025_1746063408022_1746063412706_73113_ZK_08710861959691_C1N1.png",
    "available": true,
    "promoUntil": null
  },
  {
    "id": "437720PAK",
    "title": "Jumbo Green Ice Tea Pure 6 x 500 ml",
    "category": "Frisdrank en sappen",
    "price": 3.54,
    "promoPrice": null,
    "pricePerUnit": "1.18 l",
    "image": "https://www.jumbo.com/dam-images/fit-in/360x360/Products/437720PAK-1692278591450.png",
    "available": true,
    "promoUntil": null
  },
  {
    "id": "510306BAK",
    "title": "Jumbo Fijnproevers Blauwe Bessen 200 g",
    "category": "Aardappelen, groente en fruit",
    "price": 4.49,
    "promoPrice": null,
    "pricePerUnit": "22.45 kg",
    "image": "https://www.jumbo.com/dam-images/fit-in/360x360/Products/09082023_1691592276801_1691592310402_8718452671267_1.png",
    "available": true,
    "promoUntil": null
  },
  {
    "id": "588359PAK",
    "title": "Jumbo Ecologisch Keukenpapier 3 Laags 3 Rollen",
    "category": "Huishouden en dieren",
    "price": 2.92,
    "promoPrice": null,
    "pricePerUnit": "0.97 pieces",
    "image": "https://www.jumbo.com/dam-images/fit-in/360x360/Products/03062024_1717432515095_1717432520893_8718452723348_1.png",
    "available": true,
    "promoUntil": null
  },
  {
    "id": "93335BAK",
    "title": "Johma Farmersalade 175 g",
    "category": "Vleeswaren, kaas en tapas",
    "price": 2.59,
    "promoPrice": null,
    "pricePerUnit": "14.8 kg",
    "image": "https://www.jumbo.com/dam-images/fit-in/360x360/Products/19022025_1739936106301_1739936116752_93335_BAK_08710506039085_C1N1.png",
    "available": true,
    "promoUntil": null
  },
  {
    "id": "679518DS",
    "title": "Swiffer Duster Navullingen 4x",
    "category": "Huishouden en dieren",
    "price": 5.79,
    "promoPrice": null,
    "pricePerUnit": "1.45 pieces",
    "image": "https://www.jumbo.com/dam-images/fit-in/360x360/Products/15082025_1755216056480_1755216062225_8700216676663_1.png",
    "available": true,
    "promoUntil": null
  },
  {
    "id": "637574DS",
    "title": "Ambi Pur WC Active Gel-Block Citrus & Jasmin 45 g",
    "category": "Huishouden en dieren",
    "price": 3.99,
    "promoPrice": null,
    "pricePerUnit": "3.99 pieces",
    "image": "https://www.jumbo.com/dam-images/fit-in/360x360/Products/16012025_1736996228404_1736996236582_637574_DS_08435495838388_C1N1.png",
    "available": true,
    "promoUntil": null
  },
  {
    "id": "536753PAK",
    "title": "La Chouffe - Blond Belgisch Bier - Blik - 4 x 330ML",
    "category": "Bier en wijn",
    "price": 9.49,
    "promoPrice": null,
    "pricePerUnit": "7.19 l",
    "image": "https://www.jumbo.com/dam-images/fit-in/360x360/Products/536753_5410769802039_1_T1_224344PAK1691079102781.png",
    "available": true,
    "promoUntil": null
  },
  {
    "id": "648139KGR",
    "title": "Jumbo Biologische Kaas Jong Belegen 50+ Plakken ca. 200 g",
    "category": "Vleeswaren, kaas en tapas",
    "price": 4.18,
    "promoPrice": null,
    "pricePerUnit": "19.0 kg",
    "image": "https://www.jumbo.com/dam-images/fit-in/360x360/Products/12122024_1734021187499_1734021192985_2368965000000_1.png",
    "available": true,
    "promoUntil": null
  },
  {
    "id": "475504TRA",
    "title": "Jumbo Prosciutto Crudo 100 g",
    "category": "Vleeswaren, kaas en tapas",
    "price": 3.29,
    "promoPrice": null,
    "pricePerUnit": "32.9 kg",
    "image": "https://www.jumbo.com/dam-images/fit-in/360x360/Products/10082023_1691676434946_1691676443100_8718452623440_1.png",
    "available": true,
    "promoUntil": null
  },
  {
    "id": "577920BAK",
    "title": "Jumbo Groene Salade Rauwkost 275 g",
    "category": "Aardappelen, groente en fruit",
    "price": 3.29,
    "promoPrice": null,
    "pricePerUnit": "11.96 kg",
    "image": "https://www.jumbo.com/dam-images/fit-in/360x360/Products/26062024_1719412467964_1719412479380_8718452799572_1.png",
    "available": true,
    "promoUntil": null
  },
  {
    "id": "211819ZK",
    "title": "Jumbo Aardappelen Stamppot 1 kg",
    "category": "Aardappelen, groente en fruit",
    "price": 2.65,
    "promoPrice": null,
    "pricePerUnit": "2.65 kg",
    "image": "https://www.jumbo.com/dam-images/fit-in/360x360/Products/17092024_1726558460474_1726558476596_8718452801626_1.png",
    "available": true,
    "promoUntil": null
  },
  {
    "id": "644457PAK",
    "title": "Jumbo Ice Tea Perzik 6 x 500ML",
    "category": "Frisdrank en sappen",
    "price": 3.5,
    "promoPrice": null,
    "pricePerUnit": "1.17 l",
    "image": "https://www.jumbo.com/dam-images/fit-in/360x360/Products/10092024_1725975272214_1725975289153_8718452829484_596.png",
    "available": true,
    "promoUntil": null
  },
  {
    "id": "306152STK",
    "title": "Jumbo - Mini Roombroodjes - 4 Stuks",
    "category": "Brood en gebak",
    "price": 3.75,
    "promoPrice": null,
    "pricePerUnit": "0.94 pieces",
    "image": "https://www.jumbo.com/dam-images/fit-in/360x360/Products/09092025_1757406804102_1757406812499_8718452037438_2.png",
    "available": true,
    "promoUntil": null
  },
  {
    "id": "626940DS",
    "title": "Honig Mexicaanse Wraps 265g",
    "category": "Wereldkeukens, kruiden, pasta en rijst",
    "price": 4.39,
    "promoPrice": null,
    "pricePerUnit": "16.57 kg",
    "image": "https://www.jumbo.com/dam-images/fit-in/360x360/Products/06082025_1754445247302_1754445252100_626940_DS_08715700126975_C1N1.png",
    "available": true,
    "promoUntil": null
  },
  {
    "id": "449011DSL",
    "title": "Neleman - Verdejo - Biologisch 6 x 750 ml",
    "category": "Bier en wijn",
    "price": 38.94,
    "promoPrice": null,
    "pricePerUnit": "8.65 l",
    "image": "https://www.jumbo.com/dam-images/fit-in/360x360/Products/449011DSL-1692282965897.png",
    "available": true,
    "promoUntil": null
  },
  {
    "id": "374035BAK",
    "title": "Jumbo Aziatische Keuken Kip Teriyaki 260 g",
    "category": "Verse maaltijden en gemak",
    "price": 3.99,
    "promoPrice": null,
    "pricePerUnit": "15.35 kg",
    "image": "https://www.jumbo.com/dam-images/fit-in/360x360/Products/19042024_1713526452240_1713526464658_8718452826742_1.png",
    "available": true,
    "promoUntil": null
  },
  {
    "id": "578745STK",
    "title": "Ben & Jerry's IJs Cookie Dough 100 ml",
    "category": "Diepvries",
    "price": 2.29,
    "promoPrice": null,
    "pricePerUnit": "22.9 l",
    "image": "https://www.jumbo.com/dam-images/fit-in/360x360/Products/01072025_1751333916803_1751333937048_578745_STK_08711200564149_H1N1.png",
    "available": true,
    "promoUntil": null
  },
  {
    "id": "135749PAK",
    "title": "Jumbo Duo Drank Peer Appel 1 L",
    "category": "Frisdrank en sappen",
    "price": 1.69,
    "promoPrice": null,
    "pricePerUnit": "1.69 l",
    "image": "https://www.jumbo.com/dam-images/fit-in/360x360/Products/29092023_1695995553219_1695995555625_8718452646739_1.png",
    "available": true,
    "promoUntil": null
  },
  {
    "id": "620895DS",
    "title": "Actiff Vaatwaspoeder 1710 g",
    "category": "Huishouden en dieren",
    "price": 7.99,
    "promoPrice": null,
    "pricePerUnit": "4.67 kg",
    "image": "https://www.jumbo.com/dam-images/fit-in/360x360/Products/30052024_1717038290357_1717038295076_620895_DS_03179630012640_C1N1.png",
    "available": true,
    "promoUntil": null
  },
  {
    "id": "134370TUB",
    "title": "ERU Balans Sambal 15+ 100 g",
    "category": "Vleeswaren, kaas en tapas",
    "price": 1.69,
    "promoPrice": null,
    "pricePerUnit": "16.9 kg",
    "image": "https://www.jumbo.com/dam-images/fit-in/360x360/Products/19092025_1758290246810_1758290256870_134370_TUB_08718700495843_C1N1.png",
    "available": true,
    "promoUntil": null
  },
  {
    "id": "514594DS",
    "title": "De Vegetarische Slager Auf Wieder Schnitzel Vegan 180 g",
    "category": "Vlees, vis en vega",
    "price": 3.79,
    "promoPrice": null,
    "pricePerUnit": "21.06 kg",
    "image": "https://www.jumbo.com/dam-images/fit-in/360x360/Products/27062025_1750987682422_1750987774942_514594_DS_08720182194077_H1N1.png",
    "available": true,
    "promoUntil": null
  },
  {
    "id": "637437ZK",
    "title": "Lamb Weston Twister Fries Seasoned 600g",
    "category": "Diepvries",
    "price": 2.84,
    "promoPrice": null,
    "pricePerUnit": "4.73 kg",
    "image": "https://www.jumbo.com/dam-images/fit-in/360x360/Products/25072024_1721871376333_1721871382718_637437_ZK_08711571093231_C1N1.png",
    "available": true,
    "promoUntil": null
  },
  {
    "id": "373594PAK",
    "title": "Fairtrade Original Biologische Kokosmelk 1 L",
    "category": "Wereldkeukens, kruiden, pasta en rijst",
    "price": 5.63,
    "promoPrice": null,
    "pricePerUnit": "5.63 l",
    "image": "https://www.jumbo.com/dam-images/fit-in/360x360/Products/06062025_1749174828428_1749174831757_373594_PAK_08711741358382_C1N1.png",
    "available": true,
    "promoUntil": null
  },
  {
    "id": "53719PAK",
    "title": "Tony's Chocolonely Melk Chocolade reep Hazelnoot 180 g",
    "category": "Koek, snoep, chocolade en chips",
    "price": 4.0,
    "promoPrice": null,
    "pricePerUnit": "22.22 kg",
    "image": "https://www.jumbo.com/dam-images/fit-in/360x360/Products/05092025_1757037807641_1757037813801_53719_PAK_08717677332175_C1N1.png",
    "available": true,
    "promoUntil": null
  },
  {
    "id": "590964PAK",
    "title": "Jumbo Keukenpapier Sterk & Absorberend 2 Lagen 3 Rollen",
    "category": "Huishouden en dieren",
    "price": 4.59,
    "promoPrice": null,
    "pricePerUnit": "1.53 pieces",
    "image": "https://www.jumbo.com/dam-images/fit-in/360x360/Products/15112023_1700044385176_1700044401102_8718452789504_1.png",
    "available": true,
    "promoUntil": null
  },
  {
    "id": "608979PAK",
    "title": "Appelsientje FruitDrink Goudappeltje 1 L",
    "category": "Frisdrank en sappen",
    "price": 1.99,
    "promoPrice": null,
    "pricePerUnit": "1.99 l",
    "image": "https://www.jumbo.com/dam-images/fit-in/360x360/Products/17092025_1758074580724_1758074612589_608979_PAK_08720157401148_C1N1.png",
    "available": true,
    "promoUntil": null
  },
  {
    "id": "217446KSL",
    "title": "Klein Vriend - Chenin Blanc 6 x 750 ml",
    "category": "Bier en wijn",
    "price": 19.5,
    "promoPrice": null,
    "pricePerUnit": "4.33 l",
    "image": "https://www.jumbo.com/dam-images/fit-in/360x360/Products/217446KSL-1692282984001.png",
    "available": true,
    "promoUntil": null
  },
  {
    "id": "274987STK",
    "title": "Vers Aan Tafel Kibbeling met Worteltjes, Doperwten en Gekruide Aardappelblokjes 485 g",
    "category": "Verse maaltijden en gemak",
    "price": 5.49,
    "promoPrice": null,
    "pricePerUnit": "11.32 kg",
    "image": "https://www.jumbo.com/dam-images/fit-in/360x360/Products/28032025_1743157973904_1743157985668_8717568249476_1.png",
    "available": true,
    "promoUntil": null
  },
  {
    "id": "613532TRA",
    "title": "Jumbo Bacon Gerookt 125 g",
    "category": "Vleeswaren, kaas en tapas",
    "price": 2.99,
    "promoPrice": null,
    "pricePerUnit": "23.92 kg",
    "image": "https://www.jumbo.com/dam-images/fit-in/360x360/Products/25042024_1714055711049_1714055717251_8718452818457_1.png",
    "available": true,
    "promoUntil": null
  },
  {
    "id": "185406DS",
    "title": "Gourmet Gold Mousse Kattenvoer nat met Kip, Zalm, Niertjes en Konijn",
    "category": "Huishouden en dieren",
    "price": 7.73,
    "promoPrice": null,
    "pricePerUnit": "7.58 kg",
    "image": "https://www.jumbo.com/dam-images/fit-in/360x360/Products/23092025_1758592916077_1758592954364_185406_DS_03222270550673_C1N1_s02.png",
    "available": true,
    "promoUntil": null
  },
  {
    "id": "669485FLS",
    "title": "Crystal Clear Koolzuurvrij Citroen Passievrucht 1,5L",
    "category": "Frisdrank en sappen",
    "price": 2.49,
    "promoPrice": null,
    "pricePerUnit": "1.66 l",
    "image": "https://www.jumbo.com/dam-images/fit-in/360x360/Products/14022025_1739503084171_1739503093635_669485_FLS_08715600250084_H1N1.png",
    "available": true,
    "promoUntil": null
  },
  {
    "id": "692268FLS",
    "title": "Martini Bianco 750ML",
    "category": "Bier en wijn",
    "price": 10.99,
    "promoPrice": null,
    "pricePerUnit": "14.65 l",
    "image": "https://www.jumbo.com/dam-images/fit-in/360x360/Products/09042025_1744190803420_1744190818365_692268_FLS_07630040408981_C1N1.png",
    "available": true,
    "promoUntil": null
  },
  {
    "id": "155655ZK",
    "title": "Jumbo Blokjes Belegen Kaas 48+ 200 g",
    "category": "Vleeswaren, kaas en tapas",
    "price": 4.19,
    "promoPrice": null,
    "pricePerUnit": "20.95 kg",
    "image": "https://www.jumbo.com/dam-images/fit-in/360x360/Products/155655_8718449018815_1_T7_155655ZK1691393513526.png",
    "available": true,
    "promoUntil": null
  },
  {
    "id": "523479DS",
    "title": "Honig Maaltijdmix voor Chili con Carne 42 g",
    "category": "Wereldkeukens, kruiden, pasta en rijst",
    "price": 1.99,
    "promoPrice": null,
    "pricePerUnit": "47.38 kg",
    "image": "https://www.jumbo.com/dam-images/fit-in/360x360/Products/19082025_1755566124680_1755566131041_523479_DS_08714700168398_H1N1.png",
    "available": true,
    "promoUntil": null
  },
  {
    "id": "640548KGR",
    "title": "Jumbo Kipfilet Honing Mosterd ca. 100 g",
    "category": "Vleeswaren, kaas en tapas",
    "price": 3.5,
    "promoPrice": null,
    "pricePerUnit": "28.0 kg",
    "image": "https://www.jumbo.com/dam-images/fit-in/360x360/Products/12122024_1734014842819_1734014846993_2349008000000_1.png",
    "available": true,
    "promoUntil": null
  },
  {
    "id": "442918PAK",
    "title": "Jumbo Green Ice Tea 6 x 200 ml",
    "category": "Frisdrank en sappen",
    "price": 1.99,
    "promoPrice": null,
    "pricePerUnit": "1.66 l",
    "image": "https://www.jumbo.com/dam-images/fit-in/360x360/Products/14022024_1707873251446_1707873259902_8718452615971_1.png",
    "available": true,
    "promoUntil": null
  },
  {
    "id": "521218ZK",
    "title": "Jumbo Kip Wings Hot ca. 15 Stuks",
    "category": "Diepvries",
    "price": 4.79,
    "promoPrice": null,
    "pricePerUnit": "6.39 kg",
    "image": "https://www.jumbo.com/dam-images/fit-in/360x360/Products/07022024_1707312844562_1707312880505_8718452767175_596.png",
    "available": true,
    "promoUntil": null
  },
  {
    "id": "477139DS",
    "title": "MinusL Gouda Jong in Plakjes Kaas 150 g",
    "category": "Vleeswaren, kaas en tapas",
    "price": 3.49,
    "promoPrice": null,
    "pricePerUnit": "23.27 kg",
    "image": "https://www.jumbo.com/dam-images/fit-in/360x360/Products/25032024_1711381690746_1711381699901_4062800005209_1.png",
    "available": true,
    "promoUntil": null
  },
  {
    "id": "610615STK",
    "title": "Jumbo Mosterdrollade 125 g",
    "category": "Vleeswaren, kaas en tapas",
    "price": 2.69,
    "promoPrice": null,
    "pricePerUnit": "21.52 kg",
    "image": "https://www.jumbo.com/dam-images/fit-in/360x360/Products/12122024_1734014684520_1734014692769_8718452586844_1.png",
    "available": true,
    "promoUntil": null
  },
  {
    "id": "278406FLS",
    "title": "Montaignan - Syrah - 750 ML",
    "category": "Bier en wijn",
    "price": 5.99,
    "promoPrice": null,
    "pricePerUnit": "7.99 l",
    "image": "https://www.jumbo.com/dam-images/fit-in/360x360/Products/09082023_1691586882315_1691586892155_3700619302911_1.png",
    "available": true,
    "promoUntil": null
  },
  {
    "id": "544266BUS",
    "title": "Dove Men+Care Advanced Anti-Transpirant Deodorant Spray Clean Comfort 150 ml",
    "category": "Drogisterij en baby",
    "price": 5.49,
    "promoPrice": null,
    "pricePerUnit": "36.6 l",
    "image": "https://www.jumbo.com/dam-images/fit-in/360x360/Products/24092025_1758679624332_1758679637440_544266_BUS_08720181284274_H1N1.png",
    "available": true,
    "promoUntil": null
  },
  {
    "id": "136211BAK",
    "title": "Johma Twents Kruidentuintjesalade 175 g",
    "category": "Vleeswaren, kaas en tapas",
    "price": 2.59,
    "promoPrice": null,
    "pricePerUnit": "14.8 kg",
    "image": "https://www.jumbo.com/dam-images/fit-in/360x360/Products/08062025_1749345378583_1749345395065_136211_BAK_08710506069006_H1N1_v01.png",
    "available": true,
    "promoUntil": null
  },
  {
    "id": "545066PAK",
    "title": "Jumbo Sparkling Ice Tea Zero 6 x 250ML",
    "category": "Frisdrank en sappen",
    "price": 2.99,
    "promoPrice": null,
    "pricePerUnit": "1.99 l",
    "image": "https://www.jumbo.com/dam-images/fit-in/360x360/Products/18022025_1739886326519_1739886342941_8718452660643_596.png",
    "available": true,
    "promoUntil": null
  },
  {
    "id": "211767PAK",
    "title": "Jumbo Pizza Margherita 3 x 300 g",
    "category": "Diepvries",
    "price": 3.89,
    "promoPrice": null,
    "pricePerUnit": "4.32 kg",
    "image": "https://www.jumbo.com/dam-images/fit-in/360x360/Products/14022024_1707873314621_1707873327065_8718452749997_1.png",
    "available": true,
    "promoUntil": null
  },
  {
    "id": "647397FLS",
    "title": "Jumbo Vers Sap Sinaasappel & Mango 1 L",
    "category": "Frisdrank en sappen",
    "price": 4.19,
    "promoPrice": null,
    "pricePerUnit": "4.19 l",
    "image": "https://www.jumbo.com/dam-images/fit-in/360x360/Products/08112024_1731069466740_1731069470849_8718452874095_1.png",
    "available": true,
    "promoUntil": null
  },
  {
    "id": "73074ZK",
    "title": "Mora Mini's Frikandellen 540 g",
    "category": "Diepvries",
    "price": 4.05,
    "promoPrice": null,
    "pricePerUnit": "7.5 kg",
    "image": "https://www.jumbo.com/dam-images/fit-in/360x360/Products/06062024_1717642640509_1717642654503_73074_ZK_08710861959707_C1N1_s03.png",
    "available": true,
    "promoUntil": null
  },
  {
    "id": "560947TRA",
    "title": "Jumbo Macaroni Ham Kaas 450 g",
    "category": "Verse maaltijden en gemak",
    "price": 2.8,
    "promoPrice": null,
    "pricePerUnit": "6.22 kg",
    "image": "https://www.jumbo.com/dam-images/fit-in/360x360/Products/14022024_1707872745465_1707872754840_8718452738670_1.png",
    "available": true,
    "promoUntil": null
  },
  {
    "id": "681342TRA",
    "title": "Jumbo Vegan Burger Oosterse Stijl 2 Stuks",
    "category": "Vlees, vis en vega",
    "price": 2.25,
    "promoPrice": null,
    "pricePerUnit": "11.25 kg",
    "image": "https://www.jumbo.com/dam-images/fit-in/360x360/Products/06032025_1741249974092_1741249981586_8718452810635_1.png",
    "available": true,
    "promoUntil": null
  },
  {
    "id": "704701DS",
    "title": "Apetito Maaltijdbox A Natriumarm - 7 Verschillende Maaltijden",
    "category": "Diepvries",
    "price": 47.5,
    "promoPrice": null,
    "pricePerUnit": "13.91 kg",
    "image": "https://www.jumbo.com/dam-images/fit-in/360x360/Products/93660apetitodinerdoosNatriumarm2400x240047360a45-7689-4947-bab7-ed387886157f-1754577464759.png",
    "available": true,
    "promoUntil": null
  },
  {
    "id": "600046BAK",
    "title": "Tonijn Salade 250 g",
    "category": "Vleeswaren, kaas en tapas",
    "price": 1.49,
    "promoPrice": null,
    "pricePerUnit": "5.96 kg",
    "image": "https://www.jumbo.com/dam-images/fit-in/360x360/Products/28032025_1743157992979_1743158000299_8710378860534_1.png",
    "available": true,
    "promoUntil": null
  },
  {
    "id": "134893FLS",
    "title": "Gato Negro - Chardonnay - 750 ML",
    "category": "Bier en wijn",
    "price": 5.29,
    "promoPrice": null,
    "pricePerUnit": "7.05 l",
    "image": "https://www.jumbo.com/dam-images/fit-in/360x360/Products/7804300120641T1757f13bd-3d1c-4818-8f5c-931575b6a455-1742370642554.png",
    "available": true,
    "promoUntil": null
  },
  {
    "id": "173276FLS",
    "title": "Gris de Pépé Méditerranée - Rosé - 750ML",
    "category": "Bier en wijn",
    "price": 4.99,
    "promoPrice": null,
    "pricePerUnit": "6.65 l",
    "image": "https://www.jumbo.com/dam-images/fit-in/360x360/Products/11032025_1741710791897_1741710795455_3269210254253_1.png",
    "available": true,
    "promoUntil": null
  },
  {
    "id": "639169ZK",
    "title": "Jumbo Biologisch Geraspte Rode Biet 400 g",
    "category": "Aardappelen, groente en fruit",
    "price": 2.49,
    "promoPrice": null,
    "pricePerUnit": "6.23 kg",
    "image": "https://www.jumbo.com/dam-images/fit-in/360x360/Products/04112024_1730741707659_1730741715633_8718452858545_1.png",
    "available": true,
    "promoUntil": null
  },
  {
    "id": "358374FLS",
    "title": "Andy Allesreiniger Vertrouwd 1 l",
    "category": "Huishouden en dieren",
    "price": 3.29,
    "promoPrice": null,
    "pricePerUnit": "3.29 l",
    "image": "https://www.jumbo.com/dam-images/fit-in/360x360/Products/15082025_1755225426880_1755225485327_358374_FLS_08710847965517_H1N1.png",
    "available": true,
    "promoUntil": null
  },
  {
    "id": "535318KGR",
    "title": "Beemster Oud Plakken 200 g",
    "category": "Vleeswaren, kaas en tapas",
    "price": 5.1,
    "promoPrice": null,
    "pricePerUnit": "25.49 kg",
    "image": "https://www.jumbo.com/dam-images/fit-in/360x360/Products/10052024_1715351656051_1715351662682_2392355000000_1.png",
    "available": true,
    "promoUntil": null
  },
  {
    "id": "99408STK",
    "title": "Jumbo Bapao Kip 115 g",
    "category": "Verse maaltijden en gemak",
    "price": 1.19,
    "promoPrice": null,
    "pricePerUnit": "1.19 pieces",
    "image": "https://www.jumbo.com/dam-images/fit-in/360x360/Products/18042025_1744972367373_1744972376206_8718452893072_1.png",
    "available": true,
    "promoUntil": null
  },
  {
    "id": "163353PAK",
    "title": "LU Mini Crackers Zout 8 x 5 Stuks 250g",
    "category": "Koek, snoep, chocolade en chips",
    "price": 2.27,
    "promoPrice": null,
    "pricePerUnit": "9.08 kg",
    "image": "https://www.jumbo.com/dam-images/fit-in/360x360/Products/24092025_1758724489383_1758724494172_7622210475237_1.png",
    "available": true,
    "promoUntil": null
  },
  {
    "id": "554514ZK",
    "title": "Jumbo Drop Mix Zacht & Zoet 350 g",
    "category": "Koek, snoep, chocolade en chips",
    "price": 1.99,
    "promoPrice": null,
    "pricePerUnit": "5.69 kg",
    "image": "https://www.jumbo.com/dam-images/fit-in/360x360/Products/09082023_1691592921208_1691592999724_8718452689828_1.png",
    "available": true,
    "promoUntil": null
  },
  {
    "id": "694025CUP",
    "title": "Jumbo Rolletje Gerookte Kip met Bieslookroomkaas 80 g",
    "category": "Vleeswaren, kaas en tapas",
    "price": 2.99,
    "promoPrice": null,
    "pricePerUnit": "37.38 kg",
    "image": "https://www.jumbo.com/dam-images/fit-in/360x360/Products/07072025_1751902648184_1751902655437_8718452923434_1.png",
    "available": true,
    "promoUntil": null
  },
  {
    "id": "536520PAK",
    "title": "Bavaria - Wit Bier - 0.0% Alcoholvrij - Blik - 6 x 330ML",
    "category": "Bier en wijn",
    "price": 5.79,
    "promoPrice": null,
    "pricePerUnit": "2.92 l",
    "image": "https://www.jumbo.com/dam-images/fit-in/360x360/Products/08714800047005H1N1dc012532-5aa1-48a4-8a9f-16fc41d0cb83-1719313601478.png",
    "available": true,
    "promoUntil": null
  },
  {
    "id": "687063DS",
    "title": "Jumbo Cornets Aardbei 6 Stuks",
    "category": "Diepvries",
    "price": 2.59,
    "promoPrice": null,
    "pricePerUnit": "3.92 l",
    "image": "https://www.jumbo.com/dam-images/fit-in/360x360/Products/16042025_1744817610330_1744817626383_8718452896332_596.png",
    "available": true,
    "promoUntil": null
  },
  {
    "id": "544651TRA",
    "title": "Jumbo Cola Light Blik 6 x 330ML",
    "category": "Frisdrank en sappen",
    "price": 2.19,
    "promoPrice": null,
    "pricePerUnit": "1.11 l",
    "image": "https://www.jumbo.com/dam-images/fit-in/360x360/Products/25042025_1745588008486_1745588019849_8718452660629_596.png",
    "available": true,
    "promoUntil": null
  },
  {
    "id": "525196ZK",
    "title": "Smuldier Pens & Vlees Compleet 400 g",
    "category": "Diepvries",
    "price": 1.78,
    "promoPrice": null,
    "pricePerUnit": "4.45 kg",
    "image": "https://www.jumbo.com/dam-images/fit-in/360x360/Products/03062024_1717420814150_1717420830969_8720795350013_1.png",
    "available": true,
    "promoUntil": null
  },
  {
    "id": "539076PAK",
    "title": "Red Bull Energy Drink Suikervrij - 4 x 250ml",
    "category": "Frisdrank en sappen",
    "price": 6.75,
    "promoPrice": null,
    "pricePerUnit": "6.75 l",
    "image": "https://www.jumbo.com/dam-images/fit-in/360x360/Products/03052024_1714739655234_1714739662061_9002490259037_1.png",
    "available": true,
    "promoUntil": null
  },
  {
    "id": "642316KGR",
    "title": "Jumbo Scharrel Kipgrillworst Kaas ca. 130 g",
    "category": "Vleeswaren, kaas en tapas",
    "price": 2.85,
    "promoPrice": null,
    "pricePerUnit": "21.95 kg",
    "image": "https://www.jumbo.com/dam-images/fit-in/360x360/Products/10062025_1749565988852_1749565998934_2369908000000_1.png",
    "available": true,
    "promoUntil": null
  },
  {
    "id": "567408POT",
    "title": "Royal Mediterranean Geroosterde Rode Paprika 465 g",
    "category": "Wereldkeukens, kruiden, pasta en rijst",
    "price": 3.75,
    "promoPrice": null,
    "pricePerUnit": "8.06 kg",
    "image": "https://www.jumbo.com/dam-images/fit-in/360x360/Products/30072025_1753841779318_1753841793599_567408_POT_05201194003517_C1N1.png",
    "available": true,
    "promoUntil": null
  },
  {
    "id": "701079KGR",
    "title": "Jumbo Rundersalami ca. 125 g",
    "category": "Vleeswaren, kaas en tapas",
    "price": 3.0,
    "promoPrice": null,
    "pricePerUnit": "26.09 kg",
    "image": "https://www.jumbo.com/dam-images/fit-in/360x360/Products/30062025_1751290367280_1751290373422_2369395000000_1.png",
    "available": true,
    "promoUntil": null
  },
  {
    "id": "708194PAK",
    "title": "Grimbergen - Dubbel - Fles - 6 x 300ML",
    "category": "Bier en wijn",
    "price": 8.39,
    "promoPrice": null,
    "pricePerUnit": "4.66 l",
    "image": "https://www.jumbo.com/dam-images/fit-in/360x360/Products/08716700016211H1N1c6ac78f2-aa50-4491-b365-fd997ce0608b-1745413046537.png",
    "available": true,
    "promoUntil": null
  },
  {
    "id": "365173BLK",
    "title": "Hero Nutrasense Comfort+ AR Zuigelingenvoeding 1 (0-6m) 700gr",
    "category": "Drogisterij en baby",
    "price": 20.49,
    "promoPrice": null,
    "pricePerUnit": "29.27 kg",
    "image": "https://www.jumbo.com/dam-images/fit-in/360x360/Products/11082025_1754926453927_1754926482697_8713500012139_596.png",
    "available": true,
    "promoUntil": null
  },
  {
    "id": "329569ZK",
    "title": "Jumbo Botersla 100 g",
    "category": "Aardappelen, groente en fruit",
    "price": 2.79,
    "promoPrice": null,
    "pricePerUnit": "27.9 kg",
    "image": "https://www.jumbo.com/dam-images/fit-in/360x360/Products/26062024_1719412466657_1719412479207_8718452778270_1.png",
    "available": true,
    "promoUntil": null
  },
  {
    "id": "577945BAK",
    "title": "Jumbo Groene Salade Hollandse Stijl 275 g",
    "category": "Aardappelen, groente en fruit",
    "price": 5.49,
    "promoPrice": null,
    "pricePerUnit": "19.96 kg",
    "image": "https://www.jumbo.com/dam-images/fit-in/360x360/Products/29072024_1722270917736_1722270926747_8718452818242_1.png",
    "available": true,
    "promoUntil": null
  },
  {
    "id": "639183FLS",
    "title": "Jumbo Schuurmiddel Citroen 750ML",
    "category": "Huishouden en dieren",
    "price": 1.19,
    "promoPrice": null,
    "pricePerUnit": "1.59 l",
    "image": "https://www.jumbo.com/dam-images/fit-in/360x360/Products/12122024_1734014925064_1734014935857_8718452839797_596.png",
    "available": true,
    "promoUntil": null
  },
  {
    "id": "686571TRA",
    "title": "Jumbo Rivierkreeftenvlees 100 g",
    "category": "Vlees, vis en vega",
    "price": 3.99,
    "promoPrice": null,
    "pricePerUnit": "39.9 kg",
    "image": "https://www.jumbo.com/dam-images/fit-in/360x360/Products/14042025_1744637585791_1744637593752_8718452807246_1.png",
    "available": true,
    "promoUntil": null
  },
  {
    "id": "608238BAK",
    "title": "Jumbo Plakjes Gekookte Worst 175 g",
    "category": "Vleeswaren, kaas en tapas",
    "price": 2.29,
    "promoPrice": null,
    "pricePerUnit": "13.09 kg",
    "image": "https://www.jumbo.com/dam-images/fit-in/360x360/Products/19062024_1718814836674_1718814844497_8718452767847_1.png",
    "available": true,
    "promoUntil": null
  },
  {
    "id": "478197ZK",
    "title": "Jumbo Verspakket Thaise Rode Curry 4 Personen",
    "category": "Wereldkeukens, kruiden, pasta en rijst",
    "price": 5.49,
    "promoPrice": null,
    "pricePerUnit": "4.39 kg",
    "image": "https://www.jumbo.com/dam-images/fit-in/360x360/Products/03092025_1756884834100_1756884841094_8718452632077_1.png",
    "available": true,
    "promoUntil": null
  },
  {
    "id": "57161DS",
    "title": "Jumbo Zoute Stengels 150 g",
    "category": "Koek, snoep, chocolade en chips",
    "price": 1.29,
    "promoPrice": null,
    "pricePerUnit": "8.6 kg",
    "image": "https://www.jumbo.com/dam-images/fit-in/360x360/Products/17012024_1705473182862_1705473196957_57161_DS_08711715896537_C1N1_R.png",
    "available": true,
    "promoUntil": null
  },
  {
    "id": "571537ZK",
    "title": "Huls Drentse Kosterworst 2 x 100 g",
    "category": "Vleeswaren, kaas en tapas",
    "price": 5.48,
    "promoPrice": null,
    "pricePerUnit": "27.4 kg",
    "image": "https://www.jumbo.com/dam-images/fit-in/360x360/Products/26052025_1748227971816_1748227980793_571537_ZK_08725800003434_C1N1.png",
    "available": true,
    "promoUntil": null
  },
  {
    "id": "474825ZK",
    "title": "Frisia Party Mallows 300 g",
    "category": "Koek, snoep, chocolade en chips",
    "price": 2.46,
    "promoPrice": null,
    "pricePerUnit": "8.2 kg",
    "image": "https://www.jumbo.com/dam-images/fit-in/360x360/Products/08072025_1751985168645_1751985173537_8710497961280_1.png",
    "available": true,
    "promoUntil": null
  },
  {
    "id": "695184TRA",
    "title": "La Vie - bacon 120g",
    "category": "Vlees, vis en vega",
    "price": 4.49,
    "promoPrice": null,
    "pricePerUnit": "37.42 kg",
    "image": "https://www.jumbo.com/dam-images/fit-in/360x360/Products/01072025_1751333247249_1751333255204_695184_TRA_03770018078205_C1N1.png",
    "available": true,
    "promoUntil": null
  },
  {
    "id": "560962TRA",
    "title": "Jumbo Macaroni Bolognese met Rundvlees 450 g",
    "category": "Verse maaltijden en gemak",
    "price": 2.69,
    "promoPrice": null,
    "pricePerUnit": "5.98 kg",
    "image": "https://www.jumbo.com/dam-images/fit-in/360x360/Products/21022025_1740151973029_1740151981520_8718452738694_1.png",
    "available": true,
    "promoUntil": null
  },
  {
    "id": "477170DS",
    "title": "Jumbo Zalmfilet met Huid 2 x 125 g",
    "category": "Diepvries",
    "price": 4.5,
    "promoPrice": null,
    "pricePerUnit": "18.0 kg",
    "image": "https://www.jumbo.com/dam-images/fit-in/360x360/Products/14022024_1707873137442_1707873142912_8718452581276_1.png",
    "available": true,
    "promoUntil": null
  },
  {
    "id": "365177DS",
    "title": "Hero Nutrasense 1 0-6 Maanden Volledige Zuigelingenvoeding 2 x 350 g",
    "category": "Drogisterij en baby",
    "price": 9.89,
    "promoPrice": null,
    "pricePerUnit": "14.13 kg",
    "image": "https://www.jumbo.com/dam-images/fit-in/360x360/Products/8713500012214T5963ffb8911-3200-4e09-bc6a-4449c6b7d905-1756126551959.png",
    "available": true,
    "promoUntil": null
  },
  {
    "id": "572906ZK",
    "title": "Jumbo Studentenhaver Ongezouten 200 g",
    "category": "Koek, snoep, chocolade en chips",
    "price": 1.75,
    "promoPrice": null,
    "pricePerUnit": "8.75 kg",
    "image": "https://www.jumbo.com/dam-images/fit-in/360x360/Products/14022024_1707872954609_1707872963467_8718452723713_1.png",
    "available": true,
    "promoUntil": null
  },
  {
    "id": "300210STK",
    "title": "Jumbo - Volkoren Bollen - 6 Stuks",
    "category": "Brood en gebak",
    "price": 1.59,
    "promoPrice": null,
    "pricePerUnit": "0.27 pieces",
    "image": "https://www.jumbo.com/dam-images/fit-in/360x360/Products/26082025_1756218789870_1756218793962_8718452815517_1.png",
    "available": true,
    "promoUntil": null
  },
  {
    "id": "667420STK",
    "title": "HEMA Geurstokjes Linen 100ML",
    "category": "Non-food en servicebalie",
    "price": 9.99,
    "promoPrice": null,
    "pricePerUnit": "99.9 l",
    "image": "https://www.jumbo.com/dam-images/fit-in/360x360/Products/04122024_1733303604145_1733303609015_667420_STK_08720354495155_C1N1.png",
    "available": true,
    "promoUntil": null
  },
  {
    "id": "510400CUP",
    "title": "Jumbo Pesto Kaas Spread 90 g",
    "category": "Vleeswaren, kaas en tapas",
    "price": 2.09,
    "promoPrice": null,
    "pricePerUnit": "23.22 kg",
    "image": "https://www.jumbo.com/dam-images/fit-in/360x360/Products/14022024_1707873912614_1707873926312_8718452757305_1.png",
    "available": true,
    "promoUntil": null
  },
  {
    "id": "188539PAK",
    "title": "Jumbo - Mini Saucijzenbroodjes - 12 Stuks",
    "category": "Brood en gebak",
    "price": 1.83,
    "promoPrice": null,
    "pricePerUnit": "7.63 kg",
    "image": "https://www.jumbo.com/dam-images/fit-in/360x360/Products/29092023_1695996129284_1695996149680_8718452635894_1.png",
    "available": true,
    "promoUntil": null
  },
  {
    "id": "572907ZK",
    "title": "Jumbo Macadamia Notenmix Ongezouten 200 g",
    "category": "Koek, snoep, chocolade en chips",
    "price": 2.69,
    "promoPrice": null,
    "pricePerUnit": "13.45 kg",
    "image": "https://www.jumbo.com/dam-images/fit-in/360x360/Products/14022024_1707872954650_1707872963246_8718452723737_1.png",
    "available": true,
    "promoUntil": null
  },
  {
    "id": "600147BAK",
    "title": "Kip-Saté Salade 250g",
    "category": "Vleeswaren, kaas en tapas",
    "price": 1.74,
    "promoPrice": null,
    "pricePerUnit": "6.96 kg",
    "image": "https://www.jumbo.com/dam-images/fit-in/360x360/Products/16012024_1705422786842_1705422801367_8710378860558_1.png",
    "available": true,
    "promoUntil": null
  },
  {
    "id": "205009STK",
    "title": "Mora Oven & Airfryer Kipkorn® 5 x 60 g",
    "category": "Diepvries",
    "price": 4.79,
    "promoPrice": null,
    "pricePerUnit": "15.97 kg",
    "image": "https://www.jumbo.com/dam-images/fit-in/360x360/Products/08082025_1754617641645_1754617651509_205009_STK_08710861911286_C1N1.png",
    "available": true,
    "promoUntil": null
  },
  {
    "id": "489054PAK",
    "title": "Lipton Ice Tea Peach Zero Sugar 1.5 l",
    "category": "Frisdrank en sappen",
    "price": 3.39,
    "promoPrice": null,
    "pricePerUnit": "2.26 l",
    "image": "https://www.jumbo.com/dam-images/fit-in/360x360/Products/03042025_1743650283394_1743650302790_489054_PAK_08711327547865_H1N1.png",
    "available": true,
    "promoUntil": null
  },
  {
    "id": "409770PAK",
    "title": "Jumbo Zilvervliesrijst 400 g",
    "category": "Wereldkeukens, kruiden, pasta en rijst",
    "price": 1.02,
    "promoPrice": null,
    "pricePerUnit": "2.55 kg",
    "image": "https://www.jumbo.com/dam-images/fit-in/360x360/Products/10082023_1691676549626_1691676566553_8718452474295_1.png",
    "available": true,
    "promoUntil": null
  },
  {
    "id": "76159PAK",
    "title": "Jumbo Wilde Zalmfilet 2 x 125 g",
    "category": "Diepvries",
    "price": 2.99,
    "promoPrice": null,
    "pricePerUnit": "11.96 kg",
    "image": "https://www.jumbo.com/dam-images/fit-in/360x360/Products/29092023_1695995420005_1695995436261_8718452581269_1.png",
    "available": true,
    "promoUntil": null
  },
  {
    "id": "612512DS",
    "title": "Magnum Mini IJs Mix 6 stuks 6 x 55ml",
    "category": "Diepvries",
    "price": 5.79,
    "promoPrice": null,
    "pricePerUnit": "17.55 l",
    "image": "https://www.jumbo.com/dam-images/fit-in/360x360/Products/01092025_1756722868627_1756722872441_8711327609082_1.png",
    "available": true,
    "promoUntil": null
  },
  {
    "id": "580083ZK",
    "title": "Jumbo Geraspt Jong Belegen Kaas 48+ 3 x 50 g",
    "category": "Vleeswaren, kaas en tapas",
    "price": 3.69,
    "promoPrice": null,
    "pricePerUnit": "24.6 kg",
    "image": "https://www.jumbo.com/dam-images/fit-in/360x360/Products/20112023_1700501646647_1700501651390_8718452745463_1.png",
    "available": true,
    "promoUntil": null
  },
  {
    "id": "521270TRA",
    "title": "Jumbo's Spinazie à la Crème 450 g",
    "category": "Verse maaltijden en gemak",
    "price": 5.79,
    "promoPrice": null,
    "pricePerUnit": "12.87 kg",
    "image": "https://www.jumbo.com/dam-images/fit-in/360x360/Products/17092024_1726580062180_1726580070009_8718452857821_1.png",
    "available": true,
    "promoUntil": null
  },
  {
    "id": "672961PAK",
    "title": "Lochtman Hollandse Hachee 500 g",
    "category": "Verse maaltijden en gemak",
    "price": 5.99,
    "promoPrice": null,
    "pricePerUnit": "11.98 kg",
    "image": "https://www.jumbo.com/dam-images/fit-in/360x360/Products/09082023_1691585026615_1691585054634_8717056394411_1.png",
    "available": true,
    "promoUntil": null
  },
  {
    "id": "151375STK",
    "title": "Jumbo Tagliatelle 500 g",
    "category": "Wereldkeukens, kruiden, pasta en rijst",
    "price": 1.89,
    "promoPrice": null,
    "pricePerUnit": "3.78 kg",
    "image": "https://www.jumbo.com/dam-images/fit-in/360x360/Products/19032025_1742402009873_1742402016265_8718452667406_1.png",
    "available": true,
    "promoUntil": null
  },
  {
    "id": "531795FLS",
    "title": "Jumbo Vers Sap Sinaasappel 500ML",
    "category": "Aardappelen, groente en fruit",
    "price": 2.49,
    "promoPrice": null,
    "pricePerUnit": "4.98 l",
    "image": "https://www.jumbo.com/dam-images/fit-in/360x360/Products/04112024_1730752386865_1730752390024_8718452863624_1.png",
    "available": true,
    "promoUntil": null
  },
  {
    "id": "59937TRA",
    "title": "Heineken Premium Pilsener Bier Draaidop Fles 6 x 250ml",
    "category": "Bier en wijn",
    "price": 7.39,
    "promoPrice": null,
    "pricePerUnit": "4.93 l",
    "image": "https://www.jumbo.com/dam-images/fit-in/360x360/Products/07012025_1736267704771_1736267708962_8712000031053_1.png",
    "available": true,
    "promoUntil": null
  },
  {
    "id": "498388PAK",
    "title": "DubbelFrisss 1Kcal Appel - Zwarte Bes 1,5L",
    "category": "Frisdrank en sappen",
    "price": 2.69,
    "promoPrice": null,
    "pricePerUnit": "1.79 l",
    "image": "https://www.jumbo.com/dam-images/fit-in/360x360/Products/26052025_1748277172395_1748277177101_8720157467632_1.png",
    "available": true,
    "promoUntil": null
  },
  {
    "id": "140548STK",
    "title": "Jumbo - Croissants - 6 Stuks",
    "category": "Brood en gebak",
    "price": 1.49,
    "promoPrice": null,
    "pricePerUnit": "6.21 kg",
    "image": "https://www.jumbo.com/dam-images/fit-in/360x360/Products/29092023_1695995624842_1695995629295_8718452445639_1.png",
    "available": true,
    "promoUntil": null
  },
  {
    "id": "134891FLS",
    "title": "Gato Negro - Merlot - 750 ML",
    "category": "Bier en wijn",
    "price": 5.29,
    "promoPrice": null,
    "pricePerUnit": "7.05 l",
    "image": "https://www.jumbo.com/dam-images/fit-in/360x360/Products/7804300120603T1c9e5f7d5-46d9-4335-aaa4-844a41c6c11e-1742370642496.png",
    "available": true,
    "promoUntil": null
  },
  {
    "id": "550399DS",
    "title": "Iglo Roerbaksensatie Teriyaki 450g",
    "category": "Diepvries",
    "price": 5.5,
    "promoPrice": null,
    "pricePerUnit": "12.22 kg",
    "image": "https://www.jumbo.com/dam-images/fit-in/360x360/Products/02082025_1754097435690_1754097441212_550399_DS_08720195571322_A1N1.png",
    "available": true,
    "promoUntil": null
  },
  {
    "id": "155522PAK",
    "title": "Oreo Original koekjes 220g",
    "category": "Koek, snoep, chocolade en chips",
    "price": 2.59,
    "promoPrice": null,
    "pricePerUnit": "11.77 kg",
    "image": "https://www.jumbo.com/dam-images/fit-in/360x360/Products/02092025_1756816428297_1756816434715_7622210021502_596.png",
    "available": true,
    "promoUntil": null
  },
  {
    "id": "631882FLS",
    "title": "Dubro Multi Ontvetter 650 ml ",
    "category": "Huishouden en dieren",
    "price": 3.99,
    "promoPrice": null,
    "pricePerUnit": "6.14 l",
    "image": "https://www.jumbo.com/dam-images/fit-in/360x360/Products/20052025_1747704467873_1747704474917_631882_FLS_08003650026262_C1N1.png",
    "available": true,
    "promoUntil": null
  },
  {
    "id": "532121KGR",
    "title": "Jumbo Goudse Kaas 30+ Extra Belegen ca. 420 g",
    "category": "Vleeswaren, kaas en tapas",
    "price": 7.47,
    "promoPrice": null,
    "pricePerUnit": "17.79 kg",
    "image": "https://www.jumbo.com/dam-images/fit-in/360x360/Products/09082023_1691591576183_1691591587398_2335945000000_1.png",
    "available": true,
    "promoUntil": null
  },
  {
    "id": "185492STK",
    "title": "Maaslander Geitenkaas 50+ Plakken 140 g",
    "category": "Vleeswaren, kaas en tapas",
    "price": 3.99,
    "promoPrice": null,
    "pricePerUnit": "28.5 kg",
    "image": "https://www.jumbo.com/dam-images/fit-in/360x360/Products/14072025_1752507225481_1752507230558_8710243927201_1.png",
    "available": true,
    "promoUntil": null
  },
  {
    "id": "310810PAK",
    "title": "Mentos Mint Vegan 5-pack",
    "category": "Koek, snoep, chocolade en chips",
    "price": 2.76,
    "promoPrice": null,
    "pricePerUnit": "14.68 kg",
    "image": "https://www.jumbo.com/dam-images/fit-in/360x360/Products/07072025_1751902634340_1751902636643_8723400786573_1.png",
    "available": true,
    "promoUntil": null
  },
  {
    "id": "161338DS",
    "title": "Iglo Fish Cuisine Italiano 380 g",
    "category": "Diepvries",
    "price": 5.93,
    "promoPrice": null,
    "pricePerUnit": "15.61 kg",
    "image": "https://www.jumbo.com/dam-images/fit-in/360x360/Products/10082023_1691678358432_1691678376957_8717774266120_1.png",
    "available": true,
    "promoUntil": null
  },
  {
    "id": "610203STK",
    "title": "Jumbo - Stroopwafelvlaai - Half\n",
    "category": "Brood en gebak",
    "price": 7.99,
    "promoPrice": null,
    "pricePerUnit": "7.99 pieces",
    "image": "https://www.jumbo.com/dam-images/fit-in/360x360/Products/09092025_1757403274911_1757403294078_8718452836567_9.png",
    "available": true,
    "promoUntil": null
  },
  {
    "id": "383775ZK",
    "title": "Jumbo Brokkenmix met Rund Rijst & Groenten Katten Volwassen 1,5kg",
    "category": "Huishouden en dieren",
    "price": 4.99,
    "promoPrice": null,
    "pricePerUnit": "3.33 kg",
    "image": "https://www.jumbo.com/dam-images/fit-in/360x360/Products/09082023_1691587558648_1691587569726_8718452476718_1.png",
    "available": true,
    "promoUntil": null
  },
  {
    "id": "428005FLS",
    "title": "Jumbo Helder Bruisend Perzik 1,5 L",
    "category": "Frisdrank en sappen",
    "price": 1.19,
    "promoPrice": null,
    "pricePerUnit": "0.79 l",
    "image": "https://www.jumbo.com/dam-images/fit-in/360x360/Products/09092025_1757421314084_1757421316937_8718452537426_1.png",
    "available": true,
    "promoUntil": null
  },
  {
    "id": "330471ZK",
    "title": "Knoppers NutBar 5 x 40 g",
    "category": "Koek, snoep, chocolade en chips",
    "price": 2.62,
    "promoPrice": null,
    "pricePerUnit": "13.1 kg",
    "image": "https://www.jumbo.com/dam-images/fit-in/360x360/Products/01032024_1709289247973_1709289255293_4014400929065_1.png",
    "available": true,
    "promoUntil": null
  },
  {
    "id": "521762DS",
    "title": "Honig Maaltijdmix voor Kip Kerrie 59 g",
    "category": "Wereldkeukens, kruiden, pasta en rijst",
    "price": 1.99,
    "promoPrice": null,
    "pricePerUnit": "33.73 kg",
    "image": "https://www.jumbo.com/dam-images/fit-in/360x360/Products/18072025_1752801364845_1752801376739_521762_DS_08714700170285_H1N1.png",
    "available": true,
    "promoUntil": null
  },
  {
    "id": "201558ZK",
    "title": "Iglo Roerbak Sensatie Paella 450 g",
    "category": "Diepvries",
    "price": 5.5,
    "promoPrice": null,
    "pricePerUnit": "12.22 kg",
    "image": "https://www.jumbo.com/dam-images/fit-in/360x360/Products/02082025_1754099105504_1754099116153_201558_ZK_08717774268001_C1N1.png",
    "available": true,
    "promoUntil": null
  },
  {
    "id": "431126PKL",
    "title": "Rivella Original Fles 6 x 0,5L",
    "category": "Frisdrank en sappen",
    "price": 10.4,
    "promoPrice": null,
    "pricePerUnit": "3.47 l",
    "image": "https://www.jumbo.com/dam-images/fit-in/360x360/Products/431126PKL-1692282023738.png",
    "available": true,
    "promoUntil": null
  },
  {
    "id": "166466PAK",
    "title": "DubbelDrank Abrikoos & Sinaasappel 1 L",
    "category": "Frisdrank en sappen",
    "price": 2.49,
    "promoPrice": null,
    "pricePerUnit": "2.49 l",
    "image": "https://www.jumbo.com/dam-images/fit-in/360x360/Products/16092025_1758033290554_1758033294982_8713300079172_1.png",
    "available": true,
    "promoUntil": null
  },
  {
    "id": "584229STK",
    "title": "Jumbo Schwarzwälder Schinken Gerookt 150 g",
    "category": "Vleeswaren, kaas en tapas",
    "price": 2.24,
    "promoPrice": null,
    "pricePerUnit": "14.93 kg",
    "image": "https://www.jumbo.com/dam-images/fit-in/360x360/Products/12122024_1734014841346_1734014847247_8718452748785_1.png",
    "available": true,
    "promoUntil": null
  },
  {
    "id": "518050BAK",
    "title": "Jumbo Gedroogde Pruimen 250 g",
    "category": "Koek, snoep, chocolade en chips",
    "price": 3.25,
    "promoPrice": null,
    "pricePerUnit": "13.0 kg",
    "image": "https://www.jumbo.com/dam-images/fit-in/360x360/Products/25032024_1711381755487_1711381781488_8718452825356_1.png",
    "available": true,
    "promoUntil": null
  },
  {
    "id": "237945STK",
    "title": "Verstegen Knoflookpoeder 50 g",
    "category": "Wereldkeukens, kruiden, pasta en rijst",
    "price": 3.59,
    "promoPrice": null,
    "pricePerUnit": "71.8 kg",
    "image": "https://www.jumbo.com/dam-images/fit-in/360x360/Products/25022025_1740454716770_1740454720686_237945_STK_08712200080646_C1N1.png",
    "available": true,
    "promoUntil": null
  },
  {
    "id": "131916DS",
    "title": "Flügel - 10 x 20ML",
    "category": "Bier en wijn",
    "price": 10.49,
    "promoPrice": null,
    "pricePerUnit": "52.45 l",
    "image": "https://www.jumbo.com/dam-images/fit-in/360x360/Products/09082023_1691595411230_1691595416767_8714432000409_1.png",
    "available": true,
    "promoUntil": null
  },
  {
    "id": "540509PAK",
    "title": "Schweppes Agrumes Zero 6 x 33cl",
    "category": "Frisdrank en sappen",
    "price": 6.89,
    "promoPrice": null,
    "pricePerUnit": "3.48 l",
    "image": "https://www.jumbo.com/dam-images/fit-in/360x360/Products/11032025_1741699988285_1741699992671_5410221205194_1.png",
    "available": true,
    "promoUntil": null
  },
  {
    "id": "419008BLK",
    "title": "Nature's Charm Shredded Young Green Jackfruit in Water 565 g",
    "category": "Vlees, vis en vega",
    "price": 2.49,
    "promoPrice": null,
    "pricePerUnit": "4.41 kg",
    "image": "https://www.jumbo.com/dam-images/fit-in/360x360/Products/12122024_1734014442107_1734014451878_93856994029_1.png",
    "available": true,
    "promoUntil": null
  },
  {
    "id": "179703STK",
    "title": "Mora Mini's Fun Mix Favorites 738 g",
    "category": "Diepvries",
    "price": 7.42,
    "promoPrice": null,
    "pricePerUnit": "10.05 kg",
    "image": "https://www.jumbo.com/dam-images/fit-in/360x360/Products/10092025_1757467665798_1757467678872_179703_STK_08710861995521_C1N1_s04.png",
    "available": true,
    "promoUntil": null
  },
  {
    "id": "420772STK",
    "title": "Kinder Bueno 4 x 43 g",
    "category": "Koek, snoep, chocolade en chips",
    "price": 3.75,
    "promoPrice": null,
    "pricePerUnit": "21.8 kg",
    "image": "https://www.jumbo.com/dam-images/fit-in/360x360/Products/22082025_1755827511503_1755827512449_420772_STK_05020411113828_A1N1_s02.png",
    "available": true,
    "promoUntil": null
  },
  {
    "id": "306555DS",
    "title": "Jumbo Kip Kebab 400 g",
    "category": "Diepvries",
    "price": 3.29,
    "promoPrice": null,
    "pricePerUnit": "8.23 kg",
    "image": "https://www.jumbo.com/dam-images/fit-in/360x360/Products/29042025_1745937192708_1745937204886_8718452396368_1.png",
    "available": true,
    "promoUntil": null
  },
  {
    "id": "578304DSL",
    "title": "Montaignan - Sauvignon Blanc 6 x 750 ml",
    "category": "Bier en wijn",
    "price": 35.94,
    "promoPrice": null,
    "pricePerUnit": "7.99 l",
    "image": "https://www.jumbo.com/dam-images/fit-in/360x360/Products/OmdoosSB42306251-1b42-4e02-a379-5a7f6e7dd105-1703085054406.png",
    "available": true,
    "promoUntil": null
  },
  {
    "id": "678173ZK",
    "title": "Always Ultra  Maandverbanden Secure Night Extra (maat 5)",
    "category": "Drogisterij en baby",
    "price": 5.99,
    "promoPrice": null,
    "pricePerUnit": "0.37 pieces",
    "image": "https://www.jumbo.com/dam-images/fit-in/360x360/Products/14082025_1755200013761_1755200017555_8006540822883_1.png",
    "available": true,
    "promoUntil": null
  },
  {
    "id": "388554STK",
    "title": "Jumbo - Mini Appeltaartjes - 2 Stuks",
    "category": "Brood en gebak",
    "price": 2.7,
    "promoPrice": null,
    "pricePerUnit": "1.35 pieces",
    "image": "https://www.jumbo.com/dam-images/fit-in/360x360/Products/09092025_1757406804339_1757406815071_8718452513840_9.png",
    "available": true,
    "promoUntil": null
  },
  {
    "id": "398910DS",
    "title": "Jumbo Vriesverse Perzik Partjes 250 g",
    "category": "Diepvries",
    "price": 1.99,
    "promoPrice": null,
    "pricePerUnit": "7.96 kg",
    "image": "https://www.jumbo.com/dam-images/fit-in/360x360/Products/01082024_1722504868952_1722504891341_8718452808601_596.png",
    "available": true,
    "promoUntil": null
  },
  {
    "id": "482901ZK",
    "title": "Lay's Max Ribbel Chips Naturel 185 gr",
    "category": "Koek, snoep, chocolade en chips",
    "price": 2.39,
    "promoPrice": null,
    "pricePerUnit": "12.92 kg",
    "image": "https://www.jumbo.com/dam-images/fit-in/360x360/Products/24092025_1758677532200_1758677546418_482901_ZK_08710398524089_C1N1.png",
    "available": true,
    "promoUntil": null
  },
  {
    "id": "673001DS",
    "title": "Jumbo Boerenkool Voordeelverpakking 750 g",
    "category": "Diepvries",
    "price": 1.45,
    "promoPrice": null,
    "pricePerUnit": "1.93 kg",
    "image": "https://www.jumbo.com/dam-images/fit-in/360x360/Products/31012025_1738341194452_1738341210368_8718452879120_596.png",
    "available": true,
    "promoUntil": null
  },
  {
    "id": "675898ZK",
    "title": "Kraakman Gesneden Roombotercake 400 g",
    "category": "Koek, snoep, chocolade en chips",
    "price": 4.39,
    "promoPrice": null,
    "pricePerUnit": "10.98 kg",
    "image": "https://www.jumbo.com/dam-images/fit-in/360x360/Products/18022025_1739896394214_1739896401265_8717624896507_1.png",
    "available": true,
    "promoUntil": null
  },
  {
    "id": "536353STK",
    "title": "Stegeman Ambachtelijk Fuet 130 g",
    "category": "Vleeswaren, kaas en tapas",
    "price": 3.53,
    "promoPrice": null,
    "pricePerUnit": "27.15 kg",
    "image": "https://www.jumbo.com/dam-images/fit-in/360x360/Products/09082023_1691590342116_1691590368387_8710765958066_1.png",
    "available": true,
    "promoUntil": null
  },
  {
    "id": "196443PAK",
    "title": "Fuze Tea Green Iced Tea 1,5 L",
    "category": "Frisdrank en sappen",
    "price": 3.09,
    "promoPrice": null,
    "pricePerUnit": "2.06 l",
    "image": "https://www.jumbo.com/dam-images/fit-in/360x360/Products/22052025_1747877374192_1747877380562_196443_PAK_05449000238771_H1N1.png",
    "available": true,
    "promoUntil": null
  },
  {
    "id": "578001ZK",
    "title": "Jumbo Salade Witlof 335 g",
    "category": "Aardappelen, groente en fruit",
    "price": 3.69,
    "promoPrice": null,
    "pricePerUnit": "11.01 kg",
    "image": "https://www.jumbo.com/dam-images/fit-in/360x360/Products/10062024_1718033712205_1718033720747_8718452805495_1.png",
    "available": true,
    "promoUntil": null
  },
  {
    "id": "504033ZK",
    "title": "Grand'Italia Farfalle Tradizionali 500 g",
    "category": "Wereldkeukens, kruiden, pasta en rijst",
    "price": 1.87,
    "promoPrice": null,
    "pricePerUnit": "3.74 kg",
    "image": "https://www.jumbo.com/dam-images/fit-in/360x360/Products/26042025_1745639426589_1745639435770_504033_ZK_08000050836927_C1N1.png",
    "available": true,
    "promoUntil": null
  },
  {
    "id": "145971BUS",
    "title": "Jumbo Luchtverfrisser Lavendel 250 ml",
    "category": "Huishouden en dieren",
    "price": 0.85,
    "promoPrice": null,
    "pricePerUnit": "3.4 l",
    "image": "https://www.jumbo.com/dam-images/fit-in/360x360/Products/10082023_1691674904928_1691674920489_8718449093584_1.png",
    "available": true,
    "promoUntil": null
  },
  {
    "id": "81658FLS",
    "title": "Royalty - Redvodka Drink - 700ML",
    "category": "Bier en wijn",
    "price": 5.29,
    "promoPrice": null,
    "pricePerUnit": "7.56 l",
    "image": "https://www.jumbo.com/dam-images/fit-in/360x360/Products/22122023_1703220209468_1703220212886_81658_FLS_08710924806214_C1N1.png",
    "available": true,
    "promoUntil": null
  },
  {
    "id": "184401STK",
    "title": "Red Band Pret Sleutels 180 g",
    "category": "Koek, snoep, chocolade en chips",
    "price": 1.68,
    "promoPrice": null,
    "pricePerUnit": "9.33 kg",
    "image": "https://www.jumbo.com/dam-images/fit-in/360x360/Products/19092025_1758247018714_1758247042874_184401_STK_08713800128189_C1N1.png",
    "available": true,
    "promoUntil": null
  },
  {
    "id": "431390TRL",
    "title": "Jumbo Helder Bruisend Water Citroen 6 x 500ml",
    "category": "Frisdrank en sappen",
    "price": 2.99,
    "promoPrice": null,
    "pricePerUnit": "1.0 l",
    "image": "https://www.jumbo.com/dam-images/fit-in/360x360/Products/431390TRL-1692282792193.png",
    "available": true,
    "promoUntil": null
  },
  {
    "id": "581032FLS",
    "title": "Yellow Tail - Chardonnay - 750ML",
    "category": "Bier en wijn",
    "price": 5.99,
    "promoPrice": null,
    "pricePerUnit": "7.99 l",
    "image": "https://www.jumbo.com/dam-images/fit-in/360x360/Products/27082025_1756301631764_1756301634769_9322214006205_1.png",
    "available": true,
    "promoUntil": null
  },
  {
    "id": "590954DS",
    "title": "Jumbo Melkbiscuits Aardbeiensmaak Voordeelverpakking 9 Stuks",
    "category": "Koek, snoep, chocolade en chips",
    "price": 1.84,
    "promoPrice": null,
    "pricePerUnit": "5.01 kg",
    "image": "https://www.jumbo.com/dam-images/fit-in/360x360/Products/14022024_1707873703066_1707873710163_8718452751419_1.png",
    "available": true,
    "promoUntil": null
  },
  {
    "id": "205516ZK",
    "title": "Haribo Kindermix Uitdeelzakjes 375 g",
    "category": "Koek, snoep, chocolade en chips",
    "price": 4.09,
    "promoPrice": null,
    "pricePerUnit": "10.91 kg",
    "image": "https://www.jumbo.com/dam-images/fit-in/360x360/Products/29042025_1745888682018_1745888696773_205516_ZK_04001686748480_H1N1.png",
    "available": true,
    "promoUntil": null
  },
  {
    "id": "678231DS",
    "title": "Gillette Fusion5 4 Navulmesjes voor Mannen",
    "category": "Drogisterij en baby",
    "price": 24.45,
    "promoPrice": null,
    "pricePerUnit": "6.11 pieces",
    "image": "https://www.jumbo.com/dam-images/fit-in/360x360/Products/20062025_1750382163380_1750382165712_678231_DS_08700216479622_C1N1.png",
    "available": true,
    "promoUntil": null
  },
  {
    "id": "365021STK",
    "title": "Jumbo - Chocolade Broodjes - 9 Stuks",
    "category": "Brood en gebak",
    "price": 2.72,
    "promoPrice": null,
    "pricePerUnit": "7.56 kg",
    "image": "https://www.jumbo.com/dam-images/fit-in/360x360/Products/09082023_1691587557594_1691587566488_8718452356966_1.png",
    "available": true,
    "promoUntil": null
  },
  {
    "id": "180679ZK",
    "title": "Jumbo Oven Frites 1 kg",
    "category": "Diepvries",
    "price": 2.1,
    "promoPrice": null,
    "pricePerUnit": "2.1 kg",
    "image": "https://www.jumbo.com/dam-images/fit-in/360x360/Products/29042025_1745915587469_1745915607078_8718452295050_596.png",
    "available": true,
    "promoUntil": null
  },
  {
    "id": "672234BLS",
    "title": "Varta Longlife Power AAA 6+2 Stuks",
    "category": "Non-food en servicebalie",
    "price": 7.99,
    "promoPrice": null,
    "pricePerUnit": "1.0 pieces",
    "image": "https://www.jumbo.com/dam-images/fit-in/360x360/Products/12092025_1757642599062_1757642603750_672234_BLS_04008496568857_C1N1.png",
    "available": true,
    "promoUntil": null
  },
  {
    "id": "300887PAK",
    "title": "Jumbo Appelronde Koeken 6 Stuks",
    "category": "Koek, snoep, chocolade en chips",
    "price": 3.49,
    "promoPrice": null,
    "pricePerUnit": "8.31 kg",
    "image": "https://www.jumbo.com/dam-images/fit-in/360x360/Products/10082023_1691675071866_1691675112122_8718452426027_1.png",
    "available": true,
    "promoUntil": null
  },
  {
    "id": "561552DS",
    "title": "Nutrilon 1 Volledige Zuigelingenvoeding - Baby 0 - 6 Maanden 1,2 kg",
    "category": "Drogisterij en baby",
    "price": 21.26,
    "promoPrice": null,
    "pricePerUnit": "17.72 kg",
    "image": "https://www.jumbo.com/dam-images/fit-in/360x360/Products/28082025_1756398808645_1756398812177_5900852065279_1.png",
    "available": true,
    "promoUntil": null
  },
  {
    "id": "589020CUP",
    "title": "Jumbo Sambal Light 15+ Smeerkaas 200 g",
    "category": "Vleeswaren, kaas en tapas",
    "price": 1.45,
    "promoPrice": null,
    "pricePerUnit": "7.25 kg",
    "image": "https://www.jumbo.com/dam-images/fit-in/360x360/Products/14062024_1718364825931_1718364850181_8718452731114_596.png",
    "available": true,
    "promoUntil": null
  },
  {
    "id": "486836ZK",
    "title": "Lay's Oven Baked Barbecue Chips 150 gr",
    "category": "Koek, snoep, chocolade en chips",
    "price": 2.35,
    "promoPrice": null,
    "pricePerUnit": "15.67 kg",
    "image": "https://www.jumbo.com/dam-images/fit-in/360x360/Products/03042025_1743683569513_1743683576093_8710398160911_1.png",
    "available": true,
    "promoUntil": null
  },
  {
    "id": "575884STK",
    "title": "Jumbo Goudse Kaas 48+ Extra Belegen Stuk 450 g",
    "category": "Vleeswaren, kaas en tapas",
    "price": 5.26,
    "promoPrice": null,
    "pricePerUnit": "11.69 kg",
    "image": "https://www.jumbo.com/dam-images/fit-in/360x360/Products/14112023_1699975989244_1699976006009_8718452695300_1.png",
    "available": true,
    "promoUntil": null
  },
  {
    "id": "484211DS",
    "title": "Mora Originals Carrero® 4 x 100 g",
    "category": "Diepvries",
    "price": 4.29,
    "promoPrice": null,
    "pricePerUnit": "10.73 kg",
    "image": "https://www.jumbo.com/dam-images/fit-in/360x360/Products/10082023_1691675747861_1691675760922_8710861994944_1.png",
    "available": true,
    "promoUntil": null
  },
  {
    "id": "685984BAK",
    "title": "Jumbo Maaltijdsalade Garnalen met Whisky-cocktaildressing 400g",
    "category": "Verse maaltijden en gemak",
    "price": 5.0,
    "promoPrice": null,
    "pricePerUnit": "12.5 kg",
    "image": "https://www.jumbo.com/dam-images/fit-in/360x360/Products/09042025_1744209189891_1744209199570_8718452892853_1.png",
    "available": true,
    "promoUntil": null
  },
  {
    "id": "215483BAK",
    "title": "Jan Pannenkoeken Naturel 8 Stuks 540 g",
    "category": "Verse maaltijden en gemak",
    "price": 2.69,
    "promoPrice": null,
    "pricePerUnit": "4.98 kg",
    "image": "https://www.jumbo.com/dam-images/fit-in/360x360/Products/04092025_1756974789137_1756974794836_8712941141170_1.png",
    "available": true,
    "promoUntil": null
  },
  {
    "id": "580150FLS",
    "title": "Karvan Cévitam Zero Bosvruchten Siroop 600 ml",
    "category": "Frisdrank en sappen",
    "price": 4.29,
    "promoPrice": null,
    "pricePerUnit": "7.15 l",
    "image": "https://www.jumbo.com/dam-images/fit-in/360x360/Products/22082024_1724289459372_1724289466073_580150_FLS_08710395948642_H1N1.png",
    "available": true,
    "promoUntil": null
  },
  {
    "id": "521359ZK",
    "title": "Grand'Italia Mini Penne Tradizionali Pasta 350 g",
    "category": "Wereldkeukens, kruiden, pasta en rijst",
    "price": 1.87,
    "promoPrice": null,
    "pricePerUnit": "5.34 kg",
    "image": "https://www.jumbo.com/dam-images/fit-in/360x360/Products/25052024_1716600946251_1716600949799_521359_ZK_08000050138809_H1N1.png",
    "available": true,
    "promoUntil": null
  },
  {
    "id": "174637POT",
    "title": "De Kleine Keuken Biologisch Broodbeleg Mango & Pompoen 6+ Maanden 170 g",
    "category": "Drogisterij en baby",
    "price": 3.26,
    "promoPrice": null,
    "pricePerUnit": "19.18 kg",
    "image": "https://www.jumbo.com/dam-images/fit-in/360x360/Products/14022024_1707872952421_1707872958958_8718734490173_1.png",
    "available": true,
    "promoUntil": null
  },
  {
    "id": "511587PAK",
    "title": "JOZO Iodized Salt Fine 1 kg",
    "category": "Wereldkeukens, kruiden, pasta en rijst",
    "price": 0.77,
    "promoPrice": null,
    "pricePerUnit": "0.77 kg",
    "image": "https://www.jumbo.com/dam-images/fit-in/360x360/Products/09122023_1702089170638_1702089173884_511587_PAK_08715800100844_C1N1.png",
    "available": true,
    "promoUntil": null
  },
  {
    "id": "523278PAK",
    "title": "Jumbo Light Drink Appel 10 x 200 ML",
    "category": "Frisdrank en sappen",
    "price": 2.99,
    "promoPrice": null,
    "pricePerUnit": "1.5 l",
    "image": "https://www.jumbo.com/dam-images/fit-in/360x360/Products/09082023_1691591479755_1691591500984_8718452648856_1.png",
    "available": true,
    "promoUntil": null
  },
  {
    "id": "695266STK",
    "title": "Jumbo Hele Kip 1,4 kg",
    "category": "Diepvries",
    "price": 6.49,
    "promoPrice": null,
    "pricePerUnit": "4.64 kg",
    "image": "https://www.jumbo.com/dam-images/fit-in/360x360/Products/15082025_1755268376856_1755268384379_8718452883394_1.png",
    "available": true,
    "promoUntil": null
  },
  {
    "id": "428925DS",
    "title": "Jumbo Waterijsjes Mango 12 Stuks",
    "category": "Diepvries",
    "price": 1.99,
    "promoPrice": null,
    "pricePerUnit": "3.06 l",
    "image": "https://www.jumbo.com/dam-images/fit-in/360x360/Products/29092023_1695995395655_1695995404055_8718452577002_1.png",
    "available": true,
    "promoUntil": null
  },
  {
    "id": "35294ZK",
    "title": "Parrano Geraspte Kaas Originale",
    "category": "Vleeswaren, kaas en tapas",
    "price": 2.69,
    "promoPrice": null,
    "pricePerUnit": "26.9 kg",
    "image": "https://www.jumbo.com/dam-images/fit-in/360x360/Products/11012025_1736565221247_1736565228030_35294_ZK_08710477139661_H1N1.png",
    "available": true,
    "promoUntil": null
  },
  {
    "id": "22364RP",
    "title": "Lindt EXCELLENCE 85% Pure Chocoladereep 100g",
    "category": "Koek, snoep, chocolade en chips",
    "price": 3.56,
    "promoPrice": null,
    "pricePerUnit": "35.6 kg",
    "image": "https://www.jumbo.com/dam-images/fit-in/360x360/Products/05112024_1730824505232_1730824508881_3046920028363_1.png",
    "available": true,
    "promoUntil": null
  },
  {
    "id": "467954ZK",
    "title": "HEMA Waxine Sfeerlichten 30 Stuks",
    "category": "Non-food en servicebalie",
    "price": 4.99,
    "promoPrice": null,
    "pricePerUnit": "4.99 pieces",
    "image": "https://www.jumbo.com/dam-images/fit-in/360x360/Products/09082023_1691587398138_1691587416304_8716618819232_1.png",
    "available": true,
    "promoUntil": null
  },
  {
    "id": "575885STK",
    "title": "Jumbo Goudse Kaas 48+ Belegen Stuk 450 g",
    "category": "Vleeswaren, kaas en tapas",
    "price": 4.69,
    "promoPrice": null,
    "pricePerUnit": "10.42 kg",
    "image": "https://www.jumbo.com/dam-images/fit-in/360x360/Products/14022024_1707873375441_1707873387879_8718452695263_1.png",
    "available": true,
    "promoUntil": null
  },
  {
    "id": "606642KGR",
    "title": "Jumbo Scharrel Kipcervelaat ca. 110 g",
    "category": "Vleeswaren, kaas en tapas",
    "price": 3.0,
    "promoPrice": null,
    "pricePerUnit": "27.27 kg",
    "image": "https://www.jumbo.com/dam-images/fit-in/360x360/Products/30012025_1738251167860_1738251174779_2348767000000_1.png",
    "available": true,
    "promoUntil": null
  },
  {
    "id": "183665STK",
    "title": "Tempo Zakdoeken 4 Lagen 10 x 10 Stuks",
    "category": "Drogisterij en baby",
    "price": 2.45,
    "promoPrice": null,
    "pricePerUnit": "0.25 pieces",
    "image": "https://www.jumbo.com/dam-images/fit-in/360x360/Products/30102023_1698658502598_1698658511315_7322540786385_1.png",
    "available": true,
    "promoUntil": null
  },
  {
    "id": "533007TRL",
    "title": "Coca-Cola Zero Sugar Cherry 6x 4x250 ml",
    "category": "Frisdrank en sappen",
    "price": 19.44,
    "promoPrice": null,
    "pricePerUnit": "3.24 l",
    "image": "https://www.jumbo.com/dam-images/fit-in/360x360/Products/363654TRL-1692362532207.png",
    "available": true,
    "promoUntil": null
  },
  {
    "id": "669473FLS",
    "title": "Crystal Clear Koolzuurvrij Sinaasappel Mandarijn 1,5L",
    "category": "Frisdrank en sappen",
    "price": 2.49,
    "promoPrice": null,
    "pricePerUnit": "1.66 l",
    "image": "https://www.jumbo.com/dam-images/fit-in/360x360/Products/14022025_1739506727861_1739506736656_669473_FLS_08715600250107_H1N1.png",
    "available": true,
    "promoUntil": null
  },
  {
    "id": "184214SC",
    "title": "Jumbo Rode Pepers Mild 2 Stuks",
    "category": "Wereldkeukens, kruiden, pasta en rijst",
    "price": 0.99,
    "promoPrice": null,
    "pricePerUnit": "0.5 pieces",
    "image": "https://www.jumbo.com/dam-images/fit-in/360x360/Products/29092023_1695994872107_1695994876287_8718452237593_1.png",
    "available": true,
    "promoUntil": null
  },
  {
    "id": "630264BKR",
    "title": "Jumbo Ricotta Fris & Mild 250 g",
    "category": "Vleeswaren, kaas en tapas",
    "price": 1.99,
    "promoPrice": null,
    "pricePerUnit": "7.96 kg",
    "image": "https://www.jumbo.com/dam-images/fit-in/360x360/Products/22072024_1721659043715_1721659054642_8718452797745_1.png",
    "available": true,
    "promoUntil": null
  },
  {
    "id": "669723DS",
    "title": "LENOR PODS Wascapsules 15 Wasbeurten, Katoen Fris",
    "category": "Huishouden en dieren",
    "price": 13.29,
    "promoPrice": null,
    "pricePerUnit": "0.89 wb",
    "image": "https://www.jumbo.com/dam-images/fit-in/360x360/Products/14082025_1755200015798_1755200021713_8700216708241_1.png",
    "available": true,
    "promoUntil": null
  },
  {
    "id": "217449FLS",
    "title": "Klein Vriend - Rosé - 750ML",
    "category": "Bier en wijn",
    "price": 3.25,
    "promoPrice": null,
    "pricePerUnit": "4.33 l",
    "image": "https://www.jumbo.com/dam-images/fit-in/360x360/Products/09082023_1691589155427_1691589162128_4041584003175_1.png",
    "available": true,
    "promoUntil": null
  },
  {
    "id": "562606CUP",
    "title": "Jumbo Fuet Plakjes Voordeelverpakking 150 g",
    "category": "Vleeswaren, kaas en tapas",
    "price": 3.5,
    "promoPrice": null,
    "pricePerUnit": "23.33 kg",
    "image": "https://www.jumbo.com/dam-images/fit-in/360x360/Products/14022024_1707873740597_1707873752210_8718452767939_1.png",
    "available": true,
    "promoUntil": null
  },
  {
    "id": "332324PAK",
    "title": "Jumbo Krakeling 150 g",
    "category": "Koek, snoep, chocolade en chips",
    "price": 1.29,
    "promoPrice": null,
    "pricePerUnit": "8.6 kg",
    "image": "https://www.jumbo.com/dam-images/fit-in/360x360/Products/09082023_1691588149046_1691588216584_8718452427819_1.png",
    "available": true,
    "promoUntil": null
  },
  {
    "id": "223117BAK",
    "title": "Jumbo Belegen Kaas 48+ Stuk 545 g",
    "category": "Vleeswaren, kaas en tapas",
    "price": 8.28,
    "promoPrice": null,
    "pricePerUnit": "15.19 kg",
    "image": "https://www.jumbo.com/dam-images/fit-in/360x360/Products/20122023_1703089983961_1703089995127_8718452695409_1.png",
    "available": true,
    "promoUntil": null
  },
  {
    "id": "616649FLS",
    "title": "Palmolive Hygiëne Plus Keuken Antibacteriële Vloeibare Handzeep 300ML",
    "category": "Drogisterij en baby",
    "price": 2.99,
    "promoPrice": null,
    "pricePerUnit": "9.97 l",
    "image": "https://www.jumbo.com/dam-images/fit-in/360x360/Products/06042024_1712365940830_1712365943635_616649_FLS_08718951647459_C1N1.png",
    "available": true,
    "promoUntil": null
  },
  {
    "id": "579478TRA",
    "title": "Jumbo Biologische Cherrytomaten 250 g",
    "category": "Aardappelen, groente en fruit",
    "price": 2.65,
    "promoPrice": null,
    "pricePerUnit": "10.6 kg",
    "image": "https://www.jumbo.com/dam-images/fit-in/360x360/Products/28092023_1695922630810_1695922634816_8718452773251_1.png",
    "available": true,
    "promoUntil": null
  },
  {
    "id": "356629PAK",
    "title": "Jumbo XL Tortilla Naturel 6 Stuks",
    "category": "Wereldkeukens, kruiden, pasta en rijst",
    "price": 0.95,
    "promoPrice": null,
    "pricePerUnit": "2.57 kg",
    "image": "https://www.jumbo.com/dam-images/fit-in/360x360/Products/16012025_1737020106603_1737020115975_8718452726851_1.png",
    "available": true,
    "promoUntil": null
  },
  {
    "id": "533007PAK",
    "title": "Coca-Cola Zero Sugar Cherry 4 x 250 ml",
    "category": "Frisdrank en sappen",
    "price": 3.25,
    "promoPrice": null,
    "pricePerUnit": "3.25 l",
    "image": "https://www.jumbo.com/dam-images/fit-in/360x360/Products/04032024_1709559247655_1709559255655_5000112658989_1.png",
    "available": true,
    "promoUntil": null
  },
  {
    "id": "71823FLS",
    "title": "Jumbo Roerbaksaus Zoetzuur met Perzik 490 g",
    "category": "Wereldkeukens, kruiden, pasta en rijst",
    "price": 1.95,
    "promoPrice": null,
    "pricePerUnit": "3.9 l",
    "image": "https://www.jumbo.com/dam-images/fit-in/360x360/Products/04072025_1751617973764_1751617979800_8718449007192_1.png",
    "available": true,
    "promoUntil": null
  },
  {
    "id": "96819PAK",
    "title": "Nutrilon 4 Dreumesmelk 1+ Jaar 800g",
    "category": "Drogisterij en baby",
    "price": 16.91,
    "promoPrice": null,
    "pricePerUnit": "21.14 kg",
    "image": "https://www.jumbo.com/dam-images/fit-in/360x360/Products/13032025_1741834055224_1741834065684_96819_PAK_08712400110044_C1N1_s01.png",
    "available": true,
    "promoUntil": null
  },
  {
    "id": "641684FLS",
    "title": "Jumbo Smoothie Aardbei Banaan met Appel 250ML",
    "category": "Frisdrank en sappen",
    "price": 1.59,
    "promoPrice": null,
    "pricePerUnit": "6.36 l",
    "image": "https://www.jumbo.com/dam-images/fit-in/360x360/Products/21112024_1732214242714_1732214250379_8718452846726_1.png",
    "available": true,
    "promoUntil": null
  },
  {
    "id": "580154FLS",
    "title": "Karvan Cévitam Zero Cassis Siroop 600 ml",
    "category": "Frisdrank en sappen",
    "price": 4.29,
    "promoPrice": null,
    "pricePerUnit": "7.15 l",
    "image": "https://www.jumbo.com/dam-images/fit-in/360x360/Products/21082024_1724202228853_1724202234661_580154_FLS_08710395948666_H1N1.png",
    "available": true,
    "promoUntil": null
  },
  {
    "id": "637435TRA",
    "title": "Maaslander Jong Belegen 50+ Kaas Plakken Voordeelverpakking 250 g",
    "category": "Vleeswaren, kaas en tapas",
    "price": 3.89,
    "promoPrice": null,
    "pricePerUnit": "15.56 kg",
    "image": "https://www.jumbo.com/dam-images/fit-in/360x360/Products/10072025_1752157973398_1752157980911_8710243909252_596.png",
    "available": true,
    "promoUntil": null
  },
  {
    "id": "192209STK",
    "title": "Jumbo Keukenreiniger 750 ML",
    "category": "Huishouden en dieren",
    "price": 2.19,
    "promoPrice": null,
    "pricePerUnit": "2.92 l",
    "image": "https://www.jumbo.com/dam-images/fit-in/360x360/Products/29092023_1695996695942_1695996698311_8718452727438_1.png",
    "available": true,
    "promoUntil": null
  },
  {
    "id": "282884STK",
    "title": "Napoleon Harde Dropkogels 225 g",
    "category": "Koek, snoep, chocolade en chips",
    "price": 2.08,
    "promoPrice": null,
    "pricePerUnit": "9.24 kg",
    "image": "https://www.jumbo.com/dam-images/fit-in/360x360/Products/26052025_1748231857796_1748231872231_282884_STK_08721077490588_H1N1.png",
    "available": true,
    "promoUntil": null
  },
  {
    "id": "546909ZK",
    "title": "Harlekijntjes Zachte Zoete Drop 300 g",
    "category": "Koek, snoep, chocolade en chips",
    "price": 1.68,
    "promoPrice": null,
    "pricePerUnit": "5.6 kg",
    "image": "https://www.jumbo.com/dam-images/fit-in/360x360/Products/09082023_1691592281784_1691592310876_8717524965549_1.png",
    "available": true,
    "promoUntil": null
  },
  {
    "id": "682597BAK",
    "title": "Jumbo Zeevruchtencocktail Naturel 150 g",
    "category": "Vlees, vis en vega",
    "price": 3.99,
    "promoPrice": null,
    "pricePerUnit": "26.6 kg",
    "image": "https://www.jumbo.com/dam-images/fit-in/360x360/Products/09082023_1691588098691_1691588193210_8718452530069_1.png",
    "available": true,
    "promoUntil": null
  },
  {
    "id": "568814PAK",
    "title": "Heinz Tomato Frito® 4-pack",
    "category": "Wereldkeukens, kruiden, pasta en rijst",
    "price": 4.05,
    "promoPrice": null,
    "pricePerUnit": "2.89 kg",
    "image": "https://www.jumbo.com/dam-images/fit-in/360x360/Products/02082025_1754098070802_1754098074185_568814_PAK_08410066139293_H1N1.png",
    "available": true,
    "promoUntil": null
  },
  {
    "id": "77969ROL",
    "title": "LU Prince Fourré koekjes vanille 300g",
    "category": "Koek, snoep, chocolade en chips",
    "price": 2.45,
    "promoPrice": null,
    "pricePerUnit": "8.17 kg",
    "image": "https://www.jumbo.com/dam-images/fit-in/360x360/Products/05082025_1754408011904_1754408017767_7622210776327_1.png",
    "available": true,
    "promoUntil": null
  },
  {
    "id": "669930TUB",
    "title": "Lenor Geurbooster 155g",
    "category": "Huishouden en dieren",
    "price": 7.99,
    "promoPrice": null,
    "pricePerUnit": "51.55 kg",
    "image": "https://www.jumbo.com/dam-images/fit-in/360x360/Products/14082025_1755200015388_1755200021421_8700216634755_1.png",
    "available": true,
    "promoUntil": null
  },
  {
    "id": "658842PAK",
    "title": "Jumbo Sinaasappelsap met Extra Vruchtvlees 1 L",
    "category": "Frisdrank en sappen",
    "price": 2.49,
    "promoPrice": null,
    "pricePerUnit": "2.49 l",
    "image": "https://www.jumbo.com/dam-images/fit-in/360x360/Products/25112024_1732552456152_1732552467852_8718452864348_596.png",
    "available": true,
    "promoUntil": null
  },
  {
    "id": "86120ZK",
    "title": "Jumbo Gevulde Koeken 8 Stuks 400 g",
    "category": "Koek, snoep, chocolade en chips",
    "price": 1.53,
    "promoPrice": null,
    "pricePerUnit": "3.83 kg",
    "image": "https://www.jumbo.com/dam-images/fit-in/360x360/Products/16082023_1692149779513_1692149782726_86120_ZK_08713621272221_C1N1.png",
    "available": true,
    "promoUntil": null
  },
  {
    "id": "428554FLS",
    "title": "Jumbo - Cola Light - 1,5 L",
    "category": "Frisdrank en sappen",
    "price": 0.99,
    "promoPrice": null,
    "pricePerUnit": "0.66 l",
    "image": "https://www.jumbo.com/dam-images/fit-in/360x360/Products/428554_8718452537181_1_T1_428554FLS1691168066324.png",
    "available": true,
    "promoUntil": null
  },
  {
    "id": "207385DS",
    "title": "Jumbo Volkoren Mie Nestjes 450 g",
    "category": "Wereldkeukens, kruiden, pasta en rijst",
    "price": 1.49,
    "promoPrice": null,
    "pricePerUnit": "3.31 kg",
    "image": "https://www.jumbo.com/dam-images/fit-in/360x360/Products/23102024_1729711991183_1729712000671_8718452667314_1.png",
    "available": true,
    "promoUntil": null
  },
  {
    "id": "471654FLS",
    "title": "Coca-Cola Zero Sugar Zero Cafeïne 1 L",
    "category": "Frisdrank en sappen",
    "price": 2.44,
    "promoPrice": null,
    "pricePerUnit": "2.44 l",
    "image": "https://www.jumbo.com/dam-images/fit-in/360x360/Products/22052025_1747877542970_1747877549874_471654_FLS_05000112654462_H1N1.png",
    "available": true,
    "promoUntil": null
  },
  {
    "id": "306420STK",
    "title": "Old Amsterdam Original 48+ Voorgesneden Borrelblokjes 170 g",
    "category": "Vleeswaren, kaas en tapas",
    "price": 4.49,
    "promoPrice": null,
    "pricePerUnit": "26.41 kg",
    "image": "https://www.jumbo.com/dam-images/fit-in/360x360/Products/14072025_1752507225485_1752507233230_8710243907142_1.png",
    "available": true,
    "promoUntil": null
  },
  {
    "id": "620747CUP",
    "title": "Jumbo Olijven Naturel 140 g",
    "category": "Vleeswaren, kaas en tapas",
    "price": 2.19,
    "promoPrice": null,
    "pricePerUnit": "15.64 kg",
    "image": "https://www.jumbo.com/dam-images/fit-in/360x360/Products/30012025_1738251167933_1738251176739_8718452846887_1.png",
    "available": true,
    "promoUntil": null
  },
  {
    "id": "704703DS",
    "title": "Apetito Maaltijdbox Eitwitrijk - 7 Verschillende Maaltijden",
    "category": "Diepvries",
    "price": 47.5,
    "promoPrice": null,
    "pricePerUnit": "14.03 kg",
    "image": "https://www.jumbo.com/dam-images/fit-in/360x360/Products/93661apetitodinerdoosEiwitrijk2400x2400ac5fb46c-1e59-4ebc-b2bc-e70c7eb841b5-1754577465567.png",
    "available": true,
    "promoUntil": null
  },
  {
    "id": "169235ZK",
    "title": "Jumbo Biologisch Volkoren Spaghetti 500 g",
    "category": "Wereldkeukens, kruiden, pasta en rijst",
    "price": 0.95,
    "promoPrice": null,
    "pricePerUnit": "1.9 kg",
    "image": "https://www.jumbo.com/dam-images/fit-in/360x360/Products/07122023_1701963245907_1701963252636_8718452649891_1.png",
    "available": true,
    "promoUntil": null
  },
  {
    "id": "642356KGR",
    "title": "Jumbo Kipfilet Naturel ca. 110 g",
    "category": "Vleeswaren, kaas en tapas",
    "price": 3.46,
    "promoPrice": null,
    "pricePerUnit": "31.5 kg",
    "image": "https://www.jumbo.com/dam-images/fit-in/360x360/Products/12122024_1734014926909_1734014934450_2378650000000_1.png",
    "available": true,
    "promoUntil": null
  },
  {
    "id": "163501PAK",
    "title": "Jumbo Mini Loempia's 15 Stuks",
    "category": "Diepvries",
    "price": 1.65,
    "promoPrice": null,
    "pricePerUnit": "5.5 kg",
    "image": "https://www.jumbo.com/dam-images/fit-in/360x360/Products/02062025_1748874786722_1748874801493_8718452766857_596.png",
    "available": true,
    "promoUntil": null
  },
  {
    "id": "617417DS",
    "title": "Jumbo Mango Voordeelverpakking 275 g",
    "category": "Aardappelen, groente en fruit",
    "price": 3.5,
    "promoPrice": null,
    "pricePerUnit": "12.73 kg",
    "image": "https://www.jumbo.com/dam-images/fit-in/360x360/Products/07052024_1715099656926_1715099662542_8718452835706_1.png",
    "available": true,
    "promoUntil": null
  },
  {
    "id": "528093DS",
    "title": "Olvarit Variatiemenu 3 Smaken Knijpfruit 12+ Maanden 18 x 100 g",
    "category": "Drogisterij en baby",
    "price": 20.73,
    "promoPrice": null,
    "pricePerUnit": "11.52 kg",
    "image": "https://www.jumbo.com/dam-images/fit-in/360x360/Products/09082023_1691591345510_1691591350923_8712400119740_1.png",
    "available": true,
    "promoUntil": null
  },
  {
    "id": "528660DS",
    "title": "Honig Maaltijdmix voor Spaghettisaus Bolognese 41 g",
    "category": "Wereldkeukens, kruiden, pasta en rijst",
    "price": 1.99,
    "promoPrice": null,
    "pricePerUnit": "48.54 kg",
    "image": "https://www.jumbo.com/dam-images/fit-in/360x360/Products/18072025_1752804557943_1752804565253_528660_DS_08714700170353_C1N1.png",
    "available": true,
    "promoUntil": null
  },
  {
    "id": "405741STK",
    "title": "Swirl Vuilniszakken met Handvatten 35 liter 15 stuks",
    "category": "Huishouden en dieren",
    "price": 3.89,
    "promoPrice": null,
    "pricePerUnit": "0.26 pieces",
    "image": "https://www.jumbo.com/dam-images/fit-in/360x360/Products/19092025_1758281651915_1758281655421_4008871215659_1.png",
    "available": true,
    "promoUntil": null
  },
  {
    "id": "471559FLS",
    "title": "Jumbo Ice Tea Zero Peach 1,5 L",
    "category": "Frisdrank en sappen",
    "price": 1.69,
    "promoPrice": null,
    "pricePerUnit": "1.13 l",
    "image": "https://www.jumbo.com/dam-images/fit-in/360x360/Products/10082023_1691675791747_1691675803806_8718452562480_1.png",
    "available": true,
    "promoUntil": null
  },
  {
    "id": "691524STK",
    "title": "Jumbo Lekker Veggie Vegan Kipfilet 110 g",
    "category": "Vleeswaren, kaas en tapas",
    "price": 2.74,
    "promoPrice": null,
    "pricePerUnit": "24.91 kg",
    "image": "https://www.jumbo.com/dam-images/fit-in/360x360/Products/12082025_1755009196089_1755009201971_8718452750078_1.png",
    "available": true,
    "promoUntil": null
  },
  {
    "id": "535713ZK",
    "title": "Jumbo's Nacho Chips 200g",
    "category": "Wereldkeukens, kruiden, pasta en rijst",
    "price": 1.19,
    "promoPrice": null,
    "pricePerUnit": "5.95 kg",
    "image": "https://www.jumbo.com/dam-images/fit-in/360x360/Products/13112024_1731504757043_1731504761593_8718452860715_1.png",
    "available": true,
    "promoUntil": null
  },
  {
    "id": "33169FLS",
    "title": "Spätlese Rheinhessen 75 cl",
    "category": "Bier en wijn",
    "price": 3.55,
    "promoPrice": null,
    "pricePerUnit": "4.73 l",
    "image": "https://www.jumbo.com/dam-images/fit-in/360x360/Products/24032025_1742830391287_1742830394865_4003301046605_1.png",
    "available": true,
    "promoUntil": null
  },
  {
    "id": "605501PAK",
    "title": "Jumbo Roze Koek 6 Stuks",
    "category": "Koek, snoep, chocolade en chips",
    "price": 1.51,
    "promoPrice": null,
    "pricePerUnit": "4.58 kg",
    "image": "https://www.jumbo.com/dam-images/fit-in/360x360/Products/25092024_1727278475665_1727278480548_8718452794904_1.png",
    "available": true,
    "promoUntil": null
  },
  {
    "id": "481199FLS",
    "title": "Cif CleanBoost Schuurmiddel Cream Citroen 750 ml",
    "category": "Huishouden en dieren",
    "price": 3.99,
    "promoPrice": null,
    "pricePerUnit": "5.32 l",
    "image": "https://www.jumbo.com/dam-images/fit-in/360x360/Products/05092025_1757037687381_1757037738471_481199_FLS_08720182346148_H1N1.png",
    "available": true,
    "promoUntil": null
  },
  {
    "id": "223214STK",
    "title": "Grand'Italia Macaroni Tradizionali 500 g",
    "category": "Wereldkeukens, kruiden, pasta en rijst",
    "price": 1.25,
    "promoPrice": null,
    "pricePerUnit": "2.5 kg",
    "image": "https://www.jumbo.com/dam-images/fit-in/360x360/Products/25052024_1716603868048_1716603872145_223214_STK_08000050026199_H1N1.png",
    "available": true,
    "promoUntil": null
  },
  {
    "id": "560948TRA",
    "title": "Jumbo Spaghetti Bolognese met Rundvlees 450 g",
    "category": "Verse maaltijden en gemak",
    "price": 2.69,
    "promoPrice": null,
    "pricePerUnit": "5.98 kg",
    "image": "https://www.jumbo.com/dam-images/fit-in/360x360/Products/21022025_1740151972920_1740151981545_8718452738663_1.png",
    "available": true,
    "promoUntil": null
  },
  {
    "id": "439774FLS",
    "title": "O2 Life Apple Kiwi 750 ml",
    "category": "Frisdrank en sappen",
    "price": 1.85,
    "promoPrice": null,
    "pricePerUnit": "2.47 l",
    "image": "https://www.jumbo.com/dam-images/fit-in/360x360/Products/28072025_1753706036769_1753706043365_8718104461055_1.png",
    "available": true,
    "promoUntil": null
  },
  {
    "id": "536550TRL",
    "title": "Grolsch - Citroen Radler - 0.0% Alcoholvrij - Blik - 4 x  6 x 330ML",
    "category": "Bier en wijn",
    "price": 24.36,
    "promoPrice": null,
    "pricePerUnit": "3.08 l",
    "image": "https://www.jumbo.com/dam-images/fit-in/360x360/Products/8716700032631c96e7c68-db4a-43f4-8c6c-f2f4757369ff-1746713515556.png",
    "available": true,
    "promoUntil": null
  },
  {
    "id": "276409ZK",
    "title": "Jumbo Kastanjechampignon & Broccoli Ovengroente 600 g",
    "category": "Aardappelen, groente en fruit",
    "price": 3.99,
    "promoPrice": null,
    "pricePerUnit": "6.65 kg",
    "image": "https://www.jumbo.com/dam-images/fit-in/360x360/Products/16072024_1721144059380_1721144068884_8718452776566_1.png",
    "available": true,
    "promoUntil": null
  },
  {
    "id": "282883STK",
    "title": "Napoleon Zwartwit Echte Salmiak Kogels 225 g",
    "category": "Koek, snoep, chocolade en chips",
    "price": 2.08,
    "promoPrice": null,
    "pricePerUnit": "9.24 kg",
    "image": "https://www.jumbo.com/dam-images/fit-in/360x360/Products/26052025_1748231866516_1748231881852_282883_STK_08721077490298_H1N1.png",
    "available": true,
    "promoUntil": null
  },
  {
    "id": "166468PAK",
    "title": "DubbelDrank Mango & Guanabana met Appel 1 L",
    "category": "Frisdrank en sappen",
    "price": 2.49,
    "promoPrice": null,
    "pricePerUnit": "2.49 l",
    "image": "https://www.jumbo.com/dam-images/fit-in/360x360/Products/26022025_1740569588555_1740569597220_8713300079189_1.png",
    "available": true,
    "promoUntil": null
  },
  {
    "id": "11164FLS",
    "title": "Pushkin - Red Sensation - 500ML",
    "category": "Bier en wijn",
    "price": 6.69,
    "promoPrice": null,
    "pricePerUnit": "13.38 l",
    "image": "https://www.jumbo.com/dam-images/fit-in/360x360/Products/PUSCHKINREDSensation14-1712152701312.png",
    "available": true,
    "promoUntil": null
  },
  {
    "id": "646150ZK",
    "title": "MAGGI Ovenschotel Kruidenmix Bloemkool Room 57g",
    "category": "Wereldkeukens, kruiden, pasta en rijst",
    "price": 1.79,
    "promoPrice": null,
    "pricePerUnit": "31.4 kg",
    "image": "https://www.jumbo.com/dam-images/fit-in/360x360/Products/22052025_1747877491736_1747877521310_646150_ZK_08445290827081_H1N1_s01.png",
    "available": true,
    "promoUntil": null
  },
  {
    "id": "164092BLK",
    "title": "Jumbo Biologisch Tomatenblokjes 400 g",
    "category": "Wereldkeukens, kruiden, pasta en rijst",
    "price": 0.69,
    "promoPrice": null,
    "pricePerUnit": "1.73 kg",
    "image": "https://www.jumbo.com/dam-images/fit-in/360x360/Products/29092023_1695995257841_1695995262281_8718452504527_1.png",
    "available": true,
    "promoUntil": null
  },
  {
    "id": "612606ZK",
    "title": "Jumbo Aardappelroosjes 600 g",
    "category": "Diepvries",
    "price": 1.54,
    "promoPrice": null,
    "pricePerUnit": "2.57 kg",
    "image": "https://www.jumbo.com/dam-images/fit-in/360x360/Products/26042024_1714145597091_1714145652883_8718452793020_596.png",
    "available": true,
    "promoUntil": null
  },
  {
    "id": "694947ZK",
    "title": "Jumbo BBQ Burger Brioche Style Buns 4 Stuks",
    "category": "Brood en gebak",
    "price": 1.79,
    "promoPrice": null,
    "pricePerUnit": "5.59 kg",
    "image": "https://www.jumbo.com/dam-images/fit-in/360x360/Products/06052025_1746520375825_1746520380671_8718452911356_1.png",
    "available": true,
    "promoUntil": null
  },
  {
    "id": "213925STK",
    "title": "Felix Countryside Sensations Diervoeder 1 kg",
    "category": "Huishouden en dieren",
    "price": 3.49,
    "promoPrice": null,
    "pricePerUnit": "3.49 kg",
    "image": "https://www.jumbo.com/dam-images/fit-in/360x360/Products/23092025_1758595338709_1758595371686_213925_STK_08445291014046_C1N1_s01.png",
    "available": true,
    "promoUntil": null
  },
  {
    "id": "606011ZK",
    "title": "Jumbo Bagel Sesam 4 Stuks",
    "category": "Brood en gebak",
    "price": 1.87,
    "promoPrice": null,
    "pricePerUnit": "5.5 kg",
    "image": "https://www.jumbo.com/dam-images/fit-in/360x360/Products/14022025_1739539877216_1739539883295_8718452803736_1.png",
    "available": true,
    "promoUntil": null
  },
  {
    "id": "546719BLK",
    "title": "Guinness Draught Alcohol Free Stout 440 ml",
    "category": "Bier en wijn",
    "price": 2.59,
    "promoPrice": null,
    "pricePerUnit": "5.89 l",
    "image": "https://www.jumbo.com/dam-images/fit-in/360x360/Products/08122023_1702004315860_1702004321219_546719_BLK_05000213024829_C1N1.png",
    "available": true,
    "promoUntil": null
  },
  {
    "id": "646315PAK",
    "title": "Wahid Kipfilet Italiaanse Kruiden 125 g",
    "category": "Vleeswaren, kaas en tapas",
    "price": 2.99,
    "promoPrice": null,
    "pricePerUnit": "23.92 kg",
    "image": "https://www.jumbo.com/dam-images/fit-in/360x360/Products/05122024_1733416375509_1733416381405_8716221206252_1.png",
    "available": true,
    "promoUntil": null
  },
  {
    "id": "536541PAK",
    "title": "Affligem Blond Bier Blik 6 x 330ml",
    "category": "Bier en wijn",
    "price": 9.49,
    "promoPrice": null,
    "pricePerUnit": "4.79 l",
    "image": "https://www.jumbo.com/dam-images/fit-in/360x360/Products/a70db5d1ad5d4730804ffef63005a19a2458731b-fc3f-46d3-b1cd-4716f684ac68-1748348412778.png",
    "available": true,
    "promoUntil": null
  },
  {
    "id": "671234DS",
    "title": "Jumbo Fruitreep Bosvruchtensmaak 8 Stuks",
    "category": "Koek, snoep, chocolade en chips",
    "price": 1.69,
    "promoPrice": null,
    "pricePerUnit": "6.4 kg",
    "image": "https://www.jumbo.com/dam-images/fit-in/360x360/Products/14022025_1739539723816_1739539740957_8718452861705_596.png",
    "available": true,
    "promoUntil": null
  },
  {
    "id": "709930DS",
    "title": "Jumbo Gesneden Verspakket Kip Zoetzuur 2-3 Personen",
    "category": "Verse maaltijden en gemak",
    "price": 6.89,
    "promoPrice": null,
    "pricePerUnit": "6.89 kg",
    "image": "https://www.jumbo.com/dam-images/fit-in/360x360/Products/02092025_1756816429783_1756816435912_8718452933402_1.png",
    "available": true,
    "promoUntil": null
  },
  {
    "id": "79447DSL",
    "title": "Barton & Guestier – Réserve – Merlot 6 x 750 ml",
    "category": "Bier en wijn",
    "price": 35.94,
    "promoPrice": null,
    "pricePerUnit": "7.99 l",
    "image": "https://www.jumbo.com/dam-images/fit-in/360x360/Products/79447DSL-1692281416105.png",
    "available": true,
    "promoUntil": null
  },
  {
    "id": "610024FLS",
    "title": "Kasteel Donker Fles 33 cl",
    "category": "Bier en wijn",
    "price": 2.29,
    "promoPrice": null,
    "pricePerUnit": "6.94 l",
    "image": "https://www.jumbo.com/dam-images/fit-in/360x360/Products/01012025_1735700094709_1735700098163_610024_FLS_05411081000523_C1N1.png",
    "available": true,
    "promoUntil": null
  },
  {
    "id": "479120FLS",
    "title": "Spa FRUIT Bruisende Fruitige Frisdrank Cassis Blackberry 1,25 l",
    "category": "Frisdrank en sappen",
    "price": 2.45,
    "promoPrice": null,
    "pricePerUnit": "1.96 l",
    "image": "https://www.jumbo.com/dam-images/fit-in/360x360/Products/17042024_1713321757168_1713321762840_479120_FLS_05410013808008_H1N1.png",
    "available": true,
    "promoUntil": null
  },
  {
    "id": "640537KGR",
    "title": "Jumbo Kiprollade ca. 130 g",
    "category": "Vleeswaren, kaas en tapas",
    "price": 3.0,
    "promoPrice": null,
    "pricePerUnit": "23.08 kg",
    "image": "https://www.jumbo.com/dam-images/fit-in/360x360/Products/04072025_1751617976890_1751617984692_2335995000000_1.png",
    "available": true,
    "promoUntil": null
  },
  {
    "id": "135966DSL",
    "title": "Alter Meister – Witte Wijn 12 x 1 L",
    "category": "Bier en wijn",
    "price": 31.08,
    "promoPrice": null,
    "pricePerUnit": "2.59 l",
    "image": "https://www.jumbo.com/dam-images/fit-in/360x360/Products/135966DSL-1692280335745.png",
    "available": true,
    "promoUntil": null
  },
  {
    "id": "614890DS",
    "title": "Topking KaasTengels Oven & Airfryer Oude Kaas 10 Stuks 150 g",
    "category": "Diepvries",
    "price": 4.99,
    "promoPrice": null,
    "pricePerUnit": "33.27 kg",
    "image": "https://www.jumbo.com/dam-images/fit-in/360x360/Products/01082025_1754055174147_1754055183809_8711103301452_1.png",
    "available": true,
    "promoUntil": null
  },
  {
    "id": "454085ZK",
    "title": "Chio Borrel Bites Mix Paprika Sweet Chilli 240 g",
    "category": "Koek, snoep, chocolade en chips",
    "price": 2.39,
    "promoPrice": null,
    "pricePerUnit": "9.96 kg",
    "image": "https://www.jumbo.com/dam-images/fit-in/360x360/Products/20022025_1740022945520_1740022970859_454085_ZK_08710532442248_H1N1.png",
    "available": true,
    "promoUntil": null
  },
  {
    "id": "596837ZK",
    "title": "Jumbo Groene Asperges 350 g",
    "category": "Aardappelen, groente en fruit",
    "price": 4.99,
    "promoPrice": null,
    "pricePerUnit": "14.26 kg",
    "image": "https://www.jumbo.com/dam-images/fit-in/360x360/Products/19122023_1703000112936_1703000117287_8718452801787_1.png",
    "available": true,
    "promoUntil": null
  },
  {
    "id": "580923TRA",
    "title": "Jumbo Haricots Verts Hamburger 500 g",
    "category": "Verse maaltijden en gemak",
    "price": 4.99,
    "promoPrice": null,
    "pricePerUnit": "9.98 kg",
    "image": "https://www.jumbo.com/dam-images/fit-in/360x360/Products/14022024_1707873496872_1707873505979_8718452766079_1.png",
    "available": true,
    "promoUntil": null
  },
  {
    "id": "188543PAK",
    "title": "Jumbo - Italiaanse Bollen - 2 Stuks",
    "category": "Brood en gebak",
    "price": 0.99,
    "promoPrice": null,
    "pricePerUnit": "4.95 kg",
    "image": "https://www.jumbo.com/dam-images/fit-in/360x360/Products/29092023_1695995636361_1695995641377_8718452652945_1.png",
    "available": true,
    "promoUntil": null
  },
  {
    "id": "628863RP",
    "title": "Jumbo Chocolade Wit 200 g",
    "category": "Koek, snoep, chocolade en chips",
    "price": 3.47,
    "promoPrice": null,
    "pricePerUnit": "17.35 kg",
    "image": "https://www.jumbo.com/dam-images/fit-in/360x360/Products/12062025_1749735187761_1749735198975_8718452877041_596.png",
    "available": true,
    "promoUntil": null
  },
  {
    "id": "181021PAK",
    "title": "Grolsch Alcoholvrij Bier 0.0 Fles 6 x 300ml",
    "category": "Bier en wijn",
    "price": 4.89,
    "promoPrice": null,
    "pricePerUnit": "2.72 l",
    "image": "https://www.jumbo.com/dam-images/fit-in/360x360/Products/08716700017270H1N1190e2698-9e5c-45b7-8681-2f869e815775-1758097618397.png",
    "available": true,
    "promoUntil": null
  },
  {
    "id": "332323PAK",
    "title": "Jumbo Cakerol met Aardbei 300 g",
    "category": "Koek, snoep, chocolade en chips",
    "price": 1.35,
    "promoPrice": null,
    "pricePerUnit": "4.5 kg",
    "image": "https://www.jumbo.com/dam-images/fit-in/360x360/Products/17012024_1705472030031_1705472039545_332323_PAK_08718452427840_C1N1.png",
    "available": true,
    "promoUntil": null
  },
  {
    "id": "440036DS",
    "title": "Honig Maaltijdmix voor Lasagnesaus Tradizionale 125 g",
    "category": "Wereldkeukens, kruiden, pasta en rijst",
    "price": 1.99,
    "promoPrice": null,
    "pricePerUnit": "15.92 kg",
    "image": "https://www.jumbo.com/dam-images/fit-in/360x360/Products/18072025_1752805094264_1752805106096_440036_DS_08714700170339_H1N1.png",
    "available": true,
    "promoUntil": null
  },
  {
    "id": "536551TRL",
    "title": "Grolsch - Pils - Blik - 4 x 6 x 330ML",
    "category": "Bier en wijn",
    "price": 27.16,
    "promoPrice": null,
    "pricePerUnit": "3.43 l",
    "image": "https://www.jumbo.com/dam-images/fit-in/360x360/Products/87167000325569bd07617-3b1a-42e7-8bcd-f4603033b85f-1746710930783.png",
    "available": true,
    "promoUntil": null
  },
  {
    "id": "516887ZK",
    "title": "Jumbo Gesneden Boerenkool 300 g",
    "category": "Aardappelen, groente en fruit",
    "price": 2.09,
    "promoPrice": null,
    "pricePerUnit": "6.97 kg",
    "image": "https://www.jumbo.com/dam-images/fit-in/360x360/Products/03102024_1727962374067_1727962383773_8718452798643_1.png",
    "available": true,
    "promoUntil": null
  },
  {
    "id": "607293DS",
    "title": "Dr. Oetker Ristorante Pizza Piccolissima Salame minisnacks 12 Stuks",
    "category": "Diepvries",
    "price": 3.99,
    "promoPrice": null,
    "pricePerUnit": "13.85 kg",
    "image": "https://www.jumbo.com/dam-images/fit-in/360x360/Products/03052025_1746234187706_1746234195250_607293_DS_04001724048800_C1N1_s06.png",
    "available": true,
    "promoUntil": null
  },
  {
    "id": "153918DS",
    "title": "Mora Originals Kipkorn 5 x 60 g",
    "category": "Diepvries",
    "price": 3.89,
    "promoPrice": null,
    "pricePerUnit": "12.97 kg",
    "image": "https://www.jumbo.com/dam-images/fit-in/360x360/Products/09082023_1691590387072_1691590461533_8710861994500_1.png",
    "available": true,
    "promoUntil": null
  },
  {
    "id": "508695STK",
    "title": "Jumbo Biologisch Pastinaak 400 g",
    "category": "Aardappelen, groente en fruit",
    "price": 1.89,
    "promoPrice": null,
    "pricePerUnit": "4.73 kg",
    "image": "https://www.jumbo.com/dam-images/fit-in/360x360/Products/14042025_1744641187777_1744641192717_8718452652891_1.png",
    "available": true,
    "promoUntil": null
  },
  {
    "id": "179656ZK",
    "title": "Santa Maria Nacho Tortilla Chips 475 g",
    "category": "Wereldkeukens, kruiden, pasta en rijst",
    "price": 3.79,
    "promoPrice": null,
    "pricePerUnit": "7.98 kg",
    "image": "https://www.jumbo.com/dam-images/fit-in/360x360/Products/13092025_1757731001836_1757731017379_179656_ZK_.png",
    "available": true,
    "promoUntil": null
  },
  {
    "id": "33009FLS",
    "title": "Traumgarten - Riesling Spätlese - 750 ML",
    "category": "Bier en wijn",
    "price": 5.99,
    "promoPrice": null,
    "pricePerUnit": "7.99 l",
    "image": "https://www.jumbo.com/dam-images/fit-in/360x360/Products/12082025_1755005660032_1755005662791_4006975004582_1.png",
    "available": true,
    "promoUntil": null
  },
  {
    "id": "134708FLS",
    "title": "Gato Negro - Cabernet Sauvignon - 750 ML",
    "category": "Bier en wijn",
    "price": 5.29,
    "promoPrice": null,
    "pricePerUnit": "7.05 l",
    "image": "https://www.jumbo.com/dam-images/fit-in/360x360/Products/7804300010638T1138a7b52-a6a8-489f-8b66-059b3a3e72c4-1742370641810.png",
    "available": true,
    "promoUntil": null
  },
  {
    "id": "270854STK",
    "title": "Jumbo Suikerwafels met Chocolade 7 Stuks",
    "category": "Koek, snoep, chocolade en chips",
    "price": 2.64,
    "promoPrice": null,
    "pricePerUnit": "5.8 kg",
    "image": "https://www.jumbo.com/dam-images/fit-in/360x360/Products/09082023_1691585277553_1691585299632_8718452377343_1.png",
    "available": true,
    "promoUntil": null
  },
  {
    "id": "562373DSL",
    "title": "SPA REINE Natuurlijk Mineraalwater 6 x 75cl sportdop",
    "category": "Frisdrank en sappen",
    "price": 6.09,
    "promoPrice": null,
    "pricePerUnit": "1.35 l",
    "image": "https://www.jumbo.com/dam-images/fit-in/360x360/Products/12122024_1734014723381_1734014728763_5410013126768_1.png",
    "available": true,
    "promoUntil": null
  },
  {
    "id": "630243DS",
    "title": "Jumbo Soepballetjes 175 g",
    "category": "Diepvries",
    "price": 2.19,
    "promoPrice": null,
    "pricePerUnit": "12.51 kg",
    "image": "https://www.jumbo.com/dam-images/fit-in/360x360/Products/11102024_1728664514758_1728664528317_8718452842476_1.png",
    "available": true,
    "promoUntil": null
  },
  {
    "id": "526500ZK",
    "title": "Aviko Maaltijdpannetje Malse Kip 450 g",
    "category": "Diepvries",
    "price": 3.99,
    "promoPrice": null,
    "pricePerUnit": "8.87 kg",
    "image": "https://www.jumbo.com/dam-images/fit-in/360x360/Products/15102024_1728999189476_1728999204104_8710449989584_1.png",
    "available": true,
    "promoUntil": null
  },
  {
    "id": "673004ZK",
    "title": "Jumbo Groentemix Mexicaanse Stijl 450 g",
    "category": "Diepvries",
    "price": 1.79,
    "promoPrice": null,
    "pricePerUnit": "3.98 kg",
    "image": "https://www.jumbo.com/dam-images/fit-in/360x360/Products/31012025_1738341194654_1738341216216_8718452879137_596.png",
    "available": true,
    "promoUntil": null
  },
  {
    "id": "150942TRL",
    "title": "Dax Complete Food met Rund 6 x 1240 g",
    "category": "Huishouden en dieren",
    "price": 10.14,
    "promoPrice": null,
    "pricePerUnit": "1.36 kg",
    "image": "https://www.jumbo.com/dam-images/fit-in/360x360/Products/150942TRL-1692279868899.png",
    "available": true,
    "promoUntil": null
  },
  {
    "id": "579314ZK",
    "title": "Huls Drentse Kosterworst 100 g",
    "category": "Vleeswaren, kaas en tapas",
    "price": 2.85,
    "promoPrice": null,
    "pricePerUnit": "28.5 kg",
    "image": "https://www.jumbo.com/dam-images/fit-in/360x360/Products/26052025_1748223632472_1748223640529_579314_ZK_08725800003373_C1N1.png",
    "available": true,
    "promoUntil": null
  },
  {
    "id": "557609DS",
    "title": "Jumbo Ananas Vers 1 Stuk",
    "category": "Aardappelen, groente en fruit",
    "price": 3.99,
    "promoPrice": null,
    "pricePerUnit": "9.98 kg",
    "image": "https://www.jumbo.com/dam-images/fit-in/360x360/Products/01052024_1714559648722_1714559655308_8718452698479_1.png",
    "available": true,
    "promoUntil": null
  },
  {
    "id": "383961FLS",
    "title": "C&C - Zinfandel - 750ML",
    "category": "Bier en wijn",
    "price": 5.99,
    "promoPrice": 4.99,
    "pricePerUnit": "6.65 l",
    "image": "https://www.jumbo.com/dam-images/fit-in/360x360/Products/11032025_1741696365843_1741696369107_5704634100611_1.png",
    "available": true,
    "promoUntil": "di 7 okt"
  },
  {
    "id": "622973DS",
    "title": "Sun Vaatwasmachinereiniger In-Wash 4 doses",
    "category": "Huishouden en dieren",
    "price": 5.99,
    "promoPrice": null,
    "pricePerUnit": "99.83 kg",
    "image": "https://www.jumbo.com/dam-images/fit-in/360x360/Products/24092025_1758677514317_1758677541513_622973_DS_08720181491719_H1N1.png",
    "available": true,
    "promoUntil": null
  },
  {
    "id": "450261ZK",
    "title": "Chio Party Mix Original 250 g",
    "category": "Koek, snoep, chocolade en chips",
    "price": 1.69,
    "promoPrice": null,
    "pricePerUnit": "6.76 kg",
    "image": "https://www.jumbo.com/dam-images/fit-in/360x360/Products/11122024_1733920375280_1733920383807_8710532464677_1.png",
    "available": true,
    "promoUntil": null
  },
  {
    "id": "495547DS",
    "title": "Jumbo Rundvlees Salade 600 g",
    "category": "Verse maaltijden en gemak",
    "price": 2.69,
    "promoPrice": null,
    "pricePerUnit": "4.48 kg",
    "image": "https://www.jumbo.com/dam-images/fit-in/360x360/Products/03062025_1748946833632_1748946840442_8718452648337_1.png",
    "available": true,
    "promoUntil": null
  },
  {
    "id": "657155STK",
    "title": "Kips Originele Leverworst 230 g",
    "category": "Vleeswaren, kaas en tapas",
    "price": 2.06,
    "promoPrice": null,
    "pricePerUnit": "8.96 kg",
    "image": "https://www.jumbo.com/dam-images/fit-in/360x360/Products/06082025_1754443903397_1754443906553_657155_STK_08710991000478_C1N1.png",
    "available": true,
    "promoUntil": null
  },
  {
    "id": "608972PAK",
    "title": "Appelsientje FruitDrink Multifruit 1 L",
    "category": "Frisdrank en sappen",
    "price": 1.97,
    "promoPrice": null,
    "pricePerUnit": "1.97 l",
    "image": "https://www.jumbo.com/dam-images/fit-in/360x360/Products/18092025_1758160421384_1758160451953_608972_PAK_08720157401087_C1N1.png",
    "available": true,
    "promoUntil": null
  },
  {
    "id": "221230STK",
    "title": "Jumbo Paksoi",
    "category": "Aardappelen, groente en fruit",
    "price": 1.29,
    "promoPrice": null,
    "pricePerUnit": "1.29 pieces",
    "image": "https://www.jumbo.com/dam-images/fit-in/360x360/Products/29092023_1695994883888_1695994890449_8711715897084_1.png",
    "available": true,
    "promoUntil": null
  },
  {
    "id": "143220POT",
    "title": "Verstegen Mix voor Gehakt Traditioneel 225 g",
    "category": "Wereldkeukens, kruiden, pasta en rijst",
    "price": 4.99,
    "promoPrice": null,
    "pricePerUnit": "22.18 kg",
    "image": "https://www.jumbo.com/dam-images/fit-in/360x360/Products/14032024_1710386459706_1710386464699_143220_POT_08712200052551_H1N1.png",
    "available": true,
    "promoUntil": null
  },
  {
    "id": "544264BUS",
    "title": "Dove Men+Care Advanced Anti-Transpirant Deodorant Spray Invisible Dry 150 ml",
    "category": "Drogisterij en baby",
    "price": 5.49,
    "promoPrice": null,
    "pricePerUnit": "36.6 l",
    "image": "https://www.jumbo.com/dam-images/fit-in/360x360/Products/24092025_1758679662030_1758679674466_544264_BUS_08720181284342_H1N1.png",
    "available": true,
    "promoUntil": null
  },
  {
    "id": "469564STK",
    "title": "Van Dijk's Ambachtelijk Fries Roggebrood 10 Plakjes 500 g",
    "category": "Brood en gebak",
    "price": 1.19,
    "promoPrice": null,
    "pricePerUnit": "2.38 kg",
    "image": "https://www.jumbo.com/dam-images/fit-in/360x360/Products/21022025_1740148386069_1740148392216_8718868382016_1.png",
    "available": true,
    "promoUntil": null
  },
  {
    "id": "579313TRA",
    "title": "Huls Snackworstjes Naturel 121g",
    "category": "Vleeswaren, kaas en tapas",
    "price": 3.46,
    "promoPrice": null,
    "pricePerUnit": "28.6 kg",
    "image": "https://www.jumbo.com/dam-images/fit-in/360x360/Products/26052025_1748223603187_1748223612846_579313_TRA_08725800001812_C1N1.png",
    "available": true,
    "promoUntil": null
  },
  {
    "id": "563420DS",
    "title": "Ferrero Rocher 16 Stuks 200 g",
    "category": "Koek, snoep, chocolade en chips",
    "price": 5.63,
    "promoPrice": null,
    "pricePerUnit": "28.15 kg",
    "image": "https://www.jumbo.com/dam-images/fit-in/360x360/Products/13102023_1697161718240_1697161737776_563420_DS_.png",
    "available": true,
    "promoUntil": null
  },
  {
    "id": "431089DSL",
    "title": "Spa TOUCH Bruisend Blackcurrant 6 x 50 cl",
    "category": "Frisdrank en sappen",
    "price": 7.02,
    "promoPrice": null,
    "pricePerUnit": "2.34 l",
    "image": "https://www.jumbo.com/dam-images/fit-in/360x360/Products/19122023_1703000111395_1703000115214_5410013154815_1.png",
    "available": true,
    "promoUntil": null
  },
  {
    "id": "509549FLS",
    "title": "A Trade Mark Ketjap Manis Kentel No. 1 Sojasaus Zoet 500 ml",
    "category": "Wereldkeukens, kruiden, pasta en rijst",
    "price": 2.62,
    "promoPrice": null,
    "pricePerUnit": "5.24 l",
    "image": "https://www.jumbo.com/dam-images/fit-in/360x360/Products/14022024_1707873797561_1707873807693_8710161006026_1.png",
    "available": true,
    "promoUntil": null
  },
  {
    "id": "634822DS",
    "title": "Dr. Oetker La Mia Familia 4-Cheese Pizza Breekbrood 480 g",
    "category": "Diepvries",
    "price": 4.59,
    "promoPrice": null,
    "pricePerUnit": "9.56 kg",
    "image": "https://www.jumbo.com/dam-images/fit-in/360x360/Products/17042025_1744861066778_1744861075255_634822_DS_04001724048381_C1N1_s03.png",
    "available": true,
    "promoUntil": null
  },
  {
    "id": "432829FLS",
    "title": "Lipton Ice Tea Sparkling Original 500 ml",
    "category": "Frisdrank en sappen",
    "price": 1.99,
    "promoPrice": null,
    "pricePerUnit": "3.98 l",
    "image": "https://www.jumbo.com/dam-images/fit-in/360x360/Products/24042025_1745501606018_1745501610087_8711327508293_1.png",
    "available": true,
    "promoUntil": null
  },
  {
    "id": "732885PAK",
    "title": "Hoegaarden - Wit Belgisch Witbier - Fles - 6 x 300ML",
    "category": "Bier en wijn",
    "price": 7.69,
    "promoPrice": 5.76,
    "pricePerUnit": "3.2 l",
    "image": "https://www.jumbo.com/dam-images/fit-in/360x360/Products/09082023_1691588190480_1691588343841_5412421306015_1.png",
    "available": true,
    "promoUntil": "di 30 sep"
  },
  {
    "id": "641369KGR",
    "title": "Jumbo Slagers Leverworst ca. 130 g",
    "category": "Vleeswaren, kaas en tapas",
    "price": 2.34,
    "promoPrice": null,
    "pricePerUnit": "18.0 kg",
    "image": "https://www.jumbo.com/dam-images/fit-in/360x360/Products/04072025_1751617998098_1751618004410_2348567000000_1.png",
    "available": true,
    "promoUntil": null
  },
  {
    "id": "557223FLS",
    "title": "Palmolive Aroma Essence Ultimate Relax Douchegel 250 ml",
    "category": "Drogisterij en baby",
    "price": 3.99,
    "promoPrice": null,
    "pricePerUnit": "15.96 l",
    "image": "https://www.jumbo.com/dam-images/fit-in/360x360/Products/09082023_1691593279490_1691593288122_8718951591950_1.png",
    "available": true,
    "promoUntil": null
  },
  {
    "id": "420495PAK",
    "title": "CoolBest 100% Juice Strawberry Hill 1 L",
    "category": "Frisdrank en sappen",
    "price": 3.39,
    "promoPrice": null,
    "pricePerUnit": "3.39 l",
    "image": "https://www.jumbo.com/dam-images/fit-in/360x360/Products/20062025_1750401145323_1750401151066_8720157464457_1.png",
    "available": true,
    "promoUntil": null
  },
  {
    "id": "147545BLK",
    "title": "Jumbo Brokken in Saus met Kip & Groente 830 g",
    "category": "Huishouden en dieren",
    "price": 1.39,
    "promoPrice": null,
    "pricePerUnit": "1.67 kg",
    "image": "https://www.jumbo.com/dam-images/fit-in/360x360/Products/29092023_1695995407946_1695995414167_8718452583911_1.png",
    "available": true,
    "promoUntil": null
  },
  {
    "id": "688506FLS",
    "title": "Robijn Klein & Krachtig Wasmiddel Spa Sensations 665ML",
    "category": "Huishouden en dieren",
    "price": 18.39,
    "promoPrice": null,
    "pricePerUnit": "0.97 wb",
    "image": "https://www.jumbo.com/dam-images/fit-in/360x360/Products/26032025_1742980970646_1742980997101_688506_FLS_08720181098956_H1N1.png",
    "available": true,
    "promoUntil": null
  },
  {
    "id": "676439ZK",
    "title": "Dreft Platinum Plus All In One Vaatwastabletten Anti-dofheidstechnologie 19 X",
    "category": "Huishouden en dieren",
    "price": 13.99,
    "promoPrice": null,
    "pricePerUnit": "0.74 pieces",
    "image": "https://www.jumbo.com/dam-images/fit-in/360x360/Products/15082025_1755216056152_1755216062403_8700216652452_1.png",
    "available": true,
    "promoUntil": null
  },
  {
    "id": "535781PAK",
    "title": "Jumbo Bruisend Mineraalwater Watermeloen Smaak 6 x 500ML",
    "category": "Frisdrank en sappen",
    "price": 2.99,
    "promoPrice": null,
    "pricePerUnit": "1.0 l",
    "image": "https://www.jumbo.com/dam-images/fit-in/360x360/Products/18022025_1739896392405_1739896411605_8718452631384_596.png",
    "available": true,
    "promoUntil": null
  },
  {
    "id": "681579TRA",
    "title": "Jumbo BBQ Varkenssteak Gemarineerd 200 g",
    "category": "Vlees, vis en vega",
    "price": 3.29,
    "promoPrice": null,
    "pricePerUnit": "16.45 kg",
    "image": "https://www.jumbo.com/dam-images/fit-in/360x360/Products/07052025_1746621206840_1746621215643_8718452911615_1.png",
    "available": true,
    "promoUntil": null
  },
  {
    "id": "641965KGR",
    "title": "Jumbo Ovengebakken Kalkoenfilet ca. 120 g",
    "category": "Vleeswaren, kaas en tapas",
    "price": 3.78,
    "promoPrice": null,
    "pricePerUnit": "31.5 kg",
    "image": "https://www.jumbo.com/dam-images/fit-in/360x360/Products/12122024_1734014904286_1734014915970_2348587000000_1.png",
    "available": true,
    "promoUntil": null
  },
  {
    "id": "610253DS",
    "title": "Jumbo Spinazie à la Crème 450 g",
    "category": "Diepvries",
    "price": 0.75,
    "promoPrice": null,
    "pricePerUnit": "1.67 kg",
    "image": "https://www.jumbo.com/dam-images/fit-in/360x360/Products/18122024_1734532378444_1734532390850_8718452794867_596.png",
    "available": true,
    "promoUntil": null
  },
  {
    "id": "656698KGR",
    "title": "Jumbo Rookkaas 45+ Plakken ca. 120 g",
    "category": "Vleeswaren, kaas en tapas",
    "price": 1.86,
    "promoPrice": null,
    "pricePerUnit": "15.49 kg",
    "image": "https://www.jumbo.com/dam-images/fit-in/360x360/Products/20052025_1747755169051_1747755175133_2369652000000_1.png",
    "available": true,
    "promoUntil": null
  },
  {
    "id": "711326CUP",
    "title": "Jumbo Gevulde Eieren Kerrie 4 Stuks",
    "category": "Vleeswaren, kaas en tapas",
    "price": 2.79,
    "promoPrice": null,
    "pricePerUnit": "30.33 kg",
    "image": "https://www.jumbo.com/dam-images/fit-in/360x360/Products/15082025_1755268376988_1755268383204_8718452951321_1.png",
    "available": true,
    "promoUntil": null
  },
  {
    "id": "162791BAK",
    "title": "Jumbo Slavink Biologisch 2 Stuks",
    "category": "Vlees, vis en vega",
    "price": 3.99,
    "promoPrice": null,
    "pricePerUnit": "19.95 kg",
    "image": "https://www.jumbo.com/dam-images/fit-in/360x360/Products/18062025_1750260788594_1750260825808_8718452874354_1.png",
    "available": true,
    "promoUntil": null
  },
  {
    "id": "450431ZK",
    "title": "Page Vochtig Toiletpapier Sensitive Maxi",
    "category": "Huishouden en dieren",
    "price": 3.49,
    "promoPrice": null,
    "pricePerUnit": "0.05 pieces",
    "image": "https://www.jumbo.com/dam-images/fit-in/360x360/Products/20092025_1758336221821_1758336227318_450431_ZK_05029053578828_C1N1.png",
    "available": true,
    "promoUntil": null
  },
  {
    "id": "562204STK",
    "title": "Jumbo Haricots Verts 250 g",
    "category": "Aardappelen, groente en fruit",
    "price": 2.55,
    "promoPrice": null,
    "pricePerUnit": "10.2 kg",
    "image": "https://www.jumbo.com/dam-images/fit-in/360x360/Products/23012025_1737646446271_1737646454058_8718452320066_1.png",
    "available": true,
    "promoUntil": null
  },
  {
    "id": "62413ZK",
    "title": "Galbani Mozzarella Mini 150 g",
    "category": "Vleeswaren, kaas en tapas",
    "price": 2.69,
    "promoPrice": null,
    "pricePerUnit": "17.93 kg",
    "image": "https://www.jumbo.com/dam-images/fit-in/360x360/Products/04122024_1733312057799_1733312065155_8000430132267_1.png",
    "available": true,
    "promoUntil": null
  },
  {
    "id": "385996DS",
    "title": "Iglo Ping & Klaar Cordon Bleu 400 g",
    "category": "Diepvries",
    "price": 5.93,
    "promoPrice": null,
    "pricePerUnit": "14.83 kg",
    "image": "https://www.jumbo.com/dam-images/fit-in/360x360/Products/15072025_1752542909296_1752542921519_385996_DS_08720195570028_H1N1.png",
    "available": true,
    "promoUntil": null
  },
  {
    "id": "431548ZK",
    "title": "Page Compleet Schoon Toiletpapier 6-rollen",
    "category": "Huishouden en dieren",
    "price": 4.29,
    "promoPrice": null,
    "pricePerUnit": "0.72 pieces",
    "image": "https://www.jumbo.com/dam-images/fit-in/360x360/Products/18092025_1758158856469_1758158859463_431548_ZK_05029053583259_C1N1.png",
    "available": true,
    "promoUntil": null
  },
  {
    "id": "539104BLK",
    "title": "Dors - Sterk - Blik - 500 ML",
    "category": "Bier en wijn",
    "price": 1.19,
    "promoPrice": null,
    "pricePerUnit": "2.38 l",
    "image": "https://www.jumbo.com/dam-images/fit-in/360x360/Products/14022024_1707872685731_1707872691091_8718452653720_1.png",
    "available": true,
    "promoUntil": null
  },
  {
    "id": "601716STK",
    "title": "Jumbo Boterhamzakken XL met Sluitstrips 70 Stuks",
    "category": "Huishouden en dieren",
    "price": 0.82,
    "promoPrice": null,
    "pricePerUnit": "0.01 pieces",
    "image": "https://www.jumbo.com/dam-images/fit-in/360x360/Products/18022025_1739896393464_1739896401886_8718452771004_596.png",
    "available": true,
    "promoUntil": null
  },
  {
    "id": "60276ZK",
    "title": "Aviko Aardappelschijfjes",
    "category": "Diepvries",
    "price": 2.84,
    "promoPrice": null,
    "pricePerUnit": "4.73 kg",
    "image": "https://www.jumbo.com/dam-images/fit-in/360x360/Products/15102024_1728999188442_1728999199991_8710449913657_1.png",
    "available": true,
    "promoUntil": null
  },
  {
    "id": "143857ZK",
    "title": "Aviko Franse Friet",
    "category": "Diepvries",
    "price": 2.96,
    "promoPrice": null,
    "pricePerUnit": "2.96 kg",
    "image": "https://www.jumbo.com/dam-images/fit-in/360x360/Products/15102024_1728999188801_1728999199624_8710449925308_1.png",
    "available": true,
    "promoUntil": null
  },
  {
    "id": "565977FLS",
    "title": "Ouro - Full Red Premium - 750ML",
    "category": "Bier en wijn",
    "price": 3.99,
    "promoPrice": null,
    "pricePerUnit": "5.32 l",
    "image": "https://www.jumbo.com/dam-images/fit-in/360x360/Products/01122023_1701401077566_1701401078660_565977_FLS_08710102625842_C1N1.png",
    "available": true,
    "promoUntil": null
  },
  {
    "id": "478443TRA",
    "title": "Olvarit 4+ Maanden Variatiemenu Fruit 12 x 125g",
    "category": "Drogisterij en baby",
    "price": 12.56,
    "promoPrice": null,
    "pricePerUnit": "8.37 kg",
    "image": "https://www.jumbo.com/dam-images/fit-in/360x360/Products/28062024_1719537648395_1719537651832_478443_TRA_08712400117326_H1N1.png",
    "available": false,
    "promoUntil": null
  },
  {
    "id": "475164DS",
    "title": "Jumbo Kabeljauw Haas Zonder Huid 2 Stuks 250 g",
    "category": "Diepvries",
    "price": 5.93,
    "promoPrice": null,
    "pricePerUnit": "23.72 kg",
    "image": "https://www.jumbo.com/dam-images/fit-in/360x360/Products/10082023_1691676434717_1691676452781_8718452581337_1.png",
    "available": true,
    "promoUntil": null
  },
  {
    "id": "61221FLS",
    "title": "Suprimi - Vermouth Bianco - 1L",
    "category": "Bier en wijn",
    "price": 4.29,
    "promoPrice": null,
    "pricePerUnit": "4.29 l",
    "image": "https://www.jumbo.com/dam-images/fit-in/360x360/Products/09082023_1691584705035_1691584708893_8008513000250_1.png",
    "available": true,
    "promoUntil": null
  },
  {
    "id": "429639FLS",
    "title": "Royal Club Bitter Lemon 0% Suiker Fles 1L",
    "category": "Frisdrank en sappen",
    "price": 2.49,
    "promoPrice": null,
    "pricePerUnit": "2.49 l",
    "image": "https://www.jumbo.com/dam-images/fit-in/360x360/Products/10102023_1696904392987_1696904397706_429639_FLS_08715600244762_C1N1.png",
    "available": true,
    "promoUntil": null
  },
  {
    "id": "700392FLS",
    "title": "Fleuril White & Light Wasmiddel 29Wl",
    "category": "Huishouden en dieren",
    "price": 13.99,
    "promoPrice": null,
    "pricePerUnit": "0.48 wb",
    "image": "https://www.jumbo.com/dam-images/fit-in/360x360/Products/22052025_1747907724461_1747907740803_700392_FLS_05410091777012_C1N1.png",
    "available": true,
    "promoUntil": null
  },
  {
    "id": "671236DS",
    "title": "Jumbo Fruitreep Appelsmaak 8 Stuks",
    "category": "Koek, snoep, chocolade en chips",
    "price": 1.69,
    "promoPrice": null,
    "pricePerUnit": "6.4 kg",
    "image": "https://www.jumbo.com/dam-images/fit-in/360x360/Products/14022025_1739539724012_1739539739796_8718452861699_596.png",
    "available": true,
    "promoUntil": null
  },
  {
    "id": "604148DS",
    "title": "Peroni - Nastro Azzurro - 0,0% Alcoholvrij - Fles - 6 x 330ML",
    "category": "Bier en wijn",
    "price": 5.99,
    "promoPrice": null,
    "pricePerUnit": "3.03 l",
    "image": "https://www.jumbo.com/dam-images/fit-in/360x360/Products/08594404023304H1N12d3393e3-4e57-4d5d-8bab-97c79a32f67a-1727790627004.png",
    "available": true,
    "promoUntil": null
  },
  {
    "id": "170406DS",
    "title": "Jumbo Kattenbrokjes In Saus Variatie Senior 12 x 100 g",
    "category": "Huishouden en dieren",
    "price": 3.99,
    "promoPrice": null,
    "pricePerUnit": "3.32 kg",
    "image": "https://www.jumbo.com/dam-images/fit-in/360x360/Products/29092023_1695995553565_1695995558329_8718452584055_1.png",
    "available": true,
    "promoUntil": null
  },
  {
    "id": "146784PAK",
    "title": "Jumbo - Mini Kaashapjes - 12 Stuks",
    "category": "Brood en gebak",
    "price": 1.81,
    "promoPrice": null,
    "pricePerUnit": "7.54 kg",
    "image": "https://www.jumbo.com/dam-images/fit-in/360x360/Products/29092023_1695996128891_1695996141171_8718452635856_1.png",
    "available": true,
    "promoUntil": null
  },
  {
    "id": "639284ZK",
    "title": "Jumbo Roosjes Broccoli 200g",
    "category": "Aardappelen, groente en fruit",
    "price": 2.19,
    "promoPrice": null,
    "pricePerUnit": "10.95 kg",
    "image": "https://www.jumbo.com/dam-images/fit-in/360x360/Products/12062024_1718202884531_1718202893573_8718452789740_1.png",
    "available": true,
    "promoUntil": null
  },
  {
    "id": "550723FLS",
    "title": "Calgon 4 in 1 Gel Wasmachinereiniger en Anti Kalk - 15 Wasbeurten - 750 ml",
    "category": "Huishouden en dieren",
    "price": 7.99,
    "promoPrice": null,
    "pricePerUnit": "10.65 l",
    "image": "https://www.jumbo.com/dam-images/fit-in/360x360/Products/23082024_1724376487074_1724376489443_550723_FLS_03665468100135_C1N1.png",
    "available": true,
    "promoUntil": null
  },
  {
    "id": "443279CUP",
    "title": "Jumbo Gebakken Uitjes 150 g",
    "category": "Wereldkeukens, kruiden, pasta en rijst",
    "price": 1.19,
    "promoPrice": null,
    "pricePerUnit": "7.93 kg",
    "image": "https://www.jumbo.com/dam-images/fit-in/360x360/Products/09082023_1691588273498_1691588284829_8718452563715_1.png",
    "available": true,
    "promoUntil": null
  },
  {
    "id": "528640DS",
    "title": "Honig Maaltijdmix voor Tagliatelle Roomsaus 62 g",
    "category": "Wereldkeukens, kruiden, pasta en rijst",
    "price": 1.99,
    "promoPrice": null,
    "pricePerUnit": "32.1 kg",
    "image": "https://www.jumbo.com/dam-images/fit-in/360x360/Products/18072025_1752805256002_1752805266994_528640_DS_08714700170360_H1N1.png",
    "available": true,
    "promoUntil": null
  },
  {
    "id": "671235DS",
    "title": "Jumbo Biscuits Yoghurt Bosvruchtensmaak 5 x 2 Stuks",
    "category": "Koek, snoep, chocolade en chips",
    "price": 1.35,
    "promoPrice": null,
    "pricePerUnit": "7.42 kg",
    "image": "https://www.jumbo.com/dam-images/fit-in/360x360/Products/14022025_1739539723890_1739539750744_8718452861729_596.png",
    "available": true,
    "promoUntil": null
  },
  {
    "id": "469876ZK",
    "title": "Saitaku Soba Noodles with Buckwheat 300 g",
    "category": "Wereldkeukens, kruiden, pasta en rijst",
    "price": 3.39,
    "promoPrice": null,
    "pricePerUnit": "11.3 kg",
    "image": "https://www.jumbo.com/dam-images/fit-in/360x360/Products/27082025_1756256504939_1756256509407_469876_ZK_05060194790120_C1N1.png",
    "available": true,
    "promoUntil": null
  },
  {
    "id": "428481FLS",
    "title": "Fernandes Cherry Bouquet 1,5L",
    "category": "Frisdrank en sappen",
    "price": 2.99,
    "promoPrice": null,
    "pricePerUnit": "1.99 l",
    "image": "https://www.jumbo.com/dam-images/fit-in/360x360/Products/21022024_1708522628575_1708522631296_8710642035989_1.png",
    "available": true,
    "promoUntil": null
  },
  {
    "id": "672916TRA",
    "title": "Jumbo Kip Teriyaki Ovenschotel 430 g",
    "category": "Vlees, vis en vega",
    "price": 5.0,
    "promoPrice": null,
    "pricePerUnit": "11.63 kg",
    "image": "https://www.jumbo.com/dam-images/fit-in/360x360/Products/10042025_1744288406844_1744288416618_8718452883806_1.png",
    "available": true,
    "promoUntil": null
  },
  {
    "id": "705882KGR",
    "title": "Jumbo Biologisch Zalm Zonder Huid ca. 110 g",
    "category": "Vlees, vis en vega",
    "price": 3.77,
    "promoPrice": null,
    "pricePerUnit": "34.29 kg",
    "image": "https://www.jumbo.com/dam-images/fit-in/360x360/Products/28072025_1753713236982_1753713241530_2369545000000_1.png",
    "available": true,
    "promoUntil": null
  },
  {
    "id": "579711DS",
    "title": "Dr. Oetker Mini Pizza Salame 3 Stuks 300 g",
    "category": "Diepvries",
    "price": 3.99,
    "promoPrice": null,
    "pricePerUnit": "13.3 kg",
    "image": "https://www.jumbo.com/dam-images/fit-in/360x360/Products/17042025_1744860728219_1744860738571_579711_DS_04001724046585_C1N1_s01.png",
    "available": true,
    "promoUntil": null
  },
  {
    "id": "638035FLS",
    "title": "Jumbo Toiletreiniger Lavendel 1 L",
    "category": "Huishouden en dieren",
    "price": 1.29,
    "promoPrice": null,
    "pricePerUnit": "1.29 l",
    "image": "https://www.jumbo.com/dam-images/fit-in/360x360/Products/12122024_1734014704576_1734014709406_8718452701612_1.png",
    "available": true,
    "promoUntil": null
  },
  {
    "id": "145956BUS",
    "title": "Jumbo Luchtverfrisser Lelietjes 250 ml",
    "category": "Huishouden en dieren",
    "price": 0.85,
    "promoPrice": null,
    "pricePerUnit": "3.4 l",
    "image": "https://www.jumbo.com/dam-images/fit-in/360x360/Products/10082023_1691674904837_1691674911372_8718449093591_1.png",
    "available": true,
    "promoUntil": null
  },
  {
    "id": "429194FLS",
    "title": "Crystal Clear Sparkling Cherry Fles 1,5 L",
    "category": "Frisdrank en sappen",
    "price": 2.49,
    "promoPrice": null,
    "pricePerUnit": "1.66 l",
    "image": "https://www.jumbo.com/dam-images/fit-in/360x360/Products/05022025_1738721265654_1738721274545_429194_FLS_08715600243598_H1N1.png",
    "available": true,
    "promoUntil": null
  },
  {
    "id": "189406PAK",
    "title": "Jumbo - Ciabatta Wit - 250 g",
    "category": "Brood en gebak",
    "price": 0.89,
    "promoPrice": null,
    "pricePerUnit": "3.56 kg",
    "image": "https://www.jumbo.com/dam-images/fit-in/360x360/Products/29092023_1695995625591_1695995629081_8718452637386_1.png",
    "available": true,
    "promoUntil": null
  },
  {
    "id": "675976TRA",
    "title": "Vivera Plantaardige Spekjes 175 g",
    "category": "Vlees, vis en vega",
    "price": 3.89,
    "promoPrice": null,
    "pricePerUnit": "22.23 kg",
    "image": "https://www.jumbo.com/dam-images/fit-in/360x360/Products/30072025_1753840214625_1753840223096_675976_TRA_08718300885099_C1N1.png",
    "available": true,
    "promoUntil": null
  },
  {
    "id": "182232POT",
    "title": "Jumbo Peper Zwart 41 g",
    "category": "Wereldkeukens, kruiden, pasta en rijst",
    "price": 2.29,
    "promoPrice": null,
    "pricePerUnit": "55.85 kg",
    "image": "https://www.jumbo.com/dam-images/fit-in/360x360/Products/12122024_1734014401755_1734014406502_87337846_1.png",
    "available": true,
    "promoUntil": null
  },
  {
    "id": "626946CUP",
    "title": "Jumbo Plakjes Grillworst Kaas 100 g",
    "category": "Vleeswaren, kaas en tapas",
    "price": 2.99,
    "promoPrice": null,
    "pricePerUnit": "29.9 kg",
    "image": "https://www.jumbo.com/dam-images/fit-in/360x360/Products/17102024_1729161189211_1729161196312_8718452853212_1.png",
    "available": true,
    "promoUntil": null
  },
  {
    "id": "315372ZK",
    "title": "Goldsteig Mozzarella 8,5% Fett Kaas 220 g",
    "category": "Vleeswaren, kaas en tapas",
    "price": 0.99,
    "promoPrice": null,
    "pricePerUnit": "7.92 kg",
    "image": "https://www.jumbo.com/dam-images/fit-in/360x360/Products/09082023_1691586205348_1691586240542_4008432026687_1.png",
    "available": true,
    "promoUntil": null
  },
  {
    "id": "190104PAK",
    "title": "Wicky Zonder Suiker Fruit 1,5 L",
    "category": "Frisdrank en sappen",
    "price": 1.89,
    "promoPrice": null,
    "pricePerUnit": "1.26 l",
    "image": "https://www.jumbo.com/dam-images/fit-in/360x360/Products/24092024_1727145167192_1727145169817_190104_PAK_08711900015453_C1N1.png",
    "available": true,
    "promoUntil": null
  },
  {
    "id": "200825FLS",
    "title": "Jumbo Lavendel Zacht Wasverzachter 750 ml",
    "category": "Huishouden en dieren",
    "price": 1.59,
    "promoPrice": null,
    "pricePerUnit": "0.05 wb",
    "image": "https://www.jumbo.com/dam-images/fit-in/360x360/Products/09082023_1691584969846_1691584974801_8718452287499_1.png",
    "available": true,
    "promoUntil": null
  },
  {
    "id": "429086PAK",
    "title": "SPA Finesse Sparkling Mineral Water Licht Bruisend 4 x 1,5 L",
    "category": "Frisdrank en sappen",
    "price": 4.61,
    "promoPrice": null,
    "pricePerUnit": "0.77 l",
    "image": "https://www.jumbo.com/dam-images/fit-in/360x360/Products/09082023_1691595388913_1691595395514_5410013134749_1.png",
    "available": true,
    "promoUntil": null
  },
  {
    "id": "672915TRA",
    "title": "Jumbo Kipkerrie Ovenschotel 375 g",
    "category": "Vlees, vis en vega",
    "price": 5.0,
    "promoPrice": null,
    "pricePerUnit": "13.33 kg",
    "image": "https://www.jumbo.com/dam-images/fit-in/360x360/Products/10042025_1744299168835_1744299178051_8718452883790_1.png",
    "available": true,
    "promoUntil": null
  },
  {
    "id": "608974PAK",
    "title": "Appelsientje FruitDrink Mango 1 L",
    "category": "Frisdrank en sappen",
    "price": 1.97,
    "promoPrice": null,
    "pricePerUnit": "1.97 l",
    "image": "https://www.jumbo.com/dam-images/fit-in/360x360/Products/17092025_1758074635693_1758074642116_608974_PAK_08720157401674_C1N1.png",
    "available": true,
    "promoUntil": null
  },
  {
    "id": "632988TRA",
    "title": "Wahid Kipgrillworst Chilipeper 125 g",
    "category": "Vleeswaren, kaas en tapas",
    "price": 2.66,
    "promoPrice": null,
    "pricePerUnit": "21.28 kg",
    "image": "https://www.jumbo.com/dam-images/fit-in/360x360/Products/28032025_1743157993479_1743158000323_8716221206177_1.png",
    "available": true,
    "promoUntil": null
  },
  {
    "id": "370931ZK",
    "title": "Anta verzorgende keelpastilles Eucalyptus Menthol 275 g",
    "category": "Koek, snoep, chocolade en chips",
    "price": 2.34,
    "promoPrice": null,
    "pricePerUnit": "8.51 kg",
    "image": "https://www.jumbo.com/dam-images/fit-in/360x360/Products/26052025_1748222225619_1748222239059_370931_ZK_08721077490182_H1N1.png",
    "available": true,
    "promoUntil": null
  },
  {
    "id": "655832STK",
    "title": "Jumbo's Gehakte Knoflook 90 g",
    "category": "Wereldkeukens, kruiden, pasta en rijst",
    "price": 1.99,
    "promoPrice": null,
    "pricePerUnit": "22.11 kg",
    "image": "https://www.jumbo.com/dam-images/fit-in/360x360/Products/29012025_1738157588164_1738157591969_8718452869473_1.png",
    "available": true,
    "promoUntil": null
  },
  {
    "id": "379914CUP",
    "title": "Heks'nkaas Origineel XL 275 g",
    "category": "Vleeswaren, kaas en tapas",
    "price": 4.19,
    "promoPrice": null,
    "pricePerUnit": "15.24 kg",
    "image": "https://www.jumbo.com/dam-images/fit-in/360x360/Products/16052025_1747366177993_1747366182492_379914_CUP_08718719174210_C1N1.png",
    "available": true,
    "promoUntil": null
  },
  {
    "id": "22215FLS",
    "title": "Fruit Action Vruchtmix Frutta-C 750 ml",
    "category": "Frisdrank en sappen",
    "price": 2.49,
    "promoPrice": null,
    "pricePerUnit": "3.32 l",
    "image": "https://www.jumbo.com/dam-images/fit-in/360x360/Products/10012024_1704853330935_1704853337770_22215_FLS_08719075635629_C1N1.png",
    "available": true,
    "promoUntil": null
  },
  {
    "id": "16026POT",
    "title": "Mentos Gum Pure Fresh Fresh Mint Suikervrij Pot 50 stuks ",
    "category": "Koek, snoep, chocolade en chips",
    "price": 4.69,
    "promoPrice": null,
    "pricePerUnit": "46.9 kg",
    "image": "https://www.jumbo.com/dam-images/fit-in/360x360/Products/07072025_1751902617001_1751902622177_80730477_1.png",
    "available": true,
    "promoUntil": null
  },
  {
    "id": "430630STK",
    "title": "Jumbo - Rond Grof Volkoren - Knapperig en Vers",
    "category": "Brood en gebak",
    "price": 2.0,
    "promoPrice": null,
    "pricePerUnit": "2.0 pieces",
    "image": "https://www.jumbo.com/dam-images/fit-in/360x360/Products/25042025_1745588008140_1745588017456_8718452771752_2.png",
    "available": true,
    "promoUntil": null
  },
  {
    "id": "551474STK",
    "title": "Jumbo - Vlaaipunten - 5 Stuks",
    "category": "Brood en gebak",
    "price": 6.99,
    "promoPrice": null,
    "pricePerUnit": "6.99 pieces",
    "image": "https://www.jumbo.com/dam-images/fit-in/360x360/Products/03072025_1751538776581_1751538794997_8718452699513_9.png",
    "available": true,
    "promoUntil": null
  },
  {
    "id": "706873PAK",
    "title": "Grace 100% Coconut Water 1 L",
    "category": "Frisdrank en sappen",
    "price": 3.99,
    "promoPrice": null,
    "pricePerUnit": "3.99 l",
    "image": "https://www.jumbo.com/dam-images/fit-in/360x360/Products/27062025_1751002880911_1751002886338_706873_PAK_05035139217888_C1N1.png",
    "available": true,
    "promoUntil": null
  },
  {
    "id": "540557PAK",
    "title": "Royal Club Shandy Blik  6 x 330ML",
    "category": "Frisdrank en sappen",
    "price": 5.19,
    "promoPrice": null,
    "pricePerUnit": "2.62 l",
    "image": "https://www.jumbo.com/dam-images/fit-in/360x360/Products/425697BLK-1692362369938.png",
    "available": true,
    "promoUntil": null
  },
  {
    "id": "610639STK",
    "title": "Jumbo WC Blok Clean Ocean 40 g",
    "category": "Huishouden en dieren",
    "price": 0.93,
    "promoPrice": null,
    "pricePerUnit": "0.93 pieces",
    "image": "https://www.jumbo.com/dam-images/fit-in/360x360/Products/21022024_1708522629368_1708522638805_8718452789252_1.png",
    "available": true,
    "promoUntil": null
  },
  {
    "id": "625456DS",
    "title": "Jumbo Chocs Amandel 6 Stuks 600 ml",
    "category": "Diepvries",
    "price": 4.39,
    "promoPrice": null,
    "pricePerUnit": "7.32 l",
    "image": "https://www.jumbo.com/dam-images/fit-in/360x360/Products/07062024_1717759996007_1717760011356_8718452806737_596.png",
    "available": true,
    "promoUntil": null
  },
  {
    "id": "383970ZK",
    "title": "Jumbo Luierbroekjes Maat 6 15+ kg Voordeelverpakking 34 Stuks",
    "category": "Drogisterij en baby",
    "price": 8.99,
    "promoPrice": null,
    "pricePerUnit": "0.26 pieces",
    "image": "https://www.jumbo.com/dam-images/fit-in/360x360/Products/29092023_1695996357856_1695996368951_8718452668267_1.png",
    "available": true,
    "promoUntil": null
  },
  {
    "id": "63407PAK",
    "title": "Oreo Enrobed Koekjes met witte chocoladesmaak 246g",
    "category": "Koek, snoep, chocolade en chips",
    "price": 2.81,
    "promoPrice": null,
    "pricePerUnit": "11.42 kg",
    "image": "https://www.jumbo.com/dam-images/fit-in/360x360/Products/24092025_1758724489272_1758724496933_7622300489427_596.png",
    "available": true,
    "promoUntil": null
  },
  {
    "id": "478654DS",
    "title": "Dr. Oetker Casa di Mama Pizza Salame 390 g",
    "category": "Diepvries",
    "price": 4.29,
    "promoPrice": null,
    "pricePerUnit": "11.0 kg",
    "image": "https://www.jumbo.com/dam-images/fit-in/360x360/Products/17042025_1744855678182_1744855686454_478654_DS_04001724015697_C1N1_s04.png",
    "available": true,
    "promoUntil": null
  },
  {
    "id": "442213ZK",
    "title": "Jumbo Snoep Rozijntjes 14 Stuks",
    "category": "Koek, snoep, chocolade en chips",
    "price": 1.79,
    "promoPrice": null,
    "pricePerUnit": "9.13 kg",
    "image": "https://www.jumbo.com/dam-images/fit-in/360x360/Products/11082023_1691742798144_1691742807906_8718452534326_1.png",
    "available": true,
    "promoUntil": null
  },
  {
    "id": "197583POT",
    "title": "Jumbo Tomaten Reepjes Zongedroogd 280 g",
    "category": "Wereldkeukens, kruiden, pasta en rijst",
    "price": 1.78,
    "promoPrice": null,
    "pricePerUnit": "9.89 kg",
    "image": "https://www.jumbo.com/dam-images/fit-in/360x360/Products/09092025_1757421312435_1757421321840_8718452288212_1.png",
    "available": true,
    "promoUntil": null
  },
  {
    "id": "670183PAK",
    "title": "Lipton Ice Tea Green Lemon 4 x 250 ml",
    "category": "Frisdrank en sappen",
    "price": 3.59,
    "promoPrice": null,
    "pricePerUnit": "3.59 l",
    "image": "https://www.jumbo.com/dam-images/fit-in/360x360/Products/06032025_1741275176358_1741275182529_8711327641860_1.png",
    "available": true,
    "promoUntil": null
  },
  {
    "id": "669472DS",
    "title": "Hertog Jan 0.0% Alcoholvrij bier  - Blik - 7+1 - 330ML",
    "category": "Bier en wijn",
    "price": 6.99,
    "promoPrice": null,
    "pricePerUnit": "2.65 l",
    "image": "https://www.jumbo.com/dam-images/fit-in/360x360/Products/HertogJan0-1742898386560.png",
    "available": true,
    "promoUntil": null
  },
  {
    "id": "693716DS",
    "title": "Knorr Wereldgerechten Hokkien Noedels Singaporese 192 g",
    "category": "Wereldkeukens, kruiden, pasta en rijst",
    "price": 4.99,
    "promoPrice": null,
    "pricePerUnit": "25.99 kg",
    "image": "https://www.jumbo.com/dam-images/fit-in/360x360/Products/30072025_1753889673716_1753889680938_8721317711527_1.png",
    "available": true,
    "promoUntil": null
  },
  {
    "id": "533238TRA",
    "title": "Fernandes Cherry Bouquet 4x250 ml",
    "category": "Frisdrank en sappen",
    "price": 4.2,
    "promoPrice": null,
    "pricePerUnit": "4.2 l",
    "image": "https://www.jumbo.com/dam-images/fit-in/360x360/Products/21022024_1708522628704_1708522637629_8710642037204_1.png",
    "available": true,
    "promoUntil": null
  },
  {
    "id": "569108POT",
    "title": "Sportlife Smashmint Suikrvrije kauwgom 102 g",
    "category": "Koek, snoep, chocolade en chips",
    "price": 4.54,
    "promoPrice": null,
    "pricePerUnit": "44.51 kg",
    "image": "https://www.jumbo.com/dam-images/fit-in/360x360/Products/28052025_1748442792068_1748442799563_8711400409370_1.png",
    "available": true,
    "promoUntil": null
  },
  {
    "id": "478978CUP",
    "title": "Johma Tonijnsalade XL MSC",
    "category": "Vleeswaren, kaas en tapas",
    "price": 4.99,
    "promoPrice": null,
    "pricePerUnit": "16.63 kg",
    "image": "https://www.jumbo.com/dam-images/fit-in/360x360/Products/30072025_1753840193127_1753840231748_478978_CUP_08710506084757_H1N1.png",
    "available": true,
    "promoUntil": null
  },
  {
    "id": "594548SC",
    "title": "Vers Aan Tafel Spaghetti Bolognese 550 g",
    "category": "Verse maaltijden en gemak",
    "price": 5.99,
    "promoPrice": null,
    "pricePerUnit": "10.89 kg",
    "image": "https://www.jumbo.com/dam-images/fit-in/360x360/Products/14022024_1707873858657_1707873868161_8717568249377_1.png",
    "available": true,
    "promoUntil": null
  },
  {
    "id": "94752BAK",
    "title": "Johma Surinaamse Eisalade 175 g",
    "category": "Vleeswaren, kaas en tapas",
    "price": 3.35,
    "promoPrice": null,
    "pricePerUnit": "19.14 kg",
    "image": "https://www.jumbo.com/dam-images/fit-in/360x360/Products/05092025_1757039317418_1757039334228_94752_BAK_08710506039108_H1N1_v01.png",
    "available": true,
    "promoUntil": null
  },
  {
    "id": "641683FLS",
    "title": "Jumbo Smoothie Mango Passievrucht met Appel 250ML",
    "category": "Frisdrank en sappen",
    "price": 1.59,
    "promoPrice": null,
    "pricePerUnit": "6.36 l",
    "image": "https://www.jumbo.com/dam-images/fit-in/360x360/Products/21112024_1732214242648_1732214250984_8718452846719_1.png",
    "available": true,
    "promoUntil": null
  },
  {
    "id": "677738BUS",
    "title": "AXE Deodorant Bodyspray Dark Temptation 150 ml",
    "category": "Drogisterij en baby",
    "price": 5.99,
    "promoPrice": null,
    "pricePerUnit": "39.93 l",
    "image": "https://www.jumbo.com/dam-images/fit-in/360x360/Products/24092025_1758677250636_1758677255010_677738_BUS_08717163640777_H1N1.png",
    "available": true,
    "promoUntil": null
  },
  {
    "id": "543977DS",
    "title": "La Vache qui rit Cheez Dippers 5-pack",
    "category": "Vleeswaren, kaas en tapas",
    "price": 3.39,
    "promoPrice": null,
    "pricePerUnit": "19.37 kg",
    "image": "https://www.jumbo.com/dam-images/fit-in/360x360/Products/18082025_1755531251921_1755531258300_3073781191547_1.png",
    "available": true,
    "promoUntil": null
  },
  {
    "id": "602732PAK",
    "title": "Grolsch - Puur Weizen - Fles - 6 x 300ML",
    "category": "Bier en wijn",
    "price": 7.49,
    "promoPrice": null,
    "pricePerUnit": "4.16 l",
    "image": "https://www.jumbo.com/dam-images/fit-in/360x360/Products/08716700019298H1N1d5566fa1-31b6-4045-9da7-bf18dadc86a1-1758098946625.png",
    "available": true,
    "promoUntil": null
  },
  {
    "id": "521264TRA",
    "title": "Jumbo's Pasta Carbonara 450 g",
    "category": "Verse maaltijden en gemak",
    "price": 5.99,
    "promoPrice": null,
    "pricePerUnit": "13.31 kg",
    "image": "https://www.jumbo.com/dam-images/fit-in/360x360/Products/26092024_1727361162938_1727361170962_8718452868193_1.png",
    "available": true,
    "promoUntil": null
  },
  {
    "id": "188538PAK",
    "title": "Jumbo - Mini Worstenbroodjes - 12 Stuks",
    "category": "Brood en gebak",
    "price": 1.79,
    "promoPrice": null,
    "pricePerUnit": "1.79 pieces",
    "image": "https://www.jumbo.com/dam-images/fit-in/360x360/Products/29092023_1695996129232_1695996144905_8718452635887_1.png",
    "available": true,
    "promoUntil": null
  },
  {
    "id": "575434DS",
    "title": "Jumbo Vershoudfolie 50 m",
    "category": "Huishouden en dieren",
    "price": 1.02,
    "promoPrice": null,
    "pricePerUnit": "0.02 pieces",
    "image": "https://www.jumbo.com/dam-images/fit-in/360x360/Products/09082023_1691595445173_1691595447752_8718452700127_1.png",
    "available": true,
    "promoUntil": null
  },
  {
    "id": "190084PAK",
    "title": "Wicky 0% Suiker Framboos 1,5 L",
    "category": "Frisdrank en sappen",
    "price": 1.89,
    "promoPrice": null,
    "pricePerUnit": "1.26 l",
    "image": "https://www.jumbo.com/dam-images/fit-in/360x360/Products/16082025_1755308303924_1755308314014_190084_PAK_08711900015477_C1N1.png",
    "available": true,
    "promoUntil": null
  },
  {
    "id": "591603ZK",
    "title": "Jumbo Wokgroente Chinees 400 g",
    "category": "Aardappelen, groente en fruit",
    "price": 2.19,
    "promoPrice": null,
    "pricePerUnit": "5.48 kg",
    "image": "https://www.jumbo.com/dam-images/fit-in/360x360/Products/29072024_1722270918159_1722270928986_8718452818372_1.png",
    "available": true,
    "promoUntil": null
  },
  {
    "id": "418475DS",
    "title": "Magnum IJs Double Gold Caramel Billionaire 4 stuks 4 x 85ml ",
    "category": "Diepvries",
    "price": 5.49,
    "promoPrice": null,
    "pricePerUnit": "16.15 l",
    "image": "https://www.jumbo.com/dam-images/fit-in/360x360/Products/01092025_1756722868003_1756722872410_8711327483729_1.png",
    "available": true,
    "promoUntil": null
  },
  {
    "id": "63839ZK",
    "title": "Aviko Aardappelschotel Griekse Stijl 450 g",
    "category": "Diepvries",
    "price": 2.76,
    "promoPrice": null,
    "pricePerUnit": "6.13 kg",
    "image": "https://www.jumbo.com/dam-images/fit-in/360x360/Products/15102024_1728999188497_1728999205663_8710449946167_1.png",
    "available": true,
    "promoUntil": null
  },
  {
    "id": "617481PKL",
    "title": "Bar-Le-Duc Mineraalwater Koolzuurvrij Fles 6 x 1,5L",
    "category": "Frisdrank en sappen",
    "price": 4.62,
    "promoPrice": null,
    "pricePerUnit": "0.51 l",
    "image": "https://www.jumbo.com/dam-images/fit-in/360x360/Products/617481FLS122ff3c38-7a0f-4785-b8fd-eb8a512c3ea1-1715587109387.png",
    "available": true,
    "promoUntil": null
  },
  {
    "id": "188115STK",
    "title": "Boursin Garlic & Herbs Roomkaas 150 g",
    "category": "Vleeswaren, kaas en tapas",
    "price": 3.59,
    "promoPrice": null,
    "pricePerUnit": "23.93 kg",
    "image": "https://www.jumbo.com/dam-images/fit-in/360x360/Products/20052025_1747744433667_1747744438209_3175460000017_1.png",
    "available": true,
    "promoUntil": null
  },
  {
    "id": "170211BAK",
    "title": "Jumbo Vanille Roomijs 480 g",
    "category": "Diepvries",
    "price": 2.65,
    "promoPrice": null,
    "pricePerUnit": "2.65 l",
    "image": "https://www.jumbo.com/dam-images/fit-in/360x360/Products/02042024_1712064910641_1712064919408_8718452773701_1.png",
    "available": true,
    "promoUntil": null
  },
  {
    "id": "136086DS",
    "title": "Maza Baba Anoesch",
    "category": "Vleeswaren, kaas en tapas",
    "price": 2.29,
    "promoPrice": null,
    "pricePerUnit": "11.45 kg",
    "image": "https://www.jumbo.com/dam-images/fit-in/360x360/Products/31072025_1753926200366_1753926211395_136086_DS_08714779000292_C1N1.png",
    "available": true,
    "promoUntil": null
  },
  {
    "id": "183484BAK",
    "title": "Mora Kipsaté in Pittige Pindasaus XL 190 g",
    "category": "Diepvries",
    "price": 2.96,
    "promoPrice": null,
    "pricePerUnit": "15.58 kg",
    "image": "https://www.jumbo.com/dam-images/fit-in/360x360/Products/11092025_1757554902221_1757554915409_183484_BAK_08710861986208_C1N1.png",
    "available": true,
    "promoUntil": null
  },
  {
    "id": "664993KGR",
    "title": "Jumbo Katenspek ca. 140 g",
    "category": "Vleeswaren, kaas en tapas",
    "price": 3.5,
    "promoPrice": null,
    "pricePerUnit": "25.0 kg",
    "image": "https://www.jumbo.com/dam-images/fit-in/360x360/Products/14022025_1739539374150_1739539381702_2369259000000_1.png",
    "available": true,
    "promoUntil": null
  },
  {
    "id": "521275TRA",
    "title": "Jumbo's Lasagne Bolognese 450 g",
    "category": "Verse maaltijden en gemak",
    "price": 5.99,
    "promoPrice": null,
    "pricePerUnit": "13.31 kg",
    "image": "https://www.jumbo.com/dam-images/fit-in/360x360/Products/26092024_1727361162910_1727361169462_8718452857029_1.png",
    "available": true,
    "promoUntil": null
  },
  {
    "id": "570372ZK",
    "title": "Jumbo Popcorn Zout 100 g",
    "category": "Koek, snoep, chocolade en chips",
    "price": 0.89,
    "promoPrice": null,
    "pricePerUnit": "8.9 kg",
    "image": "https://www.jumbo.com/dam-images/fit-in/360x360/Products/11042025_1744378428337_1744378435716_8718452731800_1.png",
    "available": true,
    "promoUntil": null
  },
  {
    "id": "133858DS",
    "title": "Iglo Fish Burger Classic 227g",
    "category": "Diepvries",
    "price": 4.25,
    "promoPrice": null,
    "pricePerUnit": "18.72 kg",
    "image": "https://www.jumbo.com/dam-images/fit-in/360x360/Products/09082023_1691589157421_1691589181108_5414807004041_1.png",
    "available": true,
    "promoUntil": null
  },
  {
    "id": "628893CUP",
    "title": "Jumbo Zeezout Boter 100 g",
    "category": "Vleeswaren, kaas en tapas",
    "price": 1.35,
    "promoPrice": null,
    "pricePerUnit": "13.5 kg",
    "image": "https://www.jumbo.com/dam-images/fit-in/360x360/Products/24102024_1729787647889_1729787656832_8718452842520_1.png",
    "available": true,
    "promoUntil": null
  },
  {
    "id": "561034ZK",
    "title": "Jumbo - Pistolets Bruin - 4 Stuks",
    "category": "Diepvries",
    "price": 1.56,
    "promoPrice": null,
    "pricePerUnit": "0.39 pieces",
    "image": "https://www.jumbo.com/dam-images/fit-in/360x360/Products/11082025_1754919207496_1754919213204_8718452721986_1.png",
    "available": true,
    "promoUntil": null
  },
  {
    "id": "18021PAK",
    "title": "Grimbergen - Blond - Fles - 6 x 300ML",
    "category": "Bier en wijn",
    "price": 7.99,
    "promoPrice": null,
    "pricePerUnit": "4.44 l",
    "image": "https://www.jumbo.com/dam-images/fit-in/360x360/Products/08716700016228H1N135389801-5a8e-4162-aab8-4b2e640086f7-1745413045981.png",
    "available": true,
    "promoUntil": null
  },
  {
    "id": "540528PAK",
    "title": "7Up Zero Sugar 6 x 330ml",
    "category": "Frisdrank en sappen",
    "price": 4.55,
    "promoPrice": null,
    "pricePerUnit": "2.3 l",
    "image": "https://www.jumbo.com/dam-images/fit-in/360x360/Products/25032024_1711381635967_1711381644009_8715600247770_1.png",
    "available": true,
    "promoUntil": null
  },
  {
    "id": "506769ZK",
    "title": "Jumbo Gesneden Rode Uien 150 g",
    "category": "Aardappelen, groente en fruit",
    "price": 1.69,
    "promoPrice": null,
    "pricePerUnit": "11.27 kg",
    "image": "https://www.jumbo.com/dam-images/fit-in/360x360/Products/22082024_1724337260528_1724337269151_8718452789702_1.png",
    "available": true,
    "promoUntil": null
  },
  {
    "id": "429666FLS",
    "title": "Royal Club Ginger Ale 0% Suiker Fles 1L",
    "category": "Frisdrank en sappen",
    "price": 2.49,
    "promoPrice": null,
    "pricePerUnit": "2.49 l",
    "image": "https://www.jumbo.com/dam-images/fit-in/360x360/Products/10102023_1696902965581_1696902969883_429666_FLS_08715600244823_C1N1.png",
    "available": true,
    "promoUntil": null
  },
  {
    "id": "640485TRA",
    "title": "Jumbo's Rijkgevulde Babi Pangang 450 g",
    "category": "Verse maaltijden en gemak",
    "price": 5.79,
    "promoPrice": null,
    "pricePerUnit": "12.87 kg",
    "image": "https://www.jumbo.com/dam-images/fit-in/360x360/Products/10122024_1733830366979_1733830387397_8718452855827_1.png",
    "available": true,
    "promoUntil": null
  },
  {
    "id": "429662FLS",
    "title": "7UP Zero Sugar Refreshing Lemon & Lime Taste 1,5 L",
    "category": "Frisdrank en sappen",
    "price": 2.65,
    "promoPrice": null,
    "pricePerUnit": "1.77 l",
    "image": "https://www.jumbo.com/dam-images/fit-in/360x360/Products/24122024_1735010083924_1735010089978_429662_FLS_08715600245127_H1N1.png",
    "available": true,
    "promoUntil": null
  },
  {
    "id": "85548STK",
    "title": "Edam Kaas 40+ Jong 1,72 kg",
    "category": "Vleeswaren, kaas en tapas",
    "price": 17.2,
    "promoPrice": null,
    "pricePerUnit": "10.12 kg",
    "image": "https://www.jumbo.com/dam-images/fit-in/360x360/Products/14082025_1755138549742_1755138553427_85548_STK_08710912303428_C1N1.png",
    "available": true,
    "promoUntil": null
  },
  {
    "id": "201504DS",
    "title": "Iglo Ping & Klaar Zweedse Balletjes met aardappelpuree, erwten en rode bosbessencoulis 400 g",
    "category": "Diepvries",
    "price": 5.99,
    "promoPrice": null,
    "pricePerUnit": "14.98 kg",
    "image": "https://www.jumbo.com/dam-images/fit-in/360x360/Products/15072025_1752542494410_1752542508696_201504_DS_08717774267042_H1N1.png",
    "available": true,
    "promoUntil": null
  },
  {
    "id": "711327BAK",
    "title": "Jumbo Borrelschaal Snackballetjes, Kaasblokjes en Gekookte Worst Plakjes 246 g",
    "category": "Vleeswaren, kaas en tapas",
    "price": 4.75,
    "promoPrice": null,
    "pricePerUnit": "19.31 kg",
    "image": "https://www.jumbo.com/dam-images/fit-in/360x360/Products/04072025_1751617994440_1751618003902_8718452767809_1.png",
    "available": true,
    "promoUntil": null
  },
  {
    "id": "500297PAK",
    "title": "Jumbo - Panini Wit - 4 Stuks",
    "category": "Brood en gebak",
    "price": 1.99,
    "promoPrice": null,
    "pricePerUnit": "6.63 kg",
    "image": "https://www.jumbo.com/dam-images/fit-in/360x360/Products/09082023_1691591214271_1691591237264_8718452653270_1.png",
    "available": true,
    "promoUntil": null
  },
  {
    "id": "169468TRA",
    "title": "Jumbo Roomboter Kletsmajoors 185g",
    "category": "Koek, snoep, chocolade en chips",
    "price": 2.21,
    "promoPrice": null,
    "pricePerUnit": "11.95 kg",
    "image": "https://www.jumbo.com/dam-images/fit-in/360x360/Products/29092023_1695995258085_1695995260625_8718452405589_1.png",
    "available": true,
    "promoUntil": null
  },
  {
    "id": "202964FLS",
    "title": "I Heart - Prosecco - 200ML",
    "category": "Bier en wijn",
    "price": 2.99,
    "promoPrice": null,
    "pricePerUnit": "14.95 l",
    "image": "https://www.jumbo.com/dam-images/fit-in/360x360/Products/13122024_1734107578295_1734107583610_5060215333176_1.png",
    "available": true,
    "promoUntil": null
  },
  {
    "id": "423364TRA",
    "title": "Jumbo Krieltjes Kruidenboter Smaak 425 g",
    "category": "Aardappelen, groente en fruit",
    "price": 2.59,
    "promoPrice": null,
    "pricePerUnit": "6.09 kg",
    "image": "https://www.jumbo.com/dam-images/fit-in/360x360/Products/18062024_1718724829953_1718724839980_8718452809912_1.png",
    "available": true,
    "promoUntil": null
  },
  {
    "id": "541987PAK",
    "title": "Bar-le-Duc Natuurlijk Mineraalwater Zonder Koolzuur 2 L",
    "category": "Frisdrank en sappen",
    "price": 0.94,
    "promoPrice": null,
    "pricePerUnit": "0.47 l",
    "image": "https://www.jumbo.com/dam-images/fit-in/360x360/Products/26052025_1748231536304_1748231538972_541987_PAK_08722200964518_C1N1.png",
    "available": true,
    "promoUntil": null
  },
  {
    "id": "684807DS",
    "title": "Bavaria Original 0.0% 6x300ML",
    "category": "Bier en wijn",
    "price": 4.65,
    "promoPrice": null,
    "pricePerUnit": "2.58 l",
    "image": "https://www.jumbo.com/dam-images/fit-in/360x360/Products/07032025_1741331791176_1741331793906_684807_DS_08714800052337_C1N1.png",
    "available": true,
    "promoUntil": null
  },
  {
    "id": "197543ZK",
    "title": "Grand'Italia Mini Penne Volkoren 350 g",
    "category": "Wereldkeukens, kruiden, pasta en rijst",
    "price": 2.18,
    "promoPrice": null,
    "pricePerUnit": "6.23 kg",
    "image": "https://www.jumbo.com/dam-images/fit-in/360x360/Products/25052024_1716603405707_1716603409219_197543_ZK_08000050025420_H1N1.png",
    "available": true,
    "promoUntil": null
  },
  {
    "id": "79862ZK",
    "title": "Aviko Aardappelkroketjes",
    "category": "Diepvries",
    "price": 2.72,
    "promoPrice": null,
    "pricePerUnit": "3.63 kg",
    "image": "https://www.jumbo.com/dam-images/fit-in/360x360/Products/15102024_1728999188441_1728999199985_8710449913640_1.png",
    "available": true,
    "promoUntil": null
  },
  {
    "id": "169216ZK",
    "title": "Jumbo Biologisch Naturel Spaghetti 500 g",
    "category": "Wereldkeukens, kruiden, pasta en rijst",
    "price": 0.95,
    "promoPrice": null,
    "pricePerUnit": "1.9 kg",
    "image": "https://www.jumbo.com/dam-images/fit-in/360x360/Products/07122023_1701963245902_1701963251417_8718452649884_1.png",
    "available": true,
    "promoUntil": null
  },
  {
    "id": "584600PAK",
    "title": "Leffe - Blond - 7+1 Blik - 330ML",
    "category": "Bier en wijn",
    "price": 10.89,
    "promoPrice": null,
    "pricePerUnit": "4.13 l",
    "image": "https://www.jumbo.com/dam-images/fit-in/360x360/Products/05410228317388H1N1118c6224c-59f2-41aa-8b9f-4fc8d1380bab-1713366980788.png",
    "available": true,
    "promoUntil": null
  },
  {
    "id": "684476FLS",
    "title": "Jean Balmont - Rosé - 750ML",
    "category": "Bier en wijn",
    "price": 3.99,
    "promoPrice": null,
    "pricePerUnit": "5.32 l",
    "image": "https://www.jumbo.com/dam-images/fit-in/360x360/Products/27052025_1748356387902_1748356391772_3176780039961_1.png",
    "available": true,
    "promoUntil": null
  },
  {
    "id": "416741CUP",
    "title": "Johma Gevuld Eitje Salade Voordeelpak XL 300 g",
    "category": "Vleeswaren, kaas en tapas",
    "price": 4.99,
    "promoPrice": null,
    "pricePerUnit": "16.63 kg",
    "image": "https://www.jumbo.com/dam-images/fit-in/360x360/Products/04072025_1751598116651_1751598144554_416741_CUP_08710506081152_H1N1_v01.png",
    "available": true,
    "promoUntil": null
  },
  {
    "id": "620745CUP",
    "title": "Jumbo Olijven Witte Kaas 140 g",
    "category": "Vleeswaren, kaas en tapas",
    "price": 2.29,
    "promoPrice": null,
    "pricePerUnit": "16.36 kg",
    "image": "https://www.jumbo.com/dam-images/fit-in/360x360/Products/22072024_1721659043004_1721659053474_8718452846894_1.png",
    "available": true,
    "promoUntil": null
  },
  {
    "id": "574850ZK",
    "title": "Jumbo Krieltjes 500 g",
    "category": "Aardappelen, groente en fruit",
    "price": 1.09,
    "promoPrice": null,
    "pricePerUnit": "2.18 kg",
    "image": "https://www.jumbo.com/dam-images/fit-in/360x360/Products/07062024_1717759995271_1717760004402_8718452801480_1.png",
    "available": true,
    "promoUntil": null
  },
  {
    "id": "514938BLK",
    "title": "Proset Hairspray Mega Strong 300 ml",
    "category": "Drogisterij en baby",
    "price": 3.65,
    "promoPrice": null,
    "pricePerUnit": "12.17 l",
    "image": "https://www.jumbo.com/dam-images/fit-in/360x360/Products/30032025_1743298662663_1743298663762_514938_BLK_08710919116410_C1N1.png",
    "available": true,
    "promoUntil": null
  },
  {
    "id": "588337CUP",
    "title": "Jumbo Ham Light 15+ Smeerkaas 200 g",
    "category": "Vleeswaren, kaas en tapas",
    "price": 1.45,
    "promoPrice": null,
    "pricePerUnit": "7.25 kg",
    "image": "https://www.jumbo.com/dam-images/fit-in/360x360/Products/19062024_1718814836350_1718814857503_8718452772483_596.png",
    "available": true,
    "promoUntil": null
  },
  {
    "id": "577086CUP",
    "title": "Jumbo Kaasblokjes Mosterd Jong 48+ 100 g",
    "category": "Vleeswaren, kaas en tapas",
    "price": 2.49,
    "promoPrice": null,
    "pricePerUnit": "24.9 kg",
    "image": "https://www.jumbo.com/dam-images/fit-in/360x360/Products/14112023_1699975989316_1699976006967_8718452746798_1.png",
    "available": true,
    "promoUntil": null
  },
  {
    "id": "589781FLS",
    "title": "Jumbo Bitter Lemon Classic Taste 1 L",
    "category": "Frisdrank en sappen",
    "price": 1.19,
    "promoPrice": null,
    "pricePerUnit": "1.19 l",
    "image": "https://www.jumbo.com/dam-images/fit-in/360x360/Products/20062024_1718894209873_1718894213241_8718452771196_1.png",
    "available": true,
    "promoUntil": null
  },
  {
    "id": "191080BAK",
    "title": "Zespri Kiwifruit Biologisch Green 4 Stuks",
    "category": "Aardappelen, groente en fruit",
    "price": 3.99,
    "promoPrice": null,
    "pricePerUnit": "1.0 pieces",
    "image": "https://www.jumbo.com/dam-images/fit-in/360x360/Products/29092023_1695995408566_1695995421003_8718452191314_1.png",
    "available": true,
    "promoUntil": null
  },
  {
    "id": "447853PAK",
    "title": "Coca-Cola 6 x 250ml",
    "category": "Frisdrank en sappen",
    "price": 6.53,
    "promoPrice": null,
    "pricePerUnit": "4.35 l",
    "image": "https://www.jumbo.com/dam-images/fit-in/360x360/Products/09082023_1691591471548_1691591489132_5000112648294_1.png",
    "available": true,
    "promoUntil": null
  },
  {
    "id": "66465PAK",
    "title": "Jumbo Koffiewafels 175 g",
    "category": "Koek, snoep, chocolade en chips",
    "price": 1.36,
    "promoPrice": null,
    "pricePerUnit": "7.77 kg",
    "image": "https://www.jumbo.com/dam-images/fit-in/360x360/Products/29092023_1695995013631_1695995017414_8718452396689_1.png",
    "available": true,
    "promoUntil": null
  },
  {
    "id": "551599STK",
    "title": "Jumbo - Witte Chocoladetaart",
    "category": "Brood en gebak",
    "price": 7.99,
    "promoPrice": null,
    "pricePerUnit": "7.99 pieces",
    "image": "https://www.jumbo.com/dam-images/fit-in/360x360/Products/03072025_1751538776710_1751538799632_8718452699544_9.png",
    "available": true,
    "promoUntil": null
  },
  {
    "id": "305931STK",
    "title": "Yam - Desem Brood Glutenvrij & Biologisch",
    "category": "Brood en gebak",
    "price": 5.85,
    "promoPrice": null,
    "pricePerUnit": "8.36 kg",
    "image": "https://www.jumbo.com/dam-images/fit-in/360x360/Products/09082023_1691587085478_1691587090892_8715108175056_1.png",
    "available": true,
    "promoUntil": null
  },
  {
    "id": "645060STK",
    "title": "Leerdammer Jong Original 45+ Kaas 260 g",
    "category": "Vleeswaren, kaas en tapas",
    "price": 3.45,
    "promoPrice": null,
    "pricePerUnit": "13.27 kg",
    "image": "https://www.jumbo.com/dam-images/fit-in/360x360/Products/30082024_1725021258469_1725021266855_8721800409375_1.png",
    "available": true,
    "promoUntil": null
  },
  {
    "id": "200304CUP",
    "title": "Heks'nkaas Origineel 115 g",
    "category": "Vleeswaren, kaas en tapas",
    "price": 2.29,
    "promoPrice": null,
    "pricePerUnit": "19.91 kg",
    "image": "https://www.jumbo.com/dam-images/fit-in/360x360/Products/18072025_1752802293692_1752802298703_200304_CUP_08718719171622_C1N1.png",
    "available": true,
    "promoUntil": null
  },
  {
    "id": "701585KGR",
    "title": "Jumbo Zure Zult ca. 140 g",
    "category": "Vleeswaren, kaas en tapas",
    "price": 2.0,
    "promoPrice": null,
    "pricePerUnit": "15.38 kg",
    "image": "https://www.jumbo.com/dam-images/fit-in/360x360/Products/13112024_1731497559843_1731497574967_2369203000000_1.png",
    "available": true,
    "promoUntil": null
  },
  {
    "id": "198098ZK",
    "title": "Jumbo Bitterkoekjes 250 g",
    "category": "Koek, snoep, chocolade en chips",
    "price": 2.15,
    "promoPrice": null,
    "pricePerUnit": "8.6 kg",
    "image": "https://www.jumbo.com/dam-images/fit-in/360x360/Products/09082023_1691584856830_1691584866021_8718452285303_1.png",
    "available": true,
    "promoUntil": null
  },
  {
    "id": "508082PAK",
    "title": "Hertog Jan - Weizener Witbier - Fles - 6 x 300ML",
    "category": "Bier en wijn",
    "price": 7.59,
    "promoPrice": null,
    "pricePerUnit": "4.22 l",
    "image": "https://www.jumbo.com/dam-images/fit-in/360x360/Products/08725000641146H1N175ab4f26-0421-4812-b129-a9c4b7dac27c-1712757332033.png",
    "available": true,
    "promoUntil": null
  },
  {
    "id": "681931ZK",
    "title": "M&M'S Choco chocolade snoepjes partyzak 800g",
    "category": "Koek, snoep, chocolade en chips",
    "price": 10.49,
    "promoPrice": null,
    "pricePerUnit": "13.11 kg",
    "image": "https://www.jumbo.com/dam-images/fit-in/360x360/Products/03062025_1748964789437_1748964829216_5900951320934_596.png",
    "available": true,
    "promoUntil": null
  },
  {
    "id": "48865PAK",
    "title": "Jumbo Helder Cranberry- en Limoen Smaak 1,5 L",
    "category": "Frisdrank en sappen",
    "price": 1.39,
    "promoPrice": null,
    "pricePerUnit": "0.93 l",
    "image": "https://www.jumbo.com/dam-images/fit-in/360x360/Products/07062024_1717767320112_1717767336410_8718452649143_596.png",
    "available": true,
    "promoUntil": null
  },
  {
    "id": "422493KGR",
    "title": "Beemster Jong Belegen stuk 450 g",
    "category": "Vleeswaren, kaas en tapas",
    "price": 8.1,
    "promoPrice": null,
    "pricePerUnit": "17.99 kg",
    "image": "https://www.jumbo.com/dam-images/fit-in/360x360/Products/09082023_1691596485978_1691596497756_2392347000000_1.png",
    "available": true,
    "promoUntil": null
  },
  {
    "id": "226722BAK",
    "title": "Jumbo Foe Yong Hai 260 g",
    "category": "Verse maaltijden en gemak",
    "price": 3.45,
    "promoPrice": null,
    "pricePerUnit": "13.27 kg",
    "image": "https://www.jumbo.com/dam-images/fit-in/360x360/Products/29092023_1695996273876_1695996280640_8718452674602_1.png",
    "available": true,
    "promoUntil": null
  },
  {
    "id": "679963STK",
    "title": "Jumbo Paprika Groen",
    "category": "Aardappelen, groente en fruit",
    "price": 0.99,
    "promoPrice": null,
    "pricePerUnit": "0.99 pieces",
    "image": "https://www.jumbo.com/dam-images/fit-in/360x360/Products/302244_8711715882424_1_T5_129675STK1691483169367.png",
    "available": true,
    "promoUntil": null
  },
  {
    "id": "668881KGR",
    "title": "Jumbo Beenham Gerookt ca. 120 g",
    "category": "Vleeswaren, kaas en tapas",
    "price": 3.66,
    "promoPrice": null,
    "pricePerUnit": "30.5 kg",
    "image": "https://www.jumbo.com/dam-images/fit-in/360x360/Products/07022025_1738945991249_1738946009543_2369597000000_1.png",
    "available": true,
    "promoUntil": null
  },
  {
    "id": "169318KST",
    "title": "LU Prince MiniStars Koekjes Black & White ( 5 x 37.4 g) 187g",
    "category": "Koek, snoep, chocolade en chips",
    "price": 3.09,
    "promoPrice": null,
    "pricePerUnit": "16.52 kg",
    "image": "https://www.jumbo.com/dam-images/fit-in/360x360/Products/24092025_1758720818197_1758720822172_7622210495723_1.png",
    "available": true,
    "promoUntil": null
  },
  {
    "id": "574536CUP",
    "title": "Robijn Classics 3-in-1 Wascapsules Stralend Wit 40 wasbeurten",
    "category": "Huishouden en dieren",
    "price": 28.99,
    "promoPrice": null,
    "pricePerUnit": "0.72 wb",
    "image": "https://www.jumbo.com/dam-images/fit-in/360x360/Products/14032025_1741928186816_1741928251140_574536_CUP_08720181396113_H1N1.png",
    "available": true,
    "promoUntil": null
  },
  {
    "id": "391720STK",
    "title": "Jumbo Pandanrijst Voordeelverpakking 1 kg",
    "category": "Wereldkeukens, kruiden, pasta en rijst",
    "price": 2.09,
    "promoPrice": null,
    "pricePerUnit": "2.09 kg",
    "image": "https://www.jumbo.com/dam-images/fit-in/360x360/Products/10082023_1691676549172_1691676556952_8718452474301_1.png",
    "available": true,
    "promoUntil": null
  },
  {
    "id": "608729STK",
    "title": "Jumbo Naturel Grillworst 200 g",
    "category": "Vleeswaren, kaas en tapas",
    "price": 2.65,
    "promoPrice": null,
    "pricePerUnit": "13.25 kg",
    "image": "https://www.jumbo.com/dam-images/fit-in/360x360/Products/21022025_1740151973089_1740151978426_8718452874200_1.png",
    "available": true,
    "promoUntil": null
  },
  {
    "id": "588329ZK",
    "title": "Jumbo Geraspte Texmex Kaas 40+ 150 g",
    "category": "Vleeswaren, kaas en tapas",
    "price": 2.79,
    "promoPrice": null,
    "pricePerUnit": "18.6 kg",
    "image": "https://www.jumbo.com/dam-images/fit-in/360x360/Products/14022024_1707873797106_1707873808083_8718452749799_1.png",
    "available": true,
    "promoUntil": null
  },
  {
    "id": "74870RP",
    "title": "Tony's Chocolonely Puur Chocolade Reep 70% 180 g",
    "category": "Koek, snoep, chocolade en chips",
    "price": 4.03,
    "promoPrice": null,
    "pricePerUnit": "22.39 kg",
    "image": "https://www.jumbo.com/dam-images/fit-in/360x360/Products/10102024_1728526567140_1728526570987_74870_RP_08717677334117_C1N1.png",
    "available": true,
    "promoUntil": null
  },
  {
    "id": "449006DSL",
    "title": "Neleman - Tempranillo - Rosé - Biologisch",
    "category": "Bier en wijn",
    "price": 38.94,
    "promoPrice": null,
    "pricePerUnit": "8.65 l",
    "image": "https://www.jumbo.com/dam-images/fit-in/360x360/Products/449006DSL-1692280079200.png",
    "available": true,
    "promoUntil": null
  },
  {
    "id": "633868CUP",
    "title": "Jumbo Hummus Pikant 200 g",
    "category": "Vleeswaren, kaas en tapas",
    "price": 2.39,
    "promoPrice": null,
    "pricePerUnit": "11.95 kg",
    "image": "https://www.jumbo.com/dam-images/fit-in/360x360/Products/04092024_1725460583810_1725460593282_8718452854455_1.png",
    "available": true,
    "promoUntil": null
  },
  {
    "id": "658961ZK",
    "title": "Jumbo Edamame Boontjes Gepeld 450 g",
    "category": "Diepvries",
    "price": 2.39,
    "promoPrice": null,
    "pricePerUnit": "5.31 kg",
    "image": "https://www.jumbo.com/dam-images/fit-in/360x360/Products/16122024_1734363156213_1734363169940_8718452815111_596.png",
    "available": true,
    "promoUntil": null
  },
  {
    "id": "513433DS",
    "title": "Knorr Wereldgerechten Maaltijdpakket Portugese Kip Piri Piri 205 gr",
    "category": "Wereldkeukens, kruiden, pasta en rijst",
    "price": 4.69,
    "promoPrice": null,
    "pricePerUnit": "22.88 kg",
    "image": "https://www.jumbo.com/dam-images/fit-in/360x360/Products/26052025_1748227007331_1748227077074_513433_DS_08720182591968_C1N1.png",
    "available": true,
    "promoUntil": null
  },
  {
    "id": "620065ZK",
    "title": "Jumbo Biologisch Bloemkoolroosjes 450 g",
    "category": "Diepvries",
    "price": 2.22,
    "promoPrice": null,
    "pricePerUnit": "4.93 kg",
    "image": "https://www.jumbo.com/dam-images/fit-in/360x360/Products/23052024_1716482054286_1716482062222_8718452810109_1.png",
    "available": true,
    "promoUntil": null
  },
  {
    "id": "294725FLS",
    "title": "Very Cautious 0% - Shiraz - 750ML",
    "category": "Bier en wijn",
    "price": 5.87,
    "promoPrice": null,
    "pricePerUnit": "7.83 l",
    "image": "https://www.jumbo.com/dam-images/fit-in/360x360/Products/21052025_1747841646456_1747841649895_9300752281117_1.png",
    "available": true,
    "promoUntil": null
  },
  {
    "id": "33058FLS",
    "title": "Winzer Krems - Grüner Veltliner - 750 ML",
    "category": "Bier en wijn",
    "price": 7.99,
    "promoPrice": null,
    "pricePerUnit": "10.65 l",
    "image": "https://www.jumbo.com/dam-images/fit-in/360x360/Products/15112024_1731643373805_1731643375102_33058_FLS_.png",
    "available": true,
    "promoUntil": null
  },
  {
    "id": "656653STK",
    "title": "Magioni Bloemkool pizzabodem 2x 195g",
    "category": "Verse maaltijden en gemak",
    "price": 3.99,
    "promoPrice": null,
    "pricePerUnit": "10.23 kg",
    "image": "https://www.jumbo.com/dam-images/fit-in/360x360/Products/26022025_1740569589751_1740569606416_8719324058001_1.png",
    "available": true,
    "promoUntil": null
  },
  {
    "id": "179772DS",
    "title": "Mora Mini's Mega Mix 962 g",
    "category": "Diepvries",
    "price": 6.79,
    "promoPrice": null,
    "pricePerUnit": "7.06 kg",
    "image": "https://www.jumbo.com/dam-images/fit-in/360x360/Products/09082023_1691590264776_1691590280158_8710861995507_1.png",
    "available": true,
    "promoUntil": null
  },
  {
    "id": "182111DSL",
    "title": "Dove Caramel Doos 24 stuks x 50gr",
    "category": "Koek, snoep, chocolade en chips",
    "price": 22.99,
    "promoPrice": null,
    "pricePerUnit": "19.16 kg",
    "image": "https://www.jumbo.com/dam-images/fit-in/360x360/Products/182111DSL-1692282911171.png",
    "available": true,
    "promoUntil": null
  },
  {
    "id": "653699ZK",
    "title": "Jumbo Aardappelpartjes 600 g",
    "category": "Diepvries",
    "price": 1.28,
    "promoPrice": null,
    "pricePerUnit": "2.13 kg",
    "image": "https://www.jumbo.com/dam-images/fit-in/360x360/Products/12122024_1734014464203_1734014475029_8718452425433_1.png",
    "available": true,
    "promoUntil": null
  },
  {
    "id": "682055DS",
    "title": "Jumbo Space Shuttles Waterijsjes 9 Stuks",
    "category": "Diepvries",
    "price": 1.19,
    "promoPrice": null,
    "pricePerUnit": "0.13 pieces",
    "image": "https://www.jumbo.com/dam-images/fit-in/360x360/Products/31032025_1743417164602_1743417179033_8718452888108_596.png",
    "available": true,
    "promoUntil": null
  },
  {
    "id": "439304PAK",
    "title": "Jumbo Mineraalwater Gember Citroengras Smaak Bruisend 6 x 500 ml",
    "category": "Frisdrank en sappen",
    "price": 2.9,
    "promoPrice": null,
    "pricePerUnit": "0.97 l",
    "image": "https://www.jumbo.com/dam-images/fit-in/360x360/Products/25112024_1732552455953_1732552472373_8718452631391_596.png",
    "available": true,
    "promoUntil": null
  },
  {
    "id": "676291TRA",
    "title": "Vivera Plantaardige Shoarma 300 g",
    "category": "Vlees, vis en vega",
    "price": 4.99,
    "promoPrice": null,
    "pricePerUnit": "16.63 kg",
    "image": "https://www.jumbo.com/dam-images/fit-in/360x360/Products/14062025_1749867793948_1749867800973_676291_TRA_08718300861291_C1N1.png",
    "available": true,
    "promoUntil": null
  },
  {
    "id": "171969CUP",
    "title": "Johma Pikante Kip-Kerrie Salade 175 g",
    "category": "Vleeswaren, kaas en tapas",
    "price": 3.15,
    "promoPrice": null,
    "pricePerUnit": "18.0 kg",
    "image": "https://www.jumbo.com/dam-images/fit-in/360x360/Products/15062025_1749949692052_1749949709216_171969_CUP_08710506066432_H1N1_v01.png",
    "available": true,
    "promoUntil": null
  },
  {
    "id": "96851ZK",
    "title": "Aviko Aardappeltoefjes Pom' Duchesse",
    "category": "Diepvries",
    "price": 2.72,
    "promoPrice": null,
    "pricePerUnit": "3.63 kg",
    "image": "https://www.jumbo.com/dam-images/fit-in/360x360/Products/15102024_1728999188320_1728999202783_8710449927968_1.png",
    "available": true,
    "promoUntil": null
  },
  {
    "id": "347553POT",
    "title": "Jumbo Pesto Rosso 190 g",
    "category": "Wereldkeukens, kruiden, pasta en rijst",
    "price": 1.14,
    "promoPrice": null,
    "pricePerUnit": "6.0 kg",
    "image": "https://www.jumbo.com/dam-images/fit-in/360x360/Products/11042025_1744378428008_1744378434420_8718452745166_1.png",
    "available": true,
    "promoUntil": null
  },
  {
    "id": "625457DS",
    "title": "Jumbo Chocs Classic Melkchocolade 6 Stuks",
    "category": "Diepvries",
    "price": 3.65,
    "promoPrice": null,
    "pricePerUnit": "6.08 l",
    "image": "https://www.jumbo.com/dam-images/fit-in/360x360/Products/07062024_1717759995992_1717760010282_8718452806720_596.png",
    "available": true,
    "promoUntil": null
  },
  {
    "id": "520473TAS",
    "title": "Jumbo Speculoos Koekjes 250 g",
    "category": "Koek, snoep, chocolade en chips",
    "price": 0.98,
    "promoPrice": null,
    "pricePerUnit": "3.92 kg",
    "image": "https://www.jumbo.com/dam-images/fit-in/360x360/Products/10082023_1691677980508_1691677986531_8718452670215_1.png",
    "available": true,
    "promoUntil": null
  },
  {
    "id": "354726ZK",
    "title": "Duyvis Tijgernootjes BBQ Paprika Pinda Noten 275 gr",
    "category": "Koek, snoep, chocolade en chips",
    "price": 3.29,
    "promoPrice": null,
    "pricePerUnit": "11.96 kg",
    "image": "https://www.jumbo.com/dam-images/fit-in/360x360/Products/14082025_1755181995823_1755182003190_8710398517500_1.png",
    "available": true,
    "promoUntil": null
  },
  {
    "id": "602499FLS",
    "title": "Los Gansos - Malbec - 750ML",
    "category": "Bier en wijn",
    "price": 5.99,
    "promoPrice": 4.99,
    "pricePerUnit": "6.65 l",
    "image": "https://www.jumbo.com/dam-images/fit-in/360x360/Products/20022024_1708421598312_1708421603145_7804320761060_1.png",
    "available": true,
    "promoUntil": "di 7 okt"
  },
  {
    "id": "166882FLS",
    "title": "Tussock Jumper - Pinot Grigio - 750ML",
    "category": "Bier en wijn",
    "price": 5.49,
    "promoPrice": null,
    "pricePerUnit": "7.32 l",
    "image": "https://www.jumbo.com/dam-images/fit-in/360x360/Products/01072025_1751383989793_1751383992988_3760204540197_1.png",
    "available": true,
    "promoUntil": null
  },
  {
    "id": "350188DS",
    "title": "Jumbo Tropisch Fruit Meloen - Mango - Ananas 250 g",
    "category": "Diepvries",
    "price": 1.99,
    "promoPrice": null,
    "pricePerUnit": "7.96 kg",
    "image": "https://www.jumbo.com/dam-images/fit-in/360x360/Products/09082023_1691587014998_1691587026553_8718452463589_1.png",
    "available": true,
    "promoUntil": null
  },
  {
    "id": "652382BUS",
    "title": "Pringles Paprika 165 g",
    "category": "Koek, snoep, chocolade en chips",
    "price": 2.69,
    "promoPrice": null,
    "pricePerUnit": "16.3 kg",
    "image": "https://www.jumbo.com/dam-images/fit-in/360x360/Products/13092025_1757730887406_1757730896016_652382_BUS_05053990161669_A1N1.png",
    "available": true,
    "promoUntil": null
  },
  {
    "id": "146753PAK",
    "title": "Oreo Original koekjes 154g",
    "category": "Koek, snoep, chocolade en chips",
    "price": 0.98,
    "promoPrice": null,
    "pricePerUnit": "6.36 kg",
    "image": "https://www.jumbo.com/dam-images/fit-in/360x360/Products/23092025_1758630794831_1758630800613_7622300336738_596.png",
    "available": true,
    "promoUntil": null
  },
  {
    "id": "220629ZK",
    "title": "Jumbo Kroepoek Bali Pikant Gekruid 75 g",
    "category": "Wereldkeukens, kruiden, pasta en rijst",
    "price": 1.04,
    "promoPrice": null,
    "pricePerUnit": "13.87 kg",
    "image": "https://www.jumbo.com/dam-images/fit-in/360x360/Products/09082023_1691586112139_1691586121696_8718452361854_1.png",
    "available": true,
    "promoUntil": null
  },
  {
    "id": "375434PAK",
    "title": "Mae Ploy Kokosmelk 1 L",
    "category": "Wereldkeukens, kruiden, pasta en rijst",
    "price": 3.99,
    "promoPrice": null,
    "pricePerUnit": "3.99 l",
    "image": "https://www.jumbo.com/dam-images/fit-in/360x360/Products/28122023_1703732444983_1703732456088_375434_PAK_08850367302017_C1N1.png",
    "available": true,
    "promoUntil": null
  },
  {
    "id": "671087BLS",
    "title": "Duracell Rechargeable Batterijen Plus AA 1300mAh",
    "category": "Non-food en servicebalie",
    "price": 15.79,
    "promoPrice": null,
    "pricePerUnit": "3.95 pieces",
    "image": "https://www.jumbo.com/dam-images/fit-in/360x360/Products/29032025_1743210125672_1743210133433_5000394039247_1.png",
    "available": true,
    "promoUntil": null
  },
  {
    "id": "603108TRA",
    "title": "Jumbo Oven & Gemak Carbonara Ovenschotel 430 g",
    "category": "Vlees, vis en vega",
    "price": 5.0,
    "promoPrice": null,
    "pricePerUnit": "11.63 kg",
    "image": "https://www.jumbo.com/dam-images/fit-in/360x360/Products/08052024_1715182453680_1715182463221_8718452779475_1.png",
    "available": true,
    "promoUntil": null
  },
  {
    "id": "478347DS",
    "title": "Dr. Oetker Ristorante Pizza Funghi 365 g",
    "category": "Diepvries",
    "price": 3.29,
    "promoPrice": null,
    "pricePerUnit": "9.01 kg",
    "image": "https://www.jumbo.com/dam-images/fit-in/360x360/Products/17042025_1744852788061_1744852795766_478347_DS_04001724038931_C1N1_s04.png",
    "available": true,
    "promoUntil": null
  },
  {
    "id": "484359DS",
    "title": "Mora Originals Viandel® 5 x 70 g",
    "category": "Diepvries",
    "price": 4.29,
    "promoPrice": null,
    "pricePerUnit": "12.26 kg",
    "image": "https://www.jumbo.com/dam-images/fit-in/360x360/Products/09082023_1691588690223_1691588708173_8710861910623_1.png",
    "available": true,
    "promoUntil": null
  },
  {
    "id": "313966PAK",
    "title": "Jumbo Tintel Fris Sinaasappel Citroen met Appel 1,5 L",
    "category": "Frisdrank en sappen",
    "price": 1.49,
    "promoPrice": null,
    "pricePerUnit": "0.99 l",
    "image": "https://www.jumbo.com/dam-images/fit-in/360x360/Products/07062024_1717767320551_1717767333701_8718452649006_596.png",
    "available": true,
    "promoUntil": null
  },
  {
    "id": "230352STK",
    "title": "Hertog IJs IJssalon Slagroom 900ml",
    "category": "Diepvries",
    "price": 4.59,
    "promoPrice": null,
    "pricePerUnit": "5.1 l",
    "image": "https://www.jumbo.com/dam-images/fit-in/360x360/Products/18092025_1758160211103_1758160257857_230352_STK_08711327338357_C1N1.png",
    "available": true,
    "promoUntil": null
  },
  {
    "id": "42592PAK",
    "title": "Jumbo Amandel Speculaas 400 g",
    "category": "Koek, snoep, chocolade en chips",
    "price": 1.99,
    "promoPrice": null,
    "pricePerUnit": "4.98 kg",
    "image": "https://www.jumbo.com/dam-images/fit-in/360x360/Products/04072025_1751617973294_1751617980161_8711715868626_1.png",
    "available": true,
    "promoUntil": null
  },
  {
    "id": "684473KSL",
    "title": "Jean Balmont - Chardonnay 6 x 750 ml",
    "category": "Bier en wijn",
    "price": 23.94,
    "promoPrice": null,
    "pricePerUnit": "5.32 l",
    "image": "https://www.jumbo.com/dam-images/fit-in/360x360/Products/684473KSLd1029b14-d0aa-439d-985c-ea593591d685-1744792932639.png",
    "available": true,
    "promoUntil": null
  },
  {
    "id": "355138ZK",
    "title": "Duyvis Borrelnootjes Oriental Pinda Noten 275 gr",
    "category": "Koek, snoep, chocolade en chips",
    "price": 2.99,
    "promoPrice": null,
    "pricePerUnit": "10.87 kg",
    "image": "https://www.jumbo.com/dam-images/fit-in/360x360/Products/14082025_1755178394436_1755178401173_8710398517340_1.png",
    "available": true,
    "promoUntil": null
  },
  {
    "id": "671741PAK",
    "title": "McVitie's Digestives Melkchocolade Tarwebiscuit met Melkchocolade 266 g",
    "category": "Koek, snoep, chocolade en chips",
    "price": 2.39,
    "promoPrice": null,
    "pricePerUnit": "8.98 kg",
    "image": "https://www.jumbo.com/dam-images/fit-in/360x360/Products/25012025_1737774100097_1737774105936_671741_PAK_05000396056730_H1N1.png",
    "available": true,
    "promoUntil": null
  },
  {
    "id": "425405ZK",
    "title": "Napoleon Rood Fruit Mix 225 g",
    "category": "Koek, snoep, chocolade en chips",
    "price": 2.19,
    "promoPrice": null,
    "pricePerUnit": "9.73 kg",
    "image": "https://www.jumbo.com/dam-images/fit-in/360x360/Products/26052025_1748226577002_1748226600212_425405_ZK_08721077490533_H1N1.png",
    "available": true,
    "promoUntil": null
  },
  {
    "id": "608119PAK",
    "title": "Coca-Cola Zero Sugar 6 x 250 ml",
    "category": "Frisdrank en sappen",
    "price": 6.53,
    "promoPrice": null,
    "pricePerUnit": "4.35 l",
    "image": "https://www.jumbo.com/dam-images/fit-in/360x360/Products/01022024_1706749207736_1706749212420_5000112648300_1.png",
    "available": true,
    "promoUntil": null
  },
  {
    "id": "411637ZK",
    "title": "MAGGI Noodles Soy Garlic 185g",
    "category": "Wereldkeukens, kruiden, pasta en rijst",
    "price": 2.89,
    "promoPrice": null,
    "pricePerUnit": "15.62 kg",
    "image": "https://www.jumbo.com/dam-images/fit-in/360x360/Products/24092025_1758677313122_1758677325621_411637_ZK_07613287067463_C1N1_s01.png",
    "available": true,
    "promoUntil": null
  },
  {
    "id": "368837FLS",
    "title": "Terre di Faiano - Primitivo - Biologisch 750ML",
    "category": "Bier en wijn",
    "price": 6.99,
    "promoPrice": null,
    "pricePerUnit": "9.32 l",
    "image": "https://www.jumbo.com/dam-images/fit-in/360x360/Products/31072025_1753972504892_1753972508262_8052432830764_1.png",
    "available": true,
    "promoUntil": null
  },
  {
    "id": "576690KGR",
    "title": "Jumbo Goudse Kaas 48+ Belegen ca. 404 g",
    "category": "Vleeswaren, kaas en tapas",
    "price": 6.86,
    "promoPrice": null,
    "pricePerUnit": "16.99 kg",
    "image": "https://www.jumbo.com/dam-images/fit-in/360x360/Products/10082023_1691677713562_1691677718005_2335941000000_1.png",
    "available": true,
    "promoUntil": null
  },
  {
    "id": "573235DS",
    "title": "Jumbo Hersluitbaar zakje 1 L",
    "category": "Huishouden en dieren",
    "price": 1.96,
    "promoPrice": null,
    "pricePerUnit": "0.05 pieces",
    "image": "https://www.jumbo.com/dam-images/fit-in/360x360/Products/09082023_1691595046060_1691595049822_8718452726561_1.png",
    "available": true,
    "promoUntil": null
  },
  {
    "id": "536549PAK",
    "title": "Grolsch - Citroen Radler - Blik - 6 x 330ML",
    "category": "Bier en wijn",
    "price": 6.29,
    "promoPrice": null,
    "pricePerUnit": "3.18 l",
    "image": "https://www.jumbo.com/dam-images/fit-in/360x360/Products/08716700018925H1N15529d0ca-82b6-4ade-b872-da414106bade-1758097376628.png",
    "available": true,
    "promoUntil": null
  },
  {
    "id": "305708STK",
    "title": "Jumbo - Soesjes - 11 Stuks",
    "category": "Brood en gebak",
    "price": 3.49,
    "promoPrice": null,
    "pricePerUnit": "0.32 pieces",
    "image": "https://www.jumbo.com/dam-images/fit-in/360x360/Products/09082023_1691593275752_1691593300915_8718452037179_2.png",
    "available": true,
    "promoUntil": null
  },
  {
    "id": "688647DSL",
    "title": "Robijn Wasverzachter Passiebloem - 8 x 780ML",
    "category": "Huishouden en dieren",
    "price": 54.32,
    "promoPrice": 27.16,
    "pricePerUnit": "0.17 wb",
    "image": "https://www.jumbo.com/dam-images/fit-in/360x360/Products/08720181633546H1N1dc329973-7bd7-45d2-b632-ac7e50547e89-1753099388775.png",
    "available": true,
    "promoUntil": "di 7 okt"
  },
  {
    "id": "450595FLS",
    "title": "Tiempo & Tierra – Navarra Crianza - Tempranillo - 750ML",
    "category": "Bier en wijn",
    "price": 4.99,
    "promoPrice": null,
    "pricePerUnit": "6.65 l",
    "image": "https://www.jumbo.com/dam-images/fit-in/360x360/Products/10082023_1691675538632_1691675542066_8411971006311_1.png",
    "available": true,
    "promoUntil": null
  },
  {
    "id": "458288TUB",
    "title": "Joppie® Original 500 ml",
    "category": "Vleeswaren, kaas en tapas",
    "price": 3.49,
    "promoPrice": null,
    "pricePerUnit": "6.98 l",
    "image": "https://www.jumbo.com/dam-images/fit-in/360x360/Products/25012024_1706153316766_1706153329815_458288_TUB_08713009038807_C1N1.png",
    "available": true,
    "promoUntil": null
  },
  {
    "id": "693718DS",
    "title": "Knorr Wereldgerechten Beef Shanghai Chinese 242 g",
    "category": "Wereldkeukens, kruiden, pasta en rijst",
    "price": 4.99,
    "promoPrice": null,
    "pricePerUnit": "20.62 kg",
    "image": "https://www.jumbo.com/dam-images/fit-in/360x360/Products/30072025_1753889673850_1753889682298_8721317709821_1.png",
    "available": true,
    "promoUntil": null
  },
  {
    "id": "226776STK",
    "title": "La Bonne Vache Smeltkaas 400 g",
    "category": "Vleeswaren, kaas en tapas",
    "price": 2.99,
    "promoPrice": null,
    "pricePerUnit": "7.48 kg",
    "image": "https://www.jumbo.com/dam-images/fit-in/360x360/Products/25062025_1750840446446_1750840452584_3032220061872_1.png",
    "available": true,
    "promoUntil": null
  },
  {
    "id": "617338PAK",
    "title": "Wicky Original Smaak Aardbei 6 x 200 ml",
    "category": "Frisdrank en sappen",
    "price": 1.99,
    "promoPrice": null,
    "pricePerUnit": "1.66 l",
    "image": "https://www.jumbo.com/dam-images/fit-in/360x360/Products/14082025_1755137034469_1755137042254_617338_PAK_08711900018850_A1N1.png",
    "available": true,
    "promoUntil": null
  },
  {
    "id": "489035FLS",
    "title": "Lipton Ice Tea Green Zero Sugar 500 ml",
    "category": "Frisdrank en sappen",
    "price": 1.99,
    "promoPrice": null,
    "pricePerUnit": "3.98 l",
    "image": "https://www.jumbo.com/dam-images/fit-in/360x360/Products/20082025_1755658466337_1755658494740_489035_FLS_08711327549869_H1N1.png",
    "available": true,
    "promoUntil": null
  },
  {
    "id": "200548DS",
    "title": "Original Wagner Piccolinis Tre Formaggi 270 g",
    "category": "Diepvries",
    "price": 3.49,
    "promoPrice": null,
    "pricePerUnit": "12.93 kg",
    "image": "https://www.jumbo.com/dam-images/fit-in/360x360/Products/02032024_1709348321045_1709348328047_200548_DS_04009233014347_C1N1_s06.png",
    "available": true,
    "promoUntil": null
  },
  {
    "id": "701859KGR",
    "title": "Jumbo Schouderham ca. 125g",
    "category": "Vleeswaren, kaas en tapas",
    "price": 2.5,
    "promoPrice": null,
    "pricePerUnit": "20.0 kg",
    "image": "https://www.jumbo.com/dam-images/fit-in/360x360/Products/18022025_1739896393943_1739896402514_2369665000000_1.png",
    "available": true,
    "promoUntil": null
  },
  {
    "id": "553415PAK",
    "title": "Lipton Ice Tea Lemon 1,5 L",
    "category": "Frisdrank en sappen",
    "price": 3.69,
    "promoPrice": null,
    "pricePerUnit": "2.46 l",
    "image": "https://www.jumbo.com/dam-images/fit-in/360x360/Products/17042025_1744861914993_1744861938334_553415_PAK_08711327579026_H1N1.png",
    "available": true,
    "promoUntil": null
  },
  {
    "id": "306166STK",
    "title": "Jumbo - Kersenflap met Slagroom - 2 Stuks",
    "category": "Brood en gebak",
    "price": 4.99,
    "promoPrice": null,
    "pricePerUnit": "2.5 pieces",
    "image": "https://www.jumbo.com/dam-images/fit-in/360x360/Products/09092025_1757406804099_1757406807726_8711715896803_1.png",
    "available": true,
    "promoUntil": null
  },
  {
    "id": "386161STK",
    "title": "Paturain Verse Roomkaas Knoflook & Fijne Kruiden 150 g",
    "category": "Vleeswaren, kaas en tapas",
    "price": 3.39,
    "promoPrice": null,
    "pricePerUnit": "22.6 kg",
    "image": "https://www.jumbo.com/dam-images/fit-in/360x360/Products/25032025_1742869190968_1742869205959_386161_STK_03272770015042_C1N1_s39.png",
    "available": true,
    "promoUntil": null
  },
  {
    "id": "528601STK",
    "title": "Ambi Pur Badkamer Luchtverfrisser",
    "category": "Huishouden en dieren",
    "price": 4.79,
    "promoPrice": null,
    "pricePerUnit": "4.79 pieces",
    "image": "https://www.jumbo.com/dam-images/fit-in/360x360/Products/29082025_1756431378732_1756431380949_528601_STK_08001841234755_C1N1_LU-NL-B.png",
    "available": true,
    "promoUntil": null
  },
  {
    "id": "395039ZK",
    "title": "Jumbo Geraspt Kaas Oud 48+ 175 g",
    "category": "Vleeswaren, kaas en tapas",
    "price": 4.29,
    "promoPrice": null,
    "pricePerUnit": "24.51 kg",
    "image": "https://www.jumbo.com/dam-images/fit-in/360x360/Products/11032025_1741710792517_1741710799660_8718452695164_1.png",
    "available": true,
    "promoUntil": null
  },
  {
    "id": "459394PAK",
    "title": "Sourcy Blauw mineraalwater Fles 6 x 330ml",
    "category": "Frisdrank en sappen",
    "price": 2.78,
    "promoPrice": null,
    "pricePerUnit": "1.4 l",
    "image": "https://www.jumbo.com/dam-images/fit-in/360x360/Products/09082023_1691588127561_1691588133446_8715600244076_1.png",
    "available": true,
    "promoUntil": null
  },
  {
    "id": "182178POT",
    "title": "Jumbo Italiaanse Kruiden 55 g",
    "category": "Wereldkeukens, kruiden, pasta en rijst",
    "price": 4.17,
    "promoPrice": null,
    "pricePerUnit": "75.82 kg",
    "image": "https://www.jumbo.com/dam-images/fit-in/360x360/Products/09082023_1691581022655_1691581038109_8718452203758_1.png",
    "available": true,
    "promoUntil": null
  },
  {
    "id": "666059ZK",
    "title": "Jumbo Broccoli Roosjes 450 g",
    "category": "Diepvries",
    "price": 1.4,
    "promoPrice": null,
    "pricePerUnit": "3.11 kg",
    "image": "https://www.jumbo.com/dam-images/fit-in/360x360/Products/30052025_1748619189532_1748619206789_8718452884414_596.png",
    "available": false,
    "promoUntil": null
  },
  {
    "id": "578026ZK",
    "title": "Jumbo Gezouten Kingsize Pinda's 350 g",
    "category": "Koek, snoep, chocolade en chips",
    "price": 3.09,
    "promoPrice": null,
    "pricePerUnit": "8.83 kg",
    "image": "https://www.jumbo.com/dam-images/fit-in/360x360/Products/14022024_1707873913048_1707873922514_8718452742028_1.png",
    "available": true,
    "promoUntil": null
  },
  {
    "id": "655045DS",
    "title": "Jumbo Wascapsules 5 in 1 Wit 22 Wasbeurten",
    "category": "Huishouden en dieren",
    "price": 4.39,
    "promoPrice": null,
    "pricePerUnit": "0.2 pieces",
    "image": "https://www.jumbo.com/dam-images/fit-in/360x360/Products/01112024_1730471707716_1730471725267_8718452829835_596.png",
    "available": true,
    "promoUntil": null
  },
  {
    "id": "674453FLS",
    "title": "Jumbo Fruitsiroop Grenadine met Appel 750ML",
    "category": "Frisdrank en sappen",
    "price": 3.49,
    "promoPrice": null,
    "pricePerUnit": "4.65 l",
    "image": "https://www.jumbo.com/dam-images/fit-in/360x360/Products/09072025_1752046390956_1752046401417_8718452889150_596.png",
    "available": true,
    "promoUntil": null
  },
  {
    "id": "626208ZK",
    "title": "Jumbo Borrel Mix 275 g",
    "category": "Koek, snoep, chocolade en chips",
    "price": 3.39,
    "promoPrice": null,
    "pricePerUnit": "12.33 kg",
    "image": "https://www.jumbo.com/dam-images/fit-in/360x360/Products/07062024_1717759996088_1717760017515_8718452756186_596.png",
    "available": true,
    "promoUntil": null
  },
  {
    "id": "428592PAK",
    "title": "Taksi Sinaasappel 10 x 0,2 L",
    "category": "Frisdrank en sappen",
    "price": 2.96,
    "promoPrice": null,
    "pricePerUnit": "1.48 l",
    "image": "https://www.jumbo.com/dam-images/fit-in/360x360/Products/18012025_1737169573744_1737169594868_428592_PAK_08720157464877_C1N1.png",
    "available": true,
    "promoUntil": null
  },
  {
    "id": "641204KGR",
    "title": "Jumbo Schwarzwalder Schinken ca. 95 g",
    "category": "Vleeswaren, kaas en tapas",
    "price": 3.0,
    "promoPrice": null,
    "pricePerUnit": "31.58 kg",
    "image": "https://www.jumbo.com/dam-images/fit-in/360x360/Products/04072025_1751617997857_1751618006379_2349036000000_1.png",
    "available": true,
    "promoUntil": null
  },
  {
    "id": "578028ZK",
    "title": "Jumbo Ongezouten Kingsize Pinda's 350 g",
    "category": "Koek, snoep, chocolade en chips",
    "price": 2.99,
    "promoPrice": null,
    "pricePerUnit": "8.54 kg",
    "image": "https://www.jumbo.com/dam-images/fit-in/360x360/Products/14022024_1707873742230_1707873750929_8718452742035_1.png",
    "available": true,
    "promoUntil": null
  },
  {
    "id": "368837DSL",
    "title": "Faiano - Primitivo - Biologisch - 6 x 750 ML - zonder doos",
    "category": "Bier en wijn",
    "price": 41.94,
    "promoPrice": null,
    "pricePerUnit": "9.32 l",
    "image": "https://www.jumbo.com/dam-images/fit-in/360x360/Products/368837DSL-1692278442045.png",
    "available": true,
    "promoUntil": null
  },
  {
    "id": "609213FLS",
    "title": "Spa FRUIT Bruisende Fruitige Frisdrank Citron 1,25L",
    "category": "Frisdrank en sappen",
    "price": 2.45,
    "promoPrice": null,
    "pricePerUnit": "1.96 l",
    "image": "https://www.jumbo.com/dam-images/fit-in/360x360/Products/22082025_1755869628569_1755869631350_5410013802273_1.png",
    "available": true,
    "promoUntil": null
  },
  {
    "id": "681826ZK",
    "title": "M&M'S Crispy chocolade snoepjes maxi 340g",
    "category": "Koek, snoep, chocolade en chips",
    "price": 6.29,
    "promoPrice": null,
    "pricePerUnit": "18.5 kg",
    "image": "https://www.jumbo.com/dam-images/fit-in/360x360/Products/04072025_1751597745372_1751597752856_681826_ZK_05000159561808_H1N1.png",
    "available": true,
    "promoUntil": null
  },
  {
    "id": "535669PAK",
    "title": "Hertog Jan - 0.0% Alcoholvrij - Blik - 6 x 330ML",
    "category": "Bier en wijn",
    "price": 5.99,
    "promoPrice": null,
    "pricePerUnit": "3.03 l",
    "image": "https://www.jumbo.com/dam-images/fit-in/360x360/Products/08725000660161H1N1b1b865f2-7a10-483e-a835-4f50f5ee96d6-1712751363707.png",
    "available": true,
    "promoUntil": null
  },
  {
    "id": "478574DS",
    "title": "Dr. Oetker Ristorante Pizza Diavola 350 g",
    "category": "Diepvries",
    "price": 3.89,
    "promoPrice": null,
    "pricePerUnit": "11.11 kg",
    "image": "https://www.jumbo.com/dam-images/fit-in/360x360/Products/17042025_1744853145327_1744853154039_478574_DS_04001724039594_C1N1_s04.png",
    "available": true,
    "promoUntil": null
  },
  {
    "id": "575439DS",
    "title": "Jumbo Vershoudzakken 1 L 40 Stuks",
    "category": "Huishouden en dieren",
    "price": 1.89,
    "promoPrice": null,
    "pricePerUnit": "0.05 pieces",
    "image": "https://www.jumbo.com/dam-images/fit-in/360x360/Products/09082023_1691595445219_1691595448837_8718452726547_1.png",
    "available": true,
    "promoUntil": null
  },
  {
    "id": "580157FLS",
    "title": "Karvan Cévitam Zero Grenadine Siroop 600 ml",
    "category": "Frisdrank en sappen",
    "price": 4.29,
    "promoPrice": null,
    "pricePerUnit": "7.15 l",
    "image": "https://www.jumbo.com/dam-images/fit-in/360x360/Products/19062025_1750295216485_1750295223271_580157_FLS_08710395948697_H1N1.png",
    "available": true,
    "promoUntil": null
  },
  {
    "id": "532120KGR",
    "title": "Jumbo Goudse Kaas 48+ Extra Belegen ca. 420 g",
    "category": "Vleeswaren, kaas en tapas",
    "price": 7.52,
    "promoPrice": null,
    "pricePerUnit": "17.9 kg",
    "image": "https://www.jumbo.com/dam-images/fit-in/360x360/Products/532120_2335946000000_1_T1_532120KGR1691138364536.png",
    "available": true,
    "promoUntil": null
  },
  {
    "id": "702322DS",
    "title": "Jumbo Platte Peterselie 40 g",
    "category": "Aardappelen, groente en fruit",
    "price": 1.39,
    "promoPrice": null,
    "pricePerUnit": "34.75 kg",
    "image": "https://www.jumbo.com/dam-images/fit-in/360x360/Products/09072024_1720517726738_1720517738058_8718452796410_1.png",
    "available": true,
    "promoUntil": null
  },
  {
    "id": "471187STK",
    "title": "Jumbo Kattenbakvulling Grof Klontvormend 10 L",
    "category": "Huishouden en dieren",
    "price": 4.69,
    "promoPrice": null,
    "pricePerUnit": "0.47 l",
    "image": "https://www.jumbo.com/dam-images/fit-in/360x360/Products/16072024_1721144059492_1721144064249_8718452549160_1.png",
    "available": true,
    "promoUntil": null
  },
  {
    "id": "183622ZK",
    "title": "Jumbo Tortellini Kaas 250 g",
    "category": "Wereldkeukens, kruiden, pasta en rijst",
    "price": 1.69,
    "promoPrice": null,
    "pricePerUnit": "6.76 kg",
    "image": "https://www.jumbo.com/dam-images/fit-in/360x360/Products/09092025_1757421312040_1757421317566_8718452206964_1.png",
    "available": true,
    "promoUntil": null
  },
  {
    "id": "665620KGR",
    "title": "Jumbo Figuurworst ca. 115 g",
    "category": "Vleeswaren, kaas en tapas",
    "price": 2.0,
    "promoPrice": null,
    "pricePerUnit": "17.39 kg",
    "image": "https://www.jumbo.com/dam-images/fit-in/360x360/Products/15012025_1736955187232_1736955191152_2368976000000_1.png",
    "available": true,
    "promoUntil": null
  },
  {
    "id": "566777FLS",
    "title": "Zuiverende douchegel Sanex Zero% voor alle huidtypes {400ml}",
    "category": "Drogisterij en baby",
    "price": 5.55,
    "promoPrice": null,
    "pricePerUnit": "13.88 l",
    "image": "https://www.jumbo.com/dam-images/fit-in/360x360/Products/27062024_1719453445960_1719453449215_566777_FLS_08718951573024_C1N1.png",
    "available": true,
    "promoUntil": null
  },
  {
    "id": "218814NET",
    "title": "Jumbo Banaansjalotjes 400 g",
    "category": "Aardappelen, groente en fruit",
    "price": 1.99,
    "promoPrice": null,
    "pricePerUnit": "4.98 kg",
    "image": "https://www.jumbo.com/dam-images/fit-in/360x360/Products/09082023_1691589637443_1691589673274_8718452343331_1.png",
    "available": true,
    "promoUntil": null
  },
  {
    "id": "681275TRA",
    "title": "Jumbo Vegetarische Cordon Bleu Gevuld 2 Stuks",
    "category": "Vlees, vis en vega",
    "price": 2.5,
    "promoPrice": null,
    "pricePerUnit": "12.5 kg",
    "image": "https://www.jumbo.com/dam-images/fit-in/360x360/Products/06032025_1741249973379_1741249983294_8718452705627_1.png",
    "available": true,
    "promoUntil": null
  },
  {
    "id": "705246ZK",
    "title": "Jumbo - Tostibrood Volkoren - Half",
    "category": "Brood en gebak",
    "price": 1.12,
    "promoPrice": null,
    "pricePerUnit": "2.8 kg",
    "image": "https://www.jumbo.com/dam-images/fit-in/360x360/Products/22042024_1713800059472_1713800068683_8718452798988_1.png",
    "available": true,
    "promoUntil": null
  },
  {
    "id": "155334ZK",
    "title": "Fortuin English Peppermint 450 g",
    "category": "Koek, snoep, chocolade en chips",
    "price": 2.29,
    "promoPrice": null,
    "pricePerUnit": "5.09 kg",
    "image": "https://www.jumbo.com/dam-images/fit-in/360x360/Products/09082023_1691585357788_1691585364964_8710559304550_1.png",
    "available": true,
    "promoUntil": null
  },
  {
    "id": "572905ZK",
    "title": "Jumbo Pistachenoten Ongezouten 200 g",
    "category": "Koek, snoep, chocolade en chips",
    "price": 2.65,
    "promoPrice": null,
    "pricePerUnit": "13.25 kg",
    "image": "https://www.jumbo.com/dam-images/fit-in/360x360/Products/14022024_1707872954544_1707872960669_8718452723720_1.png",
    "available": true,
    "promoUntil": null
  },
  {
    "id": "367991FLS",
    "title": "San Benedetto Natuurlijk Mineraalwater 1L",
    "category": "Frisdrank en sappen",
    "price": 1.31,
    "promoPrice": null,
    "pricePerUnit": "1.31 l",
    "image": "https://www.jumbo.com/dam-images/fit-in/360x360/Products/09082023_1691587307231_1691587319661_8001620003299_1.png",
    "available": true,
    "promoUntil": null
  },
  {
    "id": "678234DS",
    "title": "Gillette Mach3 Base 5 Navulmesjes Voor Mannen",
    "category": "Drogisterij en baby",
    "price": 20.99,
    "promoPrice": null,
    "pricePerUnit": "4.2 pieces",
    "image": "https://www.jumbo.com/dam-images/fit-in/360x360/Products/06022025_1738870394372_1738870400018_8700216504454_1.png",
    "available": true,
    "promoUntil": null
  },
  {
    "id": "626918DS",
    "title": "Honig Maaltijdpakket Oosterse Wraps 357g",
    "category": "Wereldkeukens, kruiden, pasta en rijst",
    "price": 4.49,
    "promoPrice": null,
    "pricePerUnit": "12.58 kg",
    "image": "https://www.jumbo.com/dam-images/fit-in/360x360/Products/18072025_1752800891196_1752800895269_626918_DS_08715700126968_C1N1.png",
    "available": true,
    "promoUntil": null
  },
  {
    "id": "226785KML",
    "title": "Jumbo Kibbeling 6 x 300 g",
    "category": "Diepvries",
    "price": 15.18,
    "promoPrice": null,
    "pricePerUnit": "8.43 kg",
    "image": "https://www.jumbo.com/dam-images/fit-in/360x360/Products/8718452358045a04ee520-1691-4d81-ae49-a646c1136098-1757325392038.png",
    "available": true,
    "promoUntil": null
  },
  {
    "id": "691105BAK",
    "title": "Jumbo Saté Kip 160 g",
    "category": "Diepvries",
    "price": 1.49,
    "promoPrice": null,
    "pricePerUnit": "9.31 kg",
    "image": "https://www.jumbo.com/dam-images/fit-in/360x360/Products/25042025_1745580812386_1745580827027_8718452894673_596.png",
    "available": true,
    "promoUntil": null
  },
  {
    "id": "407164KRT",
    "title": "Jumbo - Stevig Volkoren Zonnepit - Knapperig en Vers",
    "category": "Brood en gebak",
    "price": 2.89,
    "promoPrice": null,
    "pricePerUnit": "0.0 pieces",
    "image": "https://www.jumbo.com/dam-images/fit-in/360x360/Products/18092023_1695048271561_1695048293040_8718452532919_9.png",
    "available": true,
    "promoUntil": null
  },
  {
    "id": "824585FLS",
    "title": "Gallo - Merlot - 750 ML",
    "category": "Bier en wijn",
    "price": 6.99,
    "promoPrice": null,
    "pricePerUnit": "9.32 l",
    "image": "https://www.jumbo.com/dam-images/fit-in/360x360/Products/12122024_1734014462190_1734014464420_85000009840_1.png",
    "available": true,
    "promoUntil": null
  },
  {
    "id": "497837DS",
    "title": "Dr. Oetker Bistro classique baguette salami 2 x 125 g",
    "category": "Diepvries",
    "price": 2.29,
    "promoPrice": null,
    "pricePerUnit": "9.16 kg",
    "image": "https://www.jumbo.com/dam-images/fit-in/360x360/Products/17042025_1744860751326_1744860759035_497837_DS_04001724037996_C1N1_s02.png",
    "available": true,
    "promoUntil": null
  },
  {
    "id": "620975FLS",
    "title": "Ambi Pur  Luchtverfrisser Spray Lenor Ochtend Dauw",
    "category": "Huishouden en dieren",
    "price": 4.49,
    "promoPrice": null,
    "pricePerUnit": "24.27 l",
    "image": "https://www.jumbo.com/dam-images/fit-in/360x360/Products/15082025_1755216055707_1755216063421_8700216267205_1.png",
    "available": true,
    "promoUntil": null
  },
  {
    "id": "203461FLS",
    "title": "Hugo - Rosé Vlierbloesem & Lime Smaak - 750ML",
    "category": "Bier en wijn",
    "price": 2.55,
    "promoPrice": null,
    "pricePerUnit": "3.4 l",
    "image": "https://www.jumbo.com/dam-images/fit-in/360x360/Products/09082023_1691586111855_1691586115491_4003301080616_1.png",
    "available": true,
    "promoUntil": null
  },
  {
    "id": "619521ZK",
    "title": "Edet Superior 2 Stuks",
    "category": "Huishouden en dieren",
    "price": 3.69,
    "promoPrice": null,
    "pricePerUnit": "1.85 pieces",
    "image": "https://www.jumbo.com/dam-images/fit-in/360x360/Products/20062025_1750384921852_1750384926874_619521_ZK_.png",
    "available": true,
    "promoUntil": null
  },
  {
    "id": "582491STK",
    "title": "Jumbo Toiletblok Floral 2 x 48 g",
    "category": "Huishouden en dieren",
    "price": 2.49,
    "promoPrice": null,
    "pricePerUnit": "1.25 pieces",
    "image": "https://www.jumbo.com/dam-images/fit-in/360x360/Products/12122024_1734014724577_1734014730653_8718452694495_1.png",
    "available": true,
    "promoUntil": null
  },
  {
    "id": "641017KGR",
    "title": "Jumbo Beenham Flinterdun ca. 100 g",
    "category": "Vleeswaren, kaas en tapas",
    "price": 2.9,
    "promoPrice": null,
    "pricePerUnit": "29.0 kg",
    "image": "https://www.jumbo.com/dam-images/fit-in/360x360/Products/04072025_1751617977284_1751617982621_2336097000000_1.png",
    "available": true,
    "promoUntil": null
  },
  {
    "id": "82170BAK",
    "title": "Johma Oudekaas Salade 175 g",
    "category": "Vleeswaren, kaas en tapas",
    "price": 3.45,
    "promoPrice": null,
    "pricePerUnit": "19.71 kg",
    "image": "https://www.jumbo.com/dam-images/fit-in/360x360/Products/10082025_1754788481753_1754788493469_82170_BAK_08710506038101_C1N1.png",
    "available": true,
    "promoUntil": null
  },
  {
    "id": "538301PAK",
    "title": "Bavaria - 0.0% Alcoholvrij - Blik Voordeelpack - 7+1 - 8 x 330ML",
    "category": "Bier en wijn",
    "price": 5.81,
    "promoPrice": null,
    "pricePerUnit": "2.2 l",
    "image": "https://www.jumbo.com/dam-images/fit-in/360x360/Products/05082024_1722816019978_1722816026466_8714800047159_1.png",
    "available": true,
    "promoUntil": null
  },
  {
    "id": "270366ZK",
    "title": "11er Elfer Rösti - Aardappelen Fijn Gesneden 450 g",
    "category": "Diepvries",
    "price": 3.19,
    "promoPrice": null,
    "pricePerUnit": "6.38 kg",
    "image": "https://www.jumbo.com/dam-images/fit-in/360x360/Products/20082024_1724122835801_1724122862405_270366_ZK_09001442225991_C1N1.png",
    "available": true,
    "promoUntil": null
  },
  {
    "id": "553409FLS",
    "title": "Lipton Ice Tea Peach 500 ml",
    "category": "Frisdrank en sappen",
    "price": 1.99,
    "promoPrice": null,
    "pricePerUnit": "3.98 l",
    "image": "https://www.jumbo.com/dam-images/fit-in/360x360/Products/22022025_1740193445009_1740193473001_553409_FLS_08711327579057_H1N1.png",
    "available": true,
    "promoUntil": null
  },
  {
    "id": "674776TRA",
    "title": "Beyond Hack Original Plantaardig Gehakt 250 g",
    "category": "Vlees, vis en vega",
    "price": 4.49,
    "promoPrice": null,
    "pricePerUnit": "17.96 kg",
    "image": "https://www.jumbo.com/dam-images/fit-in/360x360/Products/31012025_1738293894390_1738293899426_674776_TRA_01230000116350_C1N1.png",
    "available": true,
    "promoUntil": null
  },
  {
    "id": "208723BAK",
    "title": "Jumbo Mihoen Goreng 260 g",
    "category": "Wereldkeukens, kruiden, pasta en rijst",
    "price": 2.99,
    "promoPrice": null,
    "pricePerUnit": "11.5 kg",
    "image": "https://www.jumbo.com/dam-images/fit-in/360x360/Products/29092023_1695996346038_1695996351520_8718452674558_1.png",
    "available": true,
    "promoUntil": null
  },
  {
    "id": "447389FLS",
    "title": "Jumbo Appel Afwasmiddel 500 ml",
    "category": "Huishouden en dieren",
    "price": 0.74,
    "promoPrice": null,
    "pricePerUnit": "1.48 l",
    "image": "https://www.jumbo.com/dam-images/fit-in/360x360/Products/09082023_1691596486478_1691596493561_8718452564880_1.png",
    "available": true,
    "promoUntil": null
  },
  {
    "id": "543426DSL",
    "title": "Jumbo Cola Cherry Zero Sugar 24 x 330 ml",
    "category": "Frisdrank en sappen",
    "price": 13.16,
    "promoPrice": null,
    "pricePerUnit": "1.66 l",
    "image": "https://www.jumbo.com/dam-images/fit-in/360x360/Products/543426_8718452639885_1_T1_203832DSL1691076534984.png",
    "available": true,
    "promoUntil": null
  },
  {
    "id": "417783PAK",
    "title": "Appelsientje Sinaasappelsap Extra Vruchtvlees 1L",
    "category": "Frisdrank en sappen",
    "price": 3.99,
    "promoPrice": null,
    "pricePerUnit": "3.99 l",
    "image": "https://www.jumbo.com/dam-images/fit-in/360x360/Products/19062025_1750332792805_1750332798419_8720157464297_1.png",
    "available": true,
    "promoUntil": null
  },
  {
    "id": "580155FLS",
    "title": "Karvan Cévitam Zero Kers Siroop 600 ml",
    "category": "Frisdrank en sappen",
    "price": 4.29,
    "promoPrice": null,
    "pricePerUnit": "7.15 l",
    "image": "https://www.jumbo.com/dam-images/fit-in/360x360/Products/23082024_1724375717968_1724375724166_580155_FLS_08710395948673_H1N1.png",
    "available": true,
    "promoUntil": null
  },
  {
    "id": "576385STK",
    "title": "Jumbo - Kornbollen - 4 Stuks",
    "category": "Brood en gebak",
    "price": 1.99,
    "promoPrice": null,
    "pricePerUnit": "7.65 kg",
    "image": "https://www.jumbo.com/dam-images/fit-in/360x360/Products/07052025_1746603227681_1746603232306_8718452891276_1.png",
    "available": true,
    "promoUntil": null
  },
  {
    "id": "498555KGR",
    "title": "Beemster Extra Belegen Kaas 48+ Plakken ca. 220 g",
    "category": "Vleeswaren, kaas en tapas",
    "price": 5.26,
    "promoPrice": null,
    "pricePerUnit": "23.9 kg",
    "image": "https://www.jumbo.com/dam-images/fit-in/360x360/Products/10052024_1715351655912_1715351664877_2353098000000_1.png",
    "available": true,
    "promoUntil": null
  },
  {
    "id": "542840BUS",
    "title": "Glade Relaxing Zen 300 ml",
    "category": "Huishouden en dieren",
    "price": 2.29,
    "promoPrice": null,
    "pricePerUnit": "7.63 l",
    "image": "https://www.jumbo.com/dam-images/fit-in/360x360/Products/20092025_1758336373026_1758336376880_542840_BUS_05000204286991_C1N1.png",
    "available": true,
    "promoUntil": null
  },
  {
    "id": "203643STK",
    "title": "Jumbo Dip Tzatziki 150 g",
    "category": "Vleeswaren, kaas en tapas",
    "price": 2.39,
    "promoPrice": null,
    "pricePerUnit": "15.93 kg",
    "image": "https://www.jumbo.com/dam-images/fit-in/360x360/Products/22122023_1703262905093_1703262916945_8718452757336_1.png",
    "available": true,
    "promoUntil": null
  },
  {
    "id": "300161STK",
    "title": "Jumbo - Grof Volkoren - Half",
    "category": "Brood en gebak",
    "price": 0.88,
    "promoPrice": null,
    "pricePerUnit": "0.88 kg",
    "image": "https://www.jumbo.com/dam-images/fit-in/360x360/Products/22042024_1713800058705_1713800076325_8718452670529_1.png",
    "available": true,
    "promoUntil": null
  },
  {
    "id": "305706STK",
    "title": "Jumbo Bossche Bol 2 Stuks",
    "category": "Brood en gebak",
    "price": 4.49,
    "promoPrice": null,
    "pricePerUnit": "2.25 pieces",
    "image": "https://www.jumbo.com/dam-images/fit-in/360x360/Products/07072025_1751887994311_1751888002276_8718452730773_9.png",
    "available": true,
    "promoUntil": null
  },
  {
    "id": "33029FLS",
    "title": "Siebrand - Rosé de Fruits - 1L",
    "category": "Bier en wijn",
    "price": 3.99,
    "promoPrice": null,
    "pricePerUnit": "3.99 l",
    "image": "https://www.jumbo.com/dam-images/fit-in/360x360/Products/09082023_1691586110685_1691586114299_8710102014608_1.png",
    "available": true,
    "promoUntil": null
  },
  {
    "id": "208880STK",
    "title": "LiGA Evergreen Koekjes Appel 6 x 2 Stuks 250g",
    "category": "Koek, snoep, chocolade en chips",
    "price": 2.75,
    "promoPrice": null,
    "pricePerUnit": "11.0 kg",
    "image": "https://www.jumbo.com/dam-images/fit-in/360x360/Products/05082025_1754400784093_1754400793292_7622210410948_596.png",
    "available": true,
    "promoUntil": null
  },
  {
    "id": "656719KGR",
    "title": "Wapenaer Goudse Kaas 48+ Belegen Plakken ca. 200 g",
    "category": "Vleeswaren, kaas en tapas",
    "price": 3.8,
    "promoPrice": null,
    "pricePerUnit": "18.99 kg",
    "image": "https://www.jumbo.com/dam-images/fit-in/360x360/Products/11112024_1731339258812_1731339265103_2336144000000_1.png",
    "available": true,
    "promoUntil": null
  },
  {
    "id": "94632BAK",
    "title": "Johma Surimi-Krab Salade 175 g",
    "category": "Vleeswaren, kaas en tapas",
    "price": 3.45,
    "promoPrice": null,
    "pricePerUnit": "19.71 kg",
    "image": "https://www.jumbo.com/dam-images/fit-in/360x360/Products/08062025_1749346918903_1749346933396_94632_BAK_08710506039061_H1N1_v01.png",
    "available": true,
    "promoUntil": null
  },
  {
    "id": "440112STK",
    "title": "Ocean Spray Cranberry laag in Suiker 1 L",
    "category": "Frisdrank en sappen",
    "price": 2.49,
    "promoPrice": null,
    "pricePerUnit": "2.49 l",
    "image": "https://www.jumbo.com/dam-images/fit-in/360x360/Products/07082025_1754532711878_1754532715963_440112_STK_00031200457011_C1N1.png",
    "available": true,
    "promoUntil": null
  },
  {
    "id": "545855PAK",
    "title": "Verkade Originals San Francisco Naturel Brosse Biscuits 230 g",
    "category": "Koek, snoep, chocolade en chips",
    "price": 1.87,
    "promoPrice": null,
    "pricePerUnit": "8.13 kg",
    "image": "https://www.jumbo.com/dam-images/fit-in/360x360/Products/17092025_1758073173846_1758073175762_545855_PAK_08710412042612_H1N1.png",
    "available": true,
    "promoUntil": null
  },
  {
    "id": "275034STK",
    "title": "Glassex Glas & Multi-Gebruik 750 ml",
    "category": "Huishouden en dieren",
    "price": 3.29,
    "promoPrice": null,
    "pricePerUnit": "4.39 l",
    "image": "https://www.jumbo.com/dam-images/fit-in/360x360/Products/12062025_1749694043507_1749694055914_275034_STK_05410036302989_C1N1.png",
    "available": true,
    "promoUntil": null
  },
  {
    "id": "432258PKL",
    "title": "FuzeTea Green Tea Mango Chamomile 12 x 400 ml",
    "category": "Frisdrank en sappen",
    "price": 16.65,
    "promoPrice": null,
    "pricePerUnit": "3.47 l",
    "image": "https://www.jumbo.com/dam-images/fit-in/360x360/Products/2230304-1694432631233.png",
    "available": true,
    "promoUntil": null
  },
  {
    "id": "505995DS",
    "title": "Dextro Energy Fast Direct Lemon + Vitamin C 3 x 47 g",
    "category": "Koek, snoep, chocolade en chips",
    "price": 2.25,
    "promoPrice": null,
    "pricePerUnit": "15.96 kg",
    "image": "https://www.jumbo.com/dam-images/fit-in/360x360/Products/07122024_1733540865145_1733540890199_505995_DS_04046802271428_C1N1.png",
    "available": true,
    "promoUntil": null
  },
  {
    "id": "490163PAK",
    "title": "Jumbo - Volkoren Meergranenbollen - 2 Stuks",
    "category": "Brood en gebak",
    "price": 1.31,
    "promoPrice": null,
    "pricePerUnit": "6.55 kg",
    "image": "https://www.jumbo.com/dam-images/fit-in/360x360/Products/09082023_1691591403356_1691591405741_8718452652181_1.png",
    "available": true,
    "promoUntil": null
  },
  {
    "id": "479001CUP",
    "title": "Johma Frisse Tonijnsalade 175 g",
    "category": "Vleeswaren, kaas en tapas",
    "price": 3.15,
    "promoPrice": null,
    "pricePerUnit": "18.0 kg",
    "image": "https://www.jumbo.com/dam-images/fit-in/360x360/Products/16052025_1747366120114_1747366130850_479001_CUP_08710506084788_H1N1.png",
    "available": true,
    "promoUntil": null
  },
  {
    "id": "695615DSL",
    "title": "Robijn Advanced Quickwash Vloeibaar Wasmiddel Sunset Bloom 8 x 22 wasbeurten",
    "category": "Huishouden en dieren",
    "price": 151.52,
    "promoPrice": 75.76,
    "pricePerUnit": "0.86 wb",
    "image": "https://www.jumbo.com/dam-images/fit-in/360x360/Products/21082025_1755768843417_1755768847302_8720181715686_1.png",
    "available": true,
    "promoUntil": "di 7 okt"
  },
  {
    "id": "557554KGR",
    "title": "Jumbo Zonvarken Hamlappen 2 Stuks",
    "category": "Vlees, vis en vega",
    "price": 3.1,
    "promoPrice": null,
    "pricePerUnit": "10.35 kg",
    "image": "https://www.jumbo.com/dam-images/fit-in/360x360/Products/14022024_1707872892828_1707872908294_2336009000000_1.png",
    "available": true,
    "promoUntil": null
  },
  {
    "id": "637945FLS",
    "title": "Pérez Barquero - Montiole Medium - 750ML",
    "category": "Bier en wijn",
    "price": 4.99,
    "promoPrice": null,
    "pricePerUnit": "6.65 l",
    "image": "https://www.jumbo.com/dam-images/fit-in/360x360/Products/01082024_1722522799790_1722522803933_8410006041631_1.png",
    "available": true,
    "promoUntil": null
  },
  {
    "id": "608278ZK",
    "title": "Jumbo Spaghetti met Ei 500 g",
    "category": "Wereldkeukens, kruiden, pasta en rijst",
    "price": 1.39,
    "promoPrice": null,
    "pricePerUnit": "2.78 kg",
    "image": "https://www.jumbo.com/dam-images/fit-in/360x360/Products/28022025_1740749586835_1740749591424_8718452794942_1.png",
    "available": true,
    "promoUntil": null
  },
  {
    "id": "382546STK",
    "title": "Jumbo Stokbrood Knoflookboter 175 g",
    "category": "Brood en gebak",
    "price": 1.39,
    "promoPrice": null,
    "pricePerUnit": "7.94 kg",
    "image": "https://www.jumbo.com/dam-images/fit-in/360x360/Products/14022024_1707873914056_1707873918453_8718452470808_1.png",
    "available": true,
    "promoUntil": null
  },
  {
    "id": "545143PAK",
    "title": "Jumbo Sparkling Ice Tea 6 x 250ML",
    "category": "Frisdrank en sappen",
    "price": 2.99,
    "promoPrice": null,
    "pricePerUnit": "1.99 l",
    "image": "https://www.jumbo.com/dam-images/fit-in/360x360/Products/18022025_1739886326564_1739886342450_8718452660636_596.png",
    "available": true,
    "promoUntil": null
  },
  {
    "id": "562791BAK",
    "title": "Jumbo Spaghetti Courgette 400 g",
    "category": "Aardappelen, groente en fruit",
    "price": 2.49,
    "promoPrice": null,
    "pricePerUnit": "6.23 kg",
    "image": "https://www.jumbo.com/dam-images/fit-in/360x360/Products/05062024_1717601667760_1717601676810_8718452795321_1.png",
    "available": true,
    "promoUntil": null
  },
  {
    "id": "570373ZK",
    "title": "Jumbo Popcorn Zoet 175 g",
    "category": "Koek, snoep, chocolade en chips",
    "price": 0.87,
    "promoPrice": null,
    "pricePerUnit": "4.97 kg",
    "image": "https://www.jumbo.com/dam-images/fit-in/360x360/Products/26032025_1743017569768_1743017578235_8718452731817_1.png",
    "available": true,
    "promoUntil": null
  },
  {
    "id": "398352ZK",
    "title": "Jumbo Chips Bolognese 250 g",
    "category": "Koek, snoep, chocolade en chips",
    "price": 1.35,
    "promoPrice": null,
    "pricePerUnit": "5.4 kg",
    "image": "https://www.jumbo.com/dam-images/fit-in/360x360/Products/22072025_1753191236518_1753191252198_8718452908844_596.png",
    "available": true,
    "promoUntil": null
  },
  {
    "id": "536738BLK",
    "title": "Grolsch Herfstbok 500ML",
    "category": "Bier en wijn",
    "price": 2.25,
    "promoPrice": null,
    "pricePerUnit": "4.5 l",
    "image": "https://www.jumbo.com/dam-images/fit-in/360x360/Products/13092025_1757729597787_1757729612418_536738_BLK_08716700018840_H1N1.png",
    "available": true,
    "promoUntil": null
  },
  {
    "id": "568639ZK",
    "title": "Van Melle Droptoffees 225 g",
    "category": "Koek, snoep, chocolade en chips",
    "price": 2.08,
    "promoPrice": null,
    "pricePerUnit": "9.24 kg",
    "image": "https://www.jumbo.com/dam-images/fit-in/360x360/Products/07072025_1751902619850_1751902624705_8723400797425_1.png",
    "available": true,
    "promoUntil": null
  },
  {
    "id": "664572ZK",
    "title": "Red Band Original Mix Zacht Zoet Drop Voordeelverpakking 355 g",
    "category": "Koek, snoep, chocolade en chips",
    "price": 3.45,
    "promoPrice": null,
    "pricePerUnit": "9.72 kg",
    "image": "https://www.jumbo.com/dam-images/fit-in/360x360/Products/01022025_1738378836369_1738378847011_664572_ZK_08713800256059_H1N1.png",
    "available": true,
    "promoUntil": null
  },
  {
    "id": "489264DS",
    "title": "Jumbo Oven Bamischijven 4 stuks",
    "category": "Diepvries",
    "price": 2.39,
    "promoPrice": null,
    "pricePerUnit": "7.47 kg",
    "image": "https://www.jumbo.com/dam-images/fit-in/360x360/Products/06022024_1707237251647_1707237278429_8718452767083_596.png",
    "available": true,
    "promoUntil": null
  },
  {
    "id": "436630DS",
    "title": "Jumbo Witte Snelkookrijst 400 g",
    "category": "Wereldkeukens, kruiden, pasta en rijst",
    "price": 0.87,
    "promoPrice": null,
    "pricePerUnit": "2.18 kg",
    "image": "https://www.jumbo.com/dam-images/fit-in/360x360/Products/19022025_1739968367736_1739968382497_8718452548538_596.png",
    "available": true,
    "promoUntil": null
  },
  {
    "id": "608975PAK",
    "title": "Appelsientje FruitDrink Rode Druif 1 L",
    "category": "Frisdrank en sappen",
    "price": 1.99,
    "promoPrice": null,
    "pricePerUnit": "1.99 l",
    "image": "https://www.jumbo.com/dam-images/fit-in/360x360/Products/16092025_1758033290856_1758033296319_8720157401100_1.png",
    "available": true,
    "promoUntil": null
  },
  {
    "id": "180701BUS",
    "title": "Air Wick Pure Luchtverfrisser Spray - Zachtheid van Katoen - 250 ml - Luchtverfrisser",
    "category": "Huishouden en dieren",
    "price": 4.19,
    "promoPrice": null,
    "pricePerUnit": "16.76 l",
    "image": "https://www.jumbo.com/dam-images/fit-in/360x360/Products/22112023_1700622196371_1700622201195_180701_BUS_03059943023161_C1N1.png",
    "available": true,
    "promoUntil": null
  },
  {
    "id": "449005DSL",
    "title": "Neleman - Garnacha - Biologisch 6 x 750 ml",
    "category": "Bier en wijn",
    "price": 38.94,
    "promoPrice": null,
    "pricePerUnit": "8.65 l",
    "image": "https://www.jumbo.com/dam-images/fit-in/360x360/Products/449005DSL-1692278490769.png",
    "available": true,
    "promoUntil": null
  },
  {
    "id": "498763DS",
    "title": "Sun Machinereiniger Out-Wash 3 doses",
    "category": "Huishouden en dieren",
    "price": 4.99,
    "promoPrice": null,
    "pricePerUnit": "41.58 kg",
    "image": "https://www.jumbo.com/dam-images/fit-in/360x360/Products/24092025_1758680006739_1758680034219_498763_DS_08720181257629_H1N1.png",
    "available": true,
    "promoUntil": null
  },
  {
    "id": "361368POT",
    "title": "Hak Rode Kool met Stukjes Appel 355 g",
    "category": "Aardappelen, groente en fruit",
    "price": 2.35,
    "promoPrice": null,
    "pricePerUnit": "6.62 kg",
    "image": "https://www.jumbo.com/dam-images/fit-in/360x360/Products/26042025_1745637712980_1745637714733_361368_POT_08720600619724_A1N1.png",
    "available": true,
    "promoUntil": null
  },
  {
    "id": "705589FLS",
    "title": "Ajax Allesreiniger Eucalyptus 1000 ML",
    "category": "Huishouden en dieren",
    "price": 3.19,
    "promoPrice": null,
    "pricePerUnit": "3.19 l",
    "image": "https://www.jumbo.com/dam-images/fit-in/360x360/Products/18062025_1750246770652_1750246775508_705589_FLS_08718951709676_C1N1.png",
    "available": true,
    "promoUntil": null
  },
  {
    "id": "162120STK",
    "title": "Verkade Originals Maria Brosse Biscuits 200 g",
    "category": "Koek, snoep, chocolade en chips",
    "price": 1.74,
    "promoPrice": null,
    "pricePerUnit": "8.7 kg",
    "image": "https://www.jumbo.com/dam-images/fit-in/360x360/Products/04012025_1735958246788_1735958252957_162120_STK_08710412973619_H1N1.png",
    "available": true,
    "promoUntil": null
  },
  {
    "id": "647586BLK",
    "title": "Mutti Polpa di Pomodoro 790g",
    "category": "Wereldkeukens, kruiden, pasta en rijst",
    "price": 2.96,
    "promoPrice": null,
    "pricePerUnit": "3.75 kg",
    "image": "https://www.jumbo.com/dam-images/fit-in/360x360/Products/27082024_1724740924027_1724740939624_647586_BLK_08005110080005_C1N1.png",
    "available": true,
    "promoUntil": null
  },
  {
    "id": "434140PAK",
    "title": "Leffe - Bruin 0.0% Alcoholvrij Belgisch Abdijbier - Fles - 6 x 330ML",
    "category": "Bier en wijn",
    "price": 7.49,
    "promoPrice": 5.61,
    "pricePerUnit": "2.83 l",
    "image": "https://www.jumbo.com/dam-images/fit-in/360x360/Products/05410228275398H1N16a6816b5-2577-46c6-909b-50f531b24db4-1713367092135.png",
    "available": true,
    "promoUntil": "di 30 sep"
  },
  {
    "id": "547896DS",
    "title": "Gourmet Gold Malse Lekkernijen Kattenvoer nat met Kip, Zalm, Rund en Zeevis",
    "category": "Huishouden en dieren",
    "price": 7.63,
    "promoPrice": null,
    "pricePerUnit": "7.48 kg",
    "image": "https://www.jumbo.com/dam-images/fit-in/360x360/Products/23092025_1758594650600_1758594706906_547896_DS_08445290505330_C1N1_s02.png",
    "available": true,
    "promoUntil": null
  },
  {
    "id": "632696ZK",
    "title": "Jumbo Nasi/Bami Groente 250 g",
    "category": "Aardappelen, groente en fruit",
    "price": 1.59,
    "promoPrice": null,
    "pricePerUnit": "6.36 kg",
    "image": "https://www.jumbo.com/dam-images/fit-in/360x360/Products/17022025_1739820939622_1739820949753_8718452818327_1.png",
    "available": true,
    "promoUntil": null
  },
  {
    "id": "686010BAK",
    "title": "Jumbo Maaltijdsalade Gerookte Zalm 450 g",
    "category": "Verse maaltijden en gemak",
    "price": 5.0,
    "promoPrice": null,
    "pricePerUnit": "11.11 kg",
    "image": "https://www.jumbo.com/dam-images/fit-in/360x360/Products/13032025_1741865566959_1741865576171_8718452902347_1.png",
    "available": true,
    "promoUntil": null
  },
  {
    "id": "348757POT",
    "title": "Jumbo Pesto Groen 2 x 90 g",
    "category": "Wereldkeukens, kruiden, pasta en rijst",
    "price": 1.81,
    "promoPrice": null,
    "pricePerUnit": "10.06 kg",
    "image": "https://www.jumbo.com/dam-images/fit-in/360x360/Products/09092025_1757421313571_1757421322449_8718452443833_1.png",
    "available": true,
    "promoUntil": null
  },
  {
    "id": "608730STK",
    "title": "Jumbo Kaas Grillworst 200 g",
    "category": "Vleeswaren, kaas en tapas",
    "price": 2.69,
    "promoPrice": null,
    "pricePerUnit": "13.45 kg",
    "image": "https://www.jumbo.com/dam-images/fit-in/360x360/Products/21022025_1740151973175_1740151978385_8718452874217_1.png",
    "available": true,
    "promoUntil": null
  },
  {
    "id": "623766CUP",
    "title": "Jumbo Dip Guacamole 125 g",
    "category": "Vleeswaren, kaas en tapas",
    "price": 2.29,
    "promoPrice": null,
    "pricePerUnit": "18.32 kg",
    "image": "https://www.jumbo.com/dam-images/fit-in/360x360/Products/31072024_1722436574801_1722436581554_8718452845453_1.png",
    "available": true,
    "promoUntil": null
  },
  {
    "id": "583716ZK",
    "title": "Jumbo Biologisch Gesneden Rode Kool 300g",
    "category": "Aardappelen, groente en fruit",
    "price": 2.29,
    "promoPrice": null,
    "pricePerUnit": "7.63 kg",
    "image": "https://www.jumbo.com/dam-images/fit-in/360x360/Products/05062024_1717601667792_1717601676566_8718452829026_1.png",
    "available": true,
    "promoUntil": null
  },
  {
    "id": "35858STK",
    "title": "Galbani Mozzarella Maxi 200 g",
    "category": "Vleeswaren, kaas en tapas",
    "price": 2.96,
    "promoPrice": null,
    "pricePerUnit": "14.8 kg",
    "image": "https://www.jumbo.com/dam-images/fit-in/360x360/Products/14022025_1739539156748_1739539162120_8000430135060_1.png",
    "available": true,
    "promoUntil": null
  },
  {
    "id": "528657DS",
    "title": "Honig Maaltijdmix voor Macaroni en Spaghetti Dubbelpak 2 x 41 g",
    "category": "Wereldkeukens, kruiden, pasta en rijst",
    "price": 3.59,
    "promoPrice": null,
    "pricePerUnit": "43.78 kg",
    "image": "https://www.jumbo.com/dam-images/fit-in/360x360/Products/18072025_1752805832929_1752805840162_528657_DS_08714700170490_C1N1.png",
    "available": true,
    "promoUntil": null
  },
  {
    "id": "513762TRA",
    "title": "Garden Gourmet Griekse Rondo",
    "category": "Vlees, vis en vega",
    "price": 3.99,
    "promoPrice": null,
    "pricePerUnit": "22.17 kg",
    "image": "https://www.jumbo.com/dam-images/fit-in/360x360/Products/30012025_1738236770234_1738236805670_7613039676202_596.png",
    "available": true,
    "promoUntil": null
  },
  {
    "id": "626392KGR",
    "title": "Jumbo Goudse Kaas 48+ Jong ca. 402 g",
    "category": "Vleeswaren, kaas en tapas",
    "price": 6.38,
    "promoPrice": null,
    "pricePerUnit": "14.5 kg",
    "image": "https://www.jumbo.com/dam-images/fit-in/360x360/Products/12122024_1734014642979_1734014648642_2335944000000_1.png",
    "available": true,
    "promoUntil": null
  },
  {
    "id": "79447FLS",
    "title": "Barton & Guestier - Réserve - Merlot - 750 ML",
    "category": "Bier en wijn",
    "price": 5.99,
    "promoPrice": null,
    "pricePerUnit": "7.99 l",
    "image": "https://www.jumbo.com/dam-images/fit-in/360x360/Products/09082023_1691586971031_1691586975092_3035138005693_1.png",
    "available": true,
    "promoUntil": null
  },
  {
    "id": "536535PAK",
    "title": "Grolsch - 0.0% Alcoholvrij - Blik - 6 x 330ML",
    "category": "Bier en wijn",
    "price": 5.49,
    "promoPrice": null,
    "pricePerUnit": "2.77 l",
    "image": "https://www.jumbo.com/dam-images/fit-in/360x360/Products/08716700018949H1N132af5f14-7d93-4fd0-8270-e94d05f53b1b-1758092155294.png",
    "available": true,
    "promoUntil": null
  },
  {
    "id": "519397CUP",
    "title": "Kips Vega Filet Americain 125 g",
    "category": "Vleeswaren, kaas en tapas",
    "price": 2.27,
    "promoPrice": null,
    "pricePerUnit": "18.16 kg",
    "image": "https://www.jumbo.com/dam-images/fit-in/360x360/Products/26052025_1748229402468_1748229411677_519397_CUP_08710991003806_C1N1.png",
    "available": true,
    "promoUntil": null
  },
  {
    "id": "450825CUP",
    "title": "Jumbo Bolletjes Fuet 65 g",
    "category": "Vleeswaren, kaas en tapas",
    "price": 2.39,
    "promoPrice": null,
    "pricePerUnit": "36.77 kg",
    "image": "https://www.jumbo.com/dam-images/fit-in/360x360/Products/14022024_1707873857562_1707873869143_8718452767861_1.png",
    "available": true,
    "promoUntil": null
  },
  {
    "id": "612237DS",
    "title": "Mexicano Classic voor in de Frituur 4x90g",
    "category": "Diepvries",
    "price": 3.34,
    "promoPrice": null,
    "pricePerUnit": "9.28 kg",
    "image": "https://www.jumbo.com/dam-images/fit-in/360x360/Products/24032024_1711247576511_1711247581145_612237_DS_08710555153046_A1N1.png",
    "available": true,
    "promoUntil": null
  },
  {
    "id": "35137PAK",
    "title": "Le Rustique Camembert 250 g",
    "category": "Vleeswaren, kaas en tapas",
    "price": 4.65,
    "promoPrice": null,
    "pricePerUnit": "18.6 kg",
    "image": "https://www.jumbo.com/dam-images/fit-in/360x360/Products/22052025_1747875975664_1747875989318_35137_PAK_03153126826003_C1N1_s24.png",
    "available": true,
    "promoUntil": null
  },
  {
    "id": "57668FLS",
    "title": "WKD - Alcoholic Mix Blue Original - 700ML",
    "category": "Bier en wijn",
    "price": 4.09,
    "promoPrice": null,
    "pricePerUnit": "5.84 l",
    "image": "https://www.jumbo.com/dam-images/fit-in/360x360/Products/10082023_1691677658752_1691677662532_5024993729729_1.png",
    "available": true,
    "promoUntil": null
  },
  {
    "id": "669930DSL",
    "title": "Lenor Geurbooster 6 x 155 g",
    "category": "Huishouden en dieren",
    "price": 47.94,
    "promoPrice": 33.55,
    "pricePerUnit": "51.55 kg",
    "image": "https://www.jumbo.com/dam-images/fit-in/360x360/Products/8700216634731ef703f14-eef1-4312-81e7-fbd02a94ed70-1743403057799.png",
    "available": true,
    "promoUntil": "di 7 okt"
  },
  {
    "id": "542981PAK",
    "title": "Whiskas Kattenvoer 7+ - Classic Selectie in saus - maaltijdzakjes 12x85g",
    "category": "Huishouden en dieren",
    "price": 5.72,
    "promoPrice": null,
    "pricePerUnit": "0.48 pieces",
    "image": "https://www.jumbo.com/dam-images/fit-in/360x360/Products/08082024_1723120458617_1723120477954_3065890155336_596.png",
    "available": true,
    "promoUntil": null
  },
  {
    "id": "681493KGR",
    "title": "Jumbo Makreelfilet Peper 250g",
    "category": "Vlees, vis en vega",
    "price": 4.99,
    "promoPrice": null,
    "pricePerUnit": "19.95 kg",
    "image": "https://www.jumbo.com/dam-images/fit-in/360x360/Products/18092023_1695049716312_1695049724996_2346698000000_1.png",
    "available": true,
    "promoUntil": null
  },
  {
    "id": "676200STK",
    "title": "Jumbo Pistachetaart",
    "category": "Brood en gebak",
    "price": 8.99,
    "promoPrice": null,
    "pricePerUnit": "8.99 pieces",
    "image": "https://www.jumbo.com/dam-images/fit-in/360x360/Products/8718452912261T9816efafe-8f83-4e06-8508-571441a64990-1745998121044.png",
    "available": true,
    "promoUntil": null
  },
  {
    "id": "59998ZK",
    "title": "Duyvis Gezouten Pinda Noten 370 g",
    "category": "Koek, snoep, chocolade en chips",
    "price": 3.19,
    "promoPrice": null,
    "pricePerUnit": "8.62 kg",
    "image": "https://www.jumbo.com/dam-images/fit-in/360x360/Products/08042025_1744077420799_1744077432823_59998_ZK_08710398016270_C1N1.png",
    "available": true,
    "promoUntil": null
  },
  {
    "id": "312088DS",
    "title": "Jumbo Kaassticks 10 Stuks",
    "category": "Diepvries",
    "price": 4.03,
    "promoPrice": null,
    "pricePerUnit": "26.87 kg",
    "image": "https://www.jumbo.com/dam-images/fit-in/360x360/Products/26052025_1748277172045_1748277192450_8718452894291_596.png",
    "available": true,
    "promoUntil": null
  },
  {
    "id": "439491ZK",
    "title": "Knorr Maaltijdmix Macaroni 61 g",
    "category": "Wereldkeukens, kruiden, pasta en rijst",
    "price": 1.69,
    "promoPrice": null,
    "pricePerUnit": "27.7 kg",
    "image": "https://www.jumbo.com/dam-images/fit-in/360x360/Products/07092023_1694098221364_1694098229008_8710522979495_1.png",
    "available": true,
    "promoUntil": null
  },
  {
    "id": "459398FLS",
    "title": "O2 Life Redfruitcranberry 750 ml",
    "category": "Frisdrank en sappen",
    "price": 1.85,
    "promoPrice": null,
    "pricePerUnit": "2.47 l",
    "image": "https://www.jumbo.com/dam-images/fit-in/360x360/Products/28072025_1753706036994_1753706043667_8718104461116_1.png",
    "available": true,
    "promoUntil": null
  },
  {
    "id": "700849ZK",
    "title": "Chio Heartbreakers Classic 125g",
    "category": "Koek, snoep, chocolade en chips",
    "price": 1.99,
    "promoPrice": null,
    "pricePerUnit": "15.92 kg",
    "image": "https://www.jumbo.com/dam-images/fit-in/360x360/Products/08710532446673H1N1R98d526f7-07c3-47c2-911c-a79f35d08736-1752143607988.png",
    "available": true,
    "promoUntil": null
  },
  {
    "id": "575505RP",
    "title": "Jumbo Vers Pizzadeeg Rol 400 g",
    "category": "Wereldkeukens, kruiden, pasta en rijst",
    "price": 1.95,
    "promoPrice": null,
    "pricePerUnit": "4.88 kg",
    "image": "https://www.jumbo.com/dam-images/fit-in/360x360/Products/14022024_1707873560611_1707873572601_8718452749683_596.png",
    "available": true,
    "promoUntil": null
  },
  {
    "id": "237554STK",
    "title": "Galbani Mascarpone 500 g",
    "category": "Vleeswaren, kaas en tapas",
    "price": 6.92,
    "promoPrice": null,
    "pricePerUnit": "13.84 kg",
    "image": "https://www.jumbo.com/dam-images/fit-in/360x360/Products/20112023_1700491021903_1700491033954_8000430171013_1.png",
    "available": true,
    "promoUntil": null
  },
  {
    "id": "170441DS",
    "title": "Jumbo Brokjes in Saus Duo Smaken  12 x 100 g",
    "category": "Huishouden en dieren",
    "price": 3.99,
    "promoPrice": null,
    "pricePerUnit": "3.32 kg",
    "image": "https://www.jumbo.com/dam-images/fit-in/360x360/Products/15052024_1715790912410_1715790935176_8718452746422_596.png",
    "available": true,
    "promoUntil": null
  },
  {
    "id": "143916TUB",
    "title": "Steradent Reiniger Triple Action Plus Tabletten 30 Stuks",
    "category": "Drogisterij en baby",
    "price": 2.49,
    "promoPrice": null,
    "pricePerUnit": "0.08 pieces",
    "image": "https://www.jumbo.com/dam-images/fit-in/360x360/Products/24112023_1700793133009_1700793135150_143916_TUB_03059946316376_C1N1.png",
    "available": true,
    "promoUntil": null
  },
  {
    "id": "521807DS",
    "title": "Honig Maaltijdmix voor Bami Speciaal 37 g",
    "category": "Wereldkeukens, kruiden, pasta en rijst",
    "price": 1.99,
    "promoPrice": null,
    "pricePerUnit": "55.28 kg",
    "image": "https://www.jumbo.com/dam-images/fit-in/360x360/Products/28082025_1756346169267_1756346177074_521807_DS_08714700170254_C1N1.png",
    "available": true,
    "promoUntil": null
  },
  {
    "id": "262257KRT",
    "title": "Bavaria - Pils - Krat - 24 x 300ML",
    "category": "Bier en wijn",
    "price": 17.39,
    "promoPrice": null,
    "pricePerUnit": "2.42 l",
    "image": "https://www.jumbo.com/dam-images/fit-in/360x360/Products/08714800037761H1N15977bdf3-35bb-4473-94d4-4c1caf085d0b-1719317193151.png",
    "available": true,
    "promoUntil": null
  },
  {
    "id": "508221ZK",
    "title": "Page Toiletpapier Sensitive Voordeelpak 16 Rollen",
    "category": "Huishouden en dieren",
    "price": 17.19,
    "promoPrice": null,
    "pricePerUnit": "1.07 pieces",
    "image": "https://www.jumbo.com/dam-images/fit-in/360x360/Products/18092025_1758162506923_1758162515316_508221_ZK_05029053573953_H1N1.png",
    "available": true,
    "promoUntil": null
  },
  {
    "id": "656333STK",
    "title": "Jumbo Pepperoni 140g",
    "category": "Vleeswaren, kaas en tapas",
    "price": 2.79,
    "promoPrice": null,
    "pricePerUnit": "19.93 kg",
    "image": "https://www.jumbo.com/dam-images/fit-in/360x360/Products/13112024_1731515620245_1731515628964_8718452862481_1.png",
    "available": true,
    "promoUntil": null
  },
  {
    "id": "669465DS",
    "title": "Texels Skuumkoppe 0.0% Alcoholvrij Blik 4x330 ml",
    "category": "Bier en wijn",
    "price": 6.65,
    "promoPrice": null,
    "pricePerUnit": "5.04 l",
    "image": "https://www.jumbo.com/dam-images/fit-in/360x360/Products/09042025_1744212808415_1744212819236_8712000062163_1.png",
    "available": true,
    "promoUntil": null
  },
  {
    "id": "522974CUP",
    "title": "Jumbo Kip Walnoot Salade 200 g",
    "category": "Vleeswaren, kaas en tapas",
    "price": 2.79,
    "promoPrice": null,
    "pricePerUnit": "13.95 kg",
    "image": "https://www.jumbo.com/dam-images/fit-in/360x360/Products/11122023_1702297984293_1702297989606_8718452665440_1.png",
    "available": true,
    "promoUntil": null
  },
  {
    "id": "498381PAK",
    "title": "DubbelFrisss Witte Druiven - Citroen 1,5L",
    "category": "Frisdrank en sappen",
    "price": 2.69,
    "promoPrice": null,
    "pricePerUnit": "1.79 l",
    "image": "https://www.jumbo.com/dam-images/fit-in/360x360/Products/26052025_1748277172344_1748277176171_8720157467496_1.png",
    "available": true,
    "promoUntil": null
  },
  {
    "id": "208312FLS",
    "title": "Trentham Estate - Pinot Grigio - 750 ML",
    "category": "Bier en wijn",
    "price": 8.99,
    "promoPrice": null,
    "pricePerUnit": "11.99 l",
    "image": "https://www.jumbo.com/dam-images/fit-in/360x360/Products/18092023_1695041450160_1695041454343_9316071132009_1.png",
    "available": true,
    "promoUntil": null
  },
  {
    "id": "352268CUP",
    "title": "Ben & Jerry's IJs Chunky Monkey 465 ml",
    "category": "Diepvries",
    "price": 7.79,
    "promoPrice": null,
    "pricePerUnit": "16.75 l",
    "image": "https://www.jumbo.com/dam-images/fit-in/360x360/Products/17092025_1758071900730_1758071963045_352268_CUP_08711327372955_H1N1.png",
    "available": true,
    "promoUntil": null
  },
  {
    "id": "656697KGR",
    "title": "Wapenaer Goudse Kaas Jong Belegen met Komijn 48+ Plakken ca. 200 g",
    "category": "Vleeswaren, kaas en tapas",
    "price": 3.8,
    "promoPrice": null,
    "pricePerUnit": "18.99 kg",
    "image": "https://www.jumbo.com/dam-images/fit-in/360x360/Products/23122024_1734960858001_1734960863426_2336140000000_1.png",
    "available": true,
    "promoUntil": null
  },
  {
    "id": "622475POT",
    "title": "Vanish Oxi Action Whitening Booster Poeder - Vlekverwijderaar Voor Witte Was - 470 g",
    "category": "Huishouden en dieren",
    "price": 8.99,
    "promoPrice": null,
    "pricePerUnit": "19.13 kg",
    "image": "https://www.jumbo.com/dam-images/fit-in/360x360/Products/12082025_1754963770396_1754963781995_622475_POT_03665468700816_C1N1.png",
    "available": true,
    "promoUntil": null
  },
  {
    "id": "589790FLS",
    "title": "Jumbo Tonic Classic 1 L",
    "category": "Frisdrank en sappen",
    "price": 1.19,
    "promoPrice": null,
    "pricePerUnit": "1.19 l",
    "image": "https://www.jumbo.com/dam-images/fit-in/360x360/Products/20062024_1718894209992_1718894213988_8718452771189_1.png",
    "available": true,
    "promoUntil": null
  },
  {
    "id": "667627KGR",
    "title": "Jumbo Pittige Grillworst ca. 130 g",
    "category": "Vleeswaren, kaas en tapas",
    "price": 2.79,
    "promoPrice": null,
    "pricePerUnit": "21.5 kg",
    "image": "https://www.jumbo.com/dam-images/fit-in/360x360/Products/14022025_1739539735221_1739539748084_2369689000000_1.png",
    "available": true,
    "promoUntil": null
  },
  {
    "id": "444372DSL",
    "title": "Robijn Klein&Krachtig Collections Vloeibaar Wasmiddel Color Paradise Secret 19 Wasbeurten x 6 Stuks",
    "category": "Huishouden en dieren",
    "price": 110.34,
    "promoPrice": 55.17,
    "pricePerUnit": "0.97 wb",
    "image": "https://www.jumbo.com/dam-images/fit-in/360x360/Products/12122024_1734014924719_1734014936692_8720181099311_1.png",
    "available": true,
    "promoUntil": "di 7 okt"
  },
  {
    "id": "645753KGR",
    "title": "Jumbo Grillgehakt Ui ca. 130 g",
    "category": "Vleeswaren, kaas en tapas",
    "price": 3.24,
    "promoPrice": null,
    "pricePerUnit": "24.9 kg",
    "image": "https://www.jumbo.com/dam-images/fit-in/360x360/Products/12122024_1734014602340_1734014610247_2378344000000_1.png",
    "available": true,
    "promoUntil": null
  },
  {
    "id": "656956KGR",
    "title": "Jumbo Slagers Leverworst ca. 115 g",
    "category": "Vleeswaren, kaas en tapas",
    "price": 2.0,
    "promoPrice": null,
    "pricePerUnit": "17.39 kg",
    "image": "https://www.jumbo.com/dam-images/fit-in/360x360/Products/09092025_1757421322011_1757421337951_2335634000000_1.png",
    "available": true,
    "promoUntil": null
  },
  {
    "id": "657050KGR",
    "title": "Jumbo Leverworst ca. 100 g",
    "category": "Vleeswaren, kaas en tapas",
    "price": 1.5,
    "promoPrice": null,
    "pricePerUnit": "15.0 kg",
    "image": "https://www.jumbo.com/dam-images/fit-in/360x360/Products/09092025_1757421318340_1757421322659_2324159000000_1.png",
    "available": true,
    "promoUntil": null
  },
  {
    "id": "687007ZK",
    "title": "Jumbo Borrelnoten Cocktail 300 g",
    "category": "Koek, snoep, chocolade en chips",
    "price": 1.25,
    "promoPrice": null,
    "pricePerUnit": "4.17 kg",
    "image": "https://www.jumbo.com/dam-images/fit-in/360x360/Products/25042025_1745580812374_1745580828473_8718452895397_596.png",
    "available": true,
    "promoUntil": null
  },
  {
    "id": "683351POT",
    "title": "Ouwehand Sea You Fish Bites Zoetzure Haring 355 g",
    "category": "Vlees, vis en vega",
    "price": 3.19,
    "promoPrice": null,
    "pricePerUnit": "15.95 kg",
    "image": "https://www.jumbo.com/dam-images/fit-in/360x360/Products/05062025_1749115989553_1749116003956_8710407011463_1.png",
    "available": true,
    "promoUntil": null
  },
  {
    "id": "512894FLS",
    "title": "Montaignan - Merlot - 750ML",
    "category": "Bier en wijn",
    "price": 5.99,
    "promoPrice": null,
    "pricePerUnit": "7.99 l",
    "image": "https://www.jumbo.com/dam-images/fit-in/360x360/Products/10082023_1691677609088_1691677612483_3700619324647_1.png",
    "available": true,
    "promoUntil": null
  },
  {
    "id": "631837STK",
    "title": "Jumbo - Boeren Tijgerbrood Volkoren - Half",
    "category": "Brood en gebak",
    "price": 0.68,
    "promoPrice": null,
    "pricePerUnit": "0.68 pieces",
    "image": "https://www.jumbo.com/dam-images/fit-in/360x360/Products/14082024_1723628058247_1723628065883_8718452811649_1.png",
    "available": true,
    "promoUntil": null
  },
  {
    "id": "648148KGR",
    "title": "Jumbo Geitenkaas Jong Belegen 30+ ca. 350 g",
    "category": "Vleeswaren, kaas en tapas",
    "price": 7.31,
    "promoPrice": null,
    "pricePerUnit": "20.9 kg",
    "image": "https://www.jumbo.com/dam-images/fit-in/360x360/Products/09082023_1691592584866_1691592603948_2335974000000_1.png",
    "available": true,
    "promoUntil": null
  },
  {
    "id": "640569STK",
    "title": "Zandvliet Gelderse Kookworst 250 g",
    "category": "Vleeswaren, kaas en tapas",
    "price": 2.27,
    "promoPrice": null,
    "pricePerUnit": "9.08 kg",
    "image": "https://www.jumbo.com/dam-images/fit-in/360x360/Products/22042025_1745335948570_1745335954184_87244250_1.png",
    "available": true,
    "promoUntil": null
  },
  {
    "id": "634987PAK",
    "title": "Jumbo Sinas - Blik - 12 x 150ML",
    "category": "Frisdrank en sappen",
    "price": 3.98,
    "promoPrice": null,
    "pricePerUnit": "2.21 l",
    "image": "https://www.jumbo.com/dam-images/fit-in/360x360/Products/04112024_1730741707191_1730741712422_8718452800544_1.png",
    "available": true,
    "promoUntil": null
  },
  {
    "id": "269932DSL",
    "title": "Jumbo Huiswijn - Soepel - Tempranillo 6 x 1 L",
    "category": "Bier en wijn",
    "price": 28.14,
    "promoPrice": null,
    "pricePerUnit": "4.69 l",
    "image": "https://www.jumbo.com/dam-images/fit-in/360x360/Products/269932DSL-1692283049439.png",
    "available": true,
    "promoUntil": null
  },
  {
    "id": "151702STK",
    "title": "Twix Ijs repen chocolade karamel biscuit 6-pack",
    "category": "Diepvries",
    "price": 4.99,
    "promoPrice": null,
    "pricePerUnit": "24.34 kg",
    "image": "https://www.jumbo.com/dam-images/fit-in/360x360/Products/15052025_1747330434555_1747330438817_5000159484695_1.png",
    "available": true,
    "promoUntil": null
  },
  {
    "id": "133650DS",
    "title": "Beckers Chileno 4 x 80 g",
    "category": "Diepvries",
    "price": 2.49,
    "promoPrice": null,
    "pricePerUnit": "7.78 kg",
    "image": "https://www.jumbo.com/dam-images/fit-in/360x360/Products/20122023_1703044228265_1703044234318_133650_DS_08710555692002_C1N1.png",
    "available": true,
    "promoUntil": null
  },
  {
    "id": "533234TRA",
    "title": "Fernandes Green Punch 4 x 250ml",
    "category": "Frisdrank en sappen",
    "price": 4.2,
    "promoPrice": null,
    "pricePerUnit": "4.2 l",
    "image": "https://www.jumbo.com/dam-images/fit-in/360x360/Products/21022024_1708522628776_1708522639363_8710642037242_1.png",
    "available": true,
    "promoUntil": null
  },
  {
    "id": "576669KGR",
    "title": "Jumbo Komijn Jong Belegen Goudse Kaas 48+ ca. 370 g",
    "category": "Vleeswaren, kaas en tapas",
    "price": 6.41,
    "promoPrice": null,
    "pricePerUnit": "17.29 kg",
    "image": "https://www.jumbo.com/dam-images/fit-in/360x360/Products/14022024_1707873078896_1707873085626_2335940000000_1.png",
    "available": true,
    "promoUntil": null
  },
  {
    "id": "429146FLS",
    "title": "Spa TOUCH Bruisend Blackcurrant 1L",
    "category": "Frisdrank en sappen",
    "price": 1.74,
    "promoPrice": null,
    "pricePerUnit": "1.74 l",
    "image": "https://www.jumbo.com/dam-images/fit-in/360x360/Products/13082025_1755048274695_1755048279893_429146_FLS_05410013154778_H1N1.png",
    "available": true,
    "promoUntil": null
  },
  {
    "id": "405742STK",
    "title": "Swirl Vuilniszakken met Fixeerband 30 liter XL 10 stuks",
    "category": "Huishouden en dieren",
    "price": 3.43,
    "promoPrice": null,
    "pricePerUnit": "0.34 pieces",
    "image": "https://www.jumbo.com/dam-images/fit-in/360x360/Products/20052025_1747722745059_1747722749513_4008871215970_1.png",
    "available": true,
    "promoUntil": null
  },
  {
    "id": "596211ZK",
    "title": "Jumbo Ongebrande Cashewnoten 200 g",
    "category": "Koek, snoep, chocolade en chips",
    "price": 2.49,
    "promoPrice": null,
    "pricePerUnit": "12.45 kg",
    "image": "https://www.jumbo.com/dam-images/fit-in/360x360/Products/26042024_1714145595025_1714145652322_8718452756667_596.png",
    "available": true,
    "promoUntil": null
  },
  {
    "id": "385112DS",
    "title": "Iglo Ping & Klaar Carbonara 400 g",
    "category": "Diepvries",
    "price": 5.99,
    "promoPrice": null,
    "pricePerUnit": "14.98 kg",
    "image": "https://www.jumbo.com/dam-images/fit-in/360x360/Products/15072025_1752544654928_1752544669160_385112_DS_08717774269930_H1N1.png",
    "available": true,
    "promoUntil": null
  },
  {
    "id": "223118BAK",
    "title": "Jumbo Kaas Extra Belegen 48+ Stuk 525 g",
    "category": "Vleeswaren, kaas en tapas",
    "price": 8.55,
    "promoPrice": null,
    "pricePerUnit": "16.29 kg",
    "image": "https://www.jumbo.com/dam-images/fit-in/360x360/Products/21112023_1700580788477_1700580800144_8718452695430_1.png",
    "available": true,
    "promoUntil": null
  },
  {
    "id": "688505FLS",
    "title": "Robijn Klein & Krachtig Wasmiddel Beautiful Mystery 665ML",
    "category": "Huishouden en dieren",
    "price": 18.39,
    "promoPrice": null,
    "pricePerUnit": "0.97 wb",
    "image": "https://www.jumbo.com/dam-images/fit-in/360x360/Products/26032025_1742981023707_1742981077271_688505_FLS_08720181098970_H1N1.png",
    "available": true,
    "promoUntil": null
  },
  {
    "id": "434163FLS",
    "title": "Fanta Pomelo zero sugar 1,5 L",
    "category": "Frisdrank en sappen",
    "price": 2.85,
    "promoPrice": null,
    "pricePerUnit": "1.9 l",
    "image": "https://www.jumbo.com/dam-images/fit-in/360x360/Products/12012024_1705029341152_1705029343682_434163_FLS_05000112646276_C1N1.png",
    "available": true,
    "promoUntil": null
  },
  {
    "id": "548015STK",
    "title": "Jumbo - Kersen Rastervlaai - Half",
    "category": "Brood en gebak",
    "price": 4.99,
    "promoPrice": null,
    "pricePerUnit": "4.99 pieces",
    "image": "https://www.jumbo.com/dam-images/fit-in/360x360/Products/09092025_1757403274712_1757403284364_8718452854257_9.png",
    "available": true,
    "promoUntil": null
  },
  {
    "id": "689594ZK",
    "title": "Jumbo Bieslook 20 g",
    "category": "Aardappelen, groente en fruit",
    "price": 0.95,
    "promoPrice": null,
    "pricePerUnit": "47.5 kg",
    "image": "https://www.jumbo.com/dam-images/fit-in/360x360/Products/12062025_1749742493895_1749742500200_8718452897025_1.png",
    "available": true,
    "promoUntil": null
  },
  {
    "id": "645817PAK",
    "title": "Kinder Bueno White 16 Stuks 312 g",
    "category": "Koek, snoep, chocolade en chips",
    "price": 7.29,
    "promoPrice": null,
    "pricePerUnit": "23.37 kg",
    "image": "https://www.jumbo.com/dam-images/fit-in/360x360/Products/07052025_1746610387186_1746610393370_8000500290507_1.png",
    "available": true,
    "promoUntil": null
  },
  {
    "id": "188369FLS",
    "title": "The Wanted -  Zin - Zinfandel - 750ML",
    "category": "Bier en wijn",
    "price": 7.99,
    "promoPrice": null,
    "pricePerUnit": "10.65 l",
    "image": "https://www.jumbo.com/dam-images/fit-in/360x360/Products/19122023_1703000110630_1703000113397_8052432830184_1.png",
    "available": true,
    "promoUntil": null
  },
  {
    "id": "630280TRA",
    "title": "Kips Borrel Gehaktballetjes 380g",
    "category": "Vleeswaren, kaas en tapas",
    "price": 3.39,
    "promoPrice": null,
    "pricePerUnit": "8.92 kg",
    "image": "https://www.jumbo.com/dam-images/fit-in/360x360/Products/26052025_1748226330100_1748226346702_630280_TRA_08710991002977_C1N1.png",
    "available": true,
    "promoUntil": null
  },
  {
    "id": "449515TRL",
    "title": "Jumbo Brokken in Saus met Kip & Kalkoen 12 x 415 g",
    "category": "Huishouden en dieren",
    "price": 9.48,
    "promoPrice": null,
    "pricePerUnit": "1.9 kg",
    "image": "https://www.jumbo.com/dam-images/fit-in/360x360/Products/449515TRL1524f7a7e-398e-4ab9-aa25-5271456bab60-1715592487553.png",
    "available": true,
    "promoUntil": null
  },
  {
    "id": "642405DS",
    "title": "Jumbo All-in-One Vaatwastabletten Citrus 40 x 17g",
    "category": "Huishouden en dieren",
    "price": 2.99,
    "promoPrice": null,
    "pricePerUnit": "0.07 pieces",
    "image": "https://www.jumbo.com/dam-images/fit-in/360x360/Products/26082024_1724686517534_1724686536478_8718452843206_596.png",
    "available": true,
    "promoUntil": null
  },
  {
    "id": "366648FLS",
    "title": "Bacardí - Mojito Cocktail - 700ML",
    "category": "Bier en wijn",
    "price": 15.95,
    "promoPrice": null,
    "pricePerUnit": "22.79 l",
    "image": "https://www.jumbo.com/dam-images/fit-in/360x360/Products/17122024_1734401450443_1734401453227_366648_FLS_07610113000175_C1N1.png",
    "available": true,
    "promoUntil": null
  },
  {
    "id": "398359ZK",
    "title": "Jumbo Sticks Naturel Chips 150 g",
    "category": "Koek, snoep, chocolade en chips",
    "price": 0.99,
    "promoPrice": null,
    "pricePerUnit": "6.6 kg",
    "image": "https://www.jumbo.com/dam-images/fit-in/360x360/Products/09082023_1691587661715_1691587670350_8718452501786_1.png",
    "available": true,
    "promoUntil": null
  },
  {
    "id": "647273TRA",
    "title": "Garden Gourmet Falafel Spinazie",
    "category": "Vlees, vis en vega",
    "price": 3.89,
    "promoPrice": null,
    "pricePerUnit": "20.47 kg",
    "image": "https://www.jumbo.com/dam-images/fit-in/360x360/Products/30012025_1738236770949_1738236806933_7290109352428_596.png",
    "available": true,
    "promoUntil": null
  },
  {
    "id": "225235STK",
    "title": "Mora Vegetarische Draadjesvleesch Kroketten 4 x 75 g",
    "category": "Diepvries",
    "price": 4.49,
    "promoPrice": null,
    "pricePerUnit": "14.97 kg",
    "image": "https://www.jumbo.com/dam-images/fit-in/360x360/Products/10052025_1746849623150_1746849636526_225235_STK_08710861999659_C1N1.png",
    "available": true,
    "promoUntil": null
  },
  {
    "id": "397726DSL",
    "title": "Dettol Power & Fresh Multi-Reinigingsdoekjes Sprankelende Citroen & Limoen Super Maxi 3 x 110 Stuks",
    "category": "Huishouden en dieren",
    "price": 17.97,
    "promoPrice": null,
    "pricePerUnit": "0.05 pieces",
    "image": "https://www.jumbo.com/dam-images/fit-in/360x360/Products/397726DSL18005ff46-a954-4208-ae9e-4fe466ed459a-1693484436565.png",
    "available": true,
    "promoUntil": null
  },
  {
    "id": "624726ZK",
    "title": "Wilhelmina Verfrissende Pepermunt 200 g",
    "category": "Koek, snoep, chocolade en chips",
    "price": 1.4,
    "promoPrice": null,
    "pricePerUnit": "7.0 kg",
    "image": "https://www.jumbo.com/dam-images/fit-in/360x360/Products/12122024_1734014542133_1734014546055_8710559038110_1.png",
    "available": true,
    "promoUntil": null
  },
  {
    "id": "102498ZK",
    "title": "Grand'Italia Penne Volkoren 500 g",
    "category": "Wereldkeukens, kruiden, pasta en rijst",
    "price": 1.87,
    "promoPrice": null,
    "pricePerUnit": "3.74 kg",
    "image": "https://www.jumbo.com/dam-images/fit-in/360x360/Products/25052024_1716601873854_1716601877213_102498_ZK_08000050831205_H1N1.png",
    "available": true,
    "promoUntil": null
  },
  {
    "id": "170270STK",
    "title": "Santa Maria Taco Kruidenmix Mild 28 g",
    "category": "Wereldkeukens, kruiden, pasta en rijst",
    "price": 0.94,
    "promoPrice": null,
    "pricePerUnit": "33.57 kg",
    "image": "https://www.jumbo.com/dam-images/fit-in/360x360/Products/13092025_1757728194853_1757728214300_170270_STK_.png",
    "available": true,
    "promoUntil": null
  },
  {
    "id": "701858KGR",
    "title": "Jumbo Boeren Schouderham ca. 110g",
    "category": "Vleeswaren, kaas en tapas",
    "price": 2.5,
    "promoPrice": null,
    "pricePerUnit": "22.72 kg",
    "image": "https://www.jumbo.com/dam-images/fit-in/360x360/Products/14022025_1739539374555_1739539379633_2369667000000_1.png",
    "available": true,
    "promoUntil": null
  },
  {
    "id": "484496DS",
    "title": "Jumbo Maaltijdpakket Mexicaanse Nachoschotel 4 Personen",
    "category": "Wereldkeukens, kruiden, pasta en rijst",
    "price": 6.69,
    "promoPrice": null,
    "pricePerUnit": "9.42 kg",
    "image": "https://www.jumbo.com/dam-images/fit-in/360x360/Products/18092025_1758220354506_1758220360953_8718452939565_1.png",
    "available": true,
    "promoUntil": null
  },
  {
    "id": "490315FLS",
    "title": "SPA FRUIT Niet-Bruisende Fruitige Frisdrank Peach Pear 1,25 L",
    "category": "Frisdrank en sappen",
    "price": 2.45,
    "promoPrice": null,
    "pricePerUnit": "1.96 l",
    "image": "https://www.jumbo.com/dam-images/fit-in/360x360/Products/24092025_1758676885351_1758676888942_490315_FLS_05410013813002_C1N1.png",
    "available": true,
    "promoUntil": null
  },
  {
    "id": "667945KGR",
    "title": "La Place Beenham ca. 100 g",
    "category": "Vleeswaren, kaas en tapas",
    "price": 3.46,
    "promoPrice": null,
    "pricePerUnit": "31.5 kg",
    "image": "https://www.jumbo.com/dam-images/fit-in/360x360/Products/07072025_1751887997520_1751888001497_2335956000000_1.png",
    "available": true,
    "promoUntil": null
  },
  {
    "id": "509938ZK",
    "title": "Grand'Italia Tagliatelle all'Uovo 500 g",
    "category": "Wereldkeukens, kruiden, pasta en rijst",
    "price": 3.46,
    "promoPrice": null,
    "pricePerUnit": "6.92 kg",
    "image": "https://www.jumbo.com/dam-images/fit-in/360x360/Products/25052024_1716604703983_1716604714105_509938_ZK_08000050840924_H1N1.png",
    "available": true,
    "promoUntil": null
  },
  {
    "id": "554534ZK",
    "title": "Jumbo Marmer Cakejes met Roomboter 320 g",
    "category": "Koek, snoep, chocolade en chips",
    "price": 1.89,
    "promoPrice": null,
    "pricePerUnit": "5.91 kg",
    "image": "https://www.jumbo.com/dam-images/fit-in/360x360/Products/14022024_1707873027730_1707873037338_8718452692781_1.png",
    "available": true,
    "promoUntil": null
  },
  {
    "id": "620576ZK",
    "title": "Always Discreet Verband Voor Urineverlies",
    "category": "Drogisterij en baby",
    "price": 4.79,
    "promoPrice": null,
    "pricePerUnit": "0.6 pieces",
    "image": "https://www.jumbo.com/dam-images/fit-in/360x360/Products/25082025_1756118062255_1756118066391_8700216252751_1.png",
    "available": true,
    "promoUntil": null
  },
  {
    "id": "170393ZK",
    "title": "Lay's Mama Mia's Paprika Kaas Chips 125 gr",
    "category": "Koek, snoep, chocolade en chips",
    "price": 2.49,
    "promoPrice": null,
    "pricePerUnit": "19.92 kg",
    "image": "https://www.jumbo.com/dam-images/fit-in/360x360/Products/22072025_1753191236268_1753191242686_8710398502292_1.png",
    "available": true,
    "promoUntil": null
  },
  {
    "id": "395724PAK",
    "title": "Jumbo Melkchocolade Pindarotsjes 250 g",
    "category": "Koek, snoep, chocolade en chips",
    "price": 2.49,
    "promoPrice": null,
    "pricePerUnit": "9.96 kg",
    "image": "https://www.jumbo.com/dam-images/fit-in/360x360/Products/09082023_1691587851139_1691587875114_8718452490967_1.png",
    "available": true,
    "promoUntil": null
  },
  {
    "id": "190963STK",
    "title": "Jumbo Biologische Bloemkool 1 Stuk",
    "category": "Aardappelen, groente en fruit",
    "price": 2.49,
    "promoPrice": null,
    "pricePerUnit": "2.49 pieces",
    "image": "https://www.jumbo.com/dam-images/fit-in/360x360/Products/27092023_1695827287677_1695827298540_8718452107490_1.png",
    "available": true,
    "promoUntil": null
  },
  {
    "id": "217446FLS",
    "title": "Klein Vriend - Chenin Blanc - 750ML",
    "category": "Bier en wijn",
    "price": 3.25,
    "promoPrice": null,
    "pricePerUnit": "4.33 l",
    "image": "https://www.jumbo.com/dam-images/fit-in/360x360/Products/09082023_1691589169485_1691589174502_4041584003137_1.png",
    "available": true,
    "promoUntil": null
  },
  {
    "id": "208674ZK",
    "title": "Jumbo's Droge Ham Tortellini 250 g",
    "category": "Wereldkeukens, kruiden, pasta en rijst",
    "price": 2.39,
    "promoPrice": null,
    "pricePerUnit": "9.56 kg",
    "image": "https://www.jumbo.com/dam-images/fit-in/360x360/Products/8718452832521T12093b9f6-ab7a-4957-b0f2-69984c1c4ef3-1727362293720.png",
    "available": true,
    "promoUntil": null
  },
  {
    "id": "329563ZK",
    "title": "Jumbo Frietjes Zoete Aardappel 400 g",
    "category": "Aardappelen, groente en fruit",
    "price": 2.09,
    "promoPrice": null,
    "pricePerUnit": "5.23 kg",
    "image": "https://www.jumbo.com/dam-images/fit-in/360x360/Products/24062024_1719239779182_1719239788345_8718452776498_1.png",
    "available": true,
    "promoUntil": null
  },
  {
    "id": "149526PAK",
    "title": "Aviateur Gevulde Kano's 7 Stuks 325 g",
    "category": "Koek, snoep, chocolade en chips",
    "price": 1.61,
    "promoPrice": null,
    "pricePerUnit": "4.95 kg",
    "image": "https://www.jumbo.com/dam-images/fit-in/360x360/Products/10082023_1691674905159_1691674922992_8713627000279_1.png",
    "available": true,
    "promoUntil": null
  },
  {
    "id": "191361DS",
    "title": "Santa Maria Taco Schelpen 12 Stuks 135 g",
    "category": "Wereldkeukens, kruiden, pasta en rijst",
    "price": 2.08,
    "promoPrice": null,
    "pricePerUnit": "15.41 kg",
    "image": "https://www.jumbo.com/dam-images/fit-in/360x360/Products/13092025_1757726090857_1757726113967_191361_DS_07311312008220_C1N1.png",
    "available": true,
    "promoUntil": null
  },
  {
    "id": "688508FLS",
    "title": "Robijn Klein&Krachtig Collection Zwitsal 665ML",
    "category": "Huishouden en dieren",
    "price": 18.39,
    "promoPrice": null,
    "pricePerUnit": "0.97 wb",
    "image": "https://www.jumbo.com/dam-images/fit-in/360x360/Products/05072025_1751679494937_1751679534891_688508_FLS_08720181098987_C1N1.png",
    "available": true,
    "promoUntil": null
  },
  {
    "id": "134891DSL",
    "title": "Gato Negro - Merlot 6 x 750 ml",
    "category": "Bier en wijn",
    "price": 31.74,
    "promoPrice": null,
    "pricePerUnit": "7.05 l",
    "image": "https://www.jumbo.com/dam-images/fit-in/360x360/Products/134891DSL-1692282887505.png",
    "available": true,
    "promoUntil": null
  },
  {
    "id": "539074PAK",
    "title": "Red Bull Energy Drink Suikervrij Voordeelverpakking - 6 x 250ml",
    "category": "Frisdrank en sappen",
    "price": 9.89,
    "promoPrice": null,
    "pricePerUnit": "6.59 l",
    "image": "https://www.jumbo.com/dam-images/fit-in/360x360/Products/03052024_1714739655100_1714739662830_9002490258962_1.png",
    "available": true,
    "promoUntil": null
  },
  {
    "id": "156761PAK",
    "title": "Jumbo Lik Koekjes Fruit Smaak 200 g",
    "category": "Koek, snoep, chocolade en chips",
    "price": 2.25,
    "promoPrice": null,
    "pricePerUnit": "11.25 kg",
    "image": "https://www.jumbo.com/dam-images/fit-in/360x360/Products/16052025_1747387968798_1747387983575_8718452498482_596.png",
    "available": true,
    "promoUntil": null
  },
  {
    "id": "204142DSL",
    "title": "Grüner Veltliner - 6 x 750 ml",
    "category": "Bier en wijn",
    "price": 26.34,
    "promoPrice": null,
    "pricePerUnit": "5.85 l",
    "image": "https://www.jumbo.com/dam-images/fit-in/360x360/Products/204142DSL-1692281579977.png",
    "available": true,
    "promoUntil": null
  },
  {
    "id": "674664BLK",
    "title": "Monster Energy Blik 500 ml",
    "category": "Frisdrank en sappen",
    "price": 2.29,
    "promoPrice": null,
    "pricePerUnit": "4.58 l",
    "image": "https://www.jumbo.com/dam-images/fit-in/360x360/Products/23012025_1737660808054_1737660810344_5060947543089_1.png",
    "available": true,
    "promoUntil": null
  },
  {
    "id": "450432ZK",
    "title": "Page Compleet Schoon Vochtig Toiletpapier Maxi",
    "category": "Huishouden en dieren",
    "price": 3.39,
    "promoPrice": null,
    "pricePerUnit": "0.05 pieces",
    "image": "https://www.jumbo.com/dam-images/fit-in/360x360/Products/20092025_1758336202059_1758336207951_450432_ZK_05029053578804_C1N1.png",
    "available": true,
    "promoUntil": null
  },
  {
    "id": "192144DS",
    "title": "Iglo Lekkerbekjes Traditioneel Samengesteld uit Stukjes Vis 2 Stuks 240 g",
    "category": "Diepvries",
    "price": 4.5,
    "promoPrice": null,
    "pricePerUnit": "18.75 kg",
    "image": "https://www.jumbo.com/dam-images/fit-in/360x360/Products/01082024_1722523651413_1722523658199_192144_DS_08717774267523_A1N1.png",
    "available": true,
    "promoUntil": null
  },
  {
    "id": "675894DS",
    "title": "Cornetto Mini Classico 6x60ML",
    "category": "Diepvries",
    "price": 3.59,
    "promoPrice": null,
    "pricePerUnit": "9.97 l",
    "image": "https://www.jumbo.com/dam-images/fit-in/360x360/Products/13042025_1744506463829_1744506482493_675894_DS_08711327656444_C1N1.png",
    "available": true,
    "promoUntil": null
  },
  {
    "id": "157067FLS",
    "title": "Jumbo Handzeep Lavendel Navulling 1L",
    "category": "Drogisterij en baby",
    "price": 2.16,
    "promoPrice": null,
    "pricePerUnit": "2.16 l",
    "image": "https://www.jumbo.com/dam-images/fit-in/360x360/Products/10082023_1691677255558_1691677260737_8718452620937_1.png",
    "available": true,
    "promoUntil": null
  },
  {
    "id": "428556FLS",
    "title": "Fanta Exotic zero sugar 1,5 L",
    "category": "Frisdrank en sappen",
    "price": 2.85,
    "promoPrice": null,
    "pricePerUnit": "1.9 l",
    "image": "https://www.jumbo.com/dam-images/fit-in/360x360/Products/14082025_1755138321739_1755138328036_428556_FLS_05000112646252_H1N1.png",
    "available": true,
    "promoUntil": null
  },
  {
    "id": "572649ZK",
    "title": "Jumbo Oriëntaals Borrel Noten 300 g",
    "category": "Koek, snoep, chocolade en chips",
    "price": 1.25,
    "promoPrice": null,
    "pricePerUnit": "4.17 kg",
    "image": "https://www.jumbo.com/dam-images/fit-in/360x360/Products/08052025_1746714770393_1746714791275_8718452723850_596.png",
    "available": true,
    "promoUntil": null
  },
  {
    "id": "184175DS",
    "title": "Dr. Oetker Big Americans Pizza Supreme 455 g",
    "category": "Diepvries",
    "price": 4.99,
    "promoPrice": null,
    "pricePerUnit": "10.97 kg",
    "image": "https://www.jumbo.com/dam-images/fit-in/360x360/Products/17042025_1744858632926_1744858642810_184175_DS_04001724023845_C1N1_s03.png",
    "available": true,
    "promoUntil": null
  },
  {
    "id": "203738ZK",
    "title": "Verstegen Mix voor Stamppot Andijvie 10 g",
    "category": "Wereldkeukens, kruiden, pasta en rijst",
    "price": 1.49,
    "promoPrice": null,
    "pricePerUnit": "149.0 kg",
    "image": "https://www.jumbo.com/dam-images/fit-in/360x360/Products/27092023_1695781423045_1695781425355_203738_ZK_08712200982193_C1N1.png",
    "available": true,
    "promoUntil": null
  },
  {
    "id": "521362ZK",
    "title": "Grand'Italia Mini Fusilli Tradizionali 350 g",
    "category": "Wereldkeukens, kruiden, pasta en rijst",
    "price": 1.87,
    "promoPrice": null,
    "pricePerUnit": "5.34 kg",
    "image": "https://www.jumbo.com/dam-images/fit-in/360x360/Products/08000050138700H1N1dcb5bbd0-ff89-4c48-a141-55b43b252f2a-1721139751692.png",
    "available": true,
    "promoUntil": null
  },
  {
    "id": "538303TRL",
    "title": "Bavaria - Pilsener - Blik - 4 x 6 x 330ML",
    "category": "Bier en wijn",
    "price": 23.96,
    "promoPrice": null,
    "pricePerUnit": "3.03 l",
    "image": "https://www.jumbo.com/dam-images/fit-in/360x360/Products/723347TRL-1692362559488.png",
    "available": true,
    "promoUntil": null
  },
  {
    "id": "211991FLS",
    "title": "Quevedo - Porto Special Reserve Tawny - 750ML",
    "category": "Bier en wijn",
    "price": 12.29,
    "promoPrice": null,
    "pricePerUnit": "16.39 l",
    "image": "https://www.jumbo.com/dam-images/fit-in/360x360/Products/09082023_1691585001902_1691585013608_5605891942061_1.png",
    "available": true,
    "promoUntil": null
  },
  {
    "id": "481314DS",
    "title": "Jumbo Verspakket Pompoensoep 4-6 Personen",
    "category": "Wereldkeukens, kruiden, pasta en rijst",
    "price": 4.59,
    "promoPrice": 2.99,
    "pricePerUnit": "2.72 kg",
    "image": "https://www.jumbo.com/dam-images/fit-in/360x360/Products/09092025_1757421320130_1757421338583_8718452949311_1.png",
    "available": true,
    "promoUntil": "di 30 sep"
  },
  {
    "id": "596938CUP",
    "title": "Jumbo Olijven Knoflook Voordeelverpakking 260 g",
    "category": "Vleeswaren, kaas en tapas",
    "price": 2.99,
    "promoPrice": null,
    "pricePerUnit": "11.5 kg",
    "image": "https://www.jumbo.com/dam-images/fit-in/360x360/Products/06022024_1707237252476_1707237265669_8718452785698_1.png",
    "available": true,
    "promoUntil": null
  },
  {
    "id": "589354PAK",
    "title": "Hertog Jan - Tripel - Fles - 6 x 300ml",
    "category": "Bier en wijn",
    "price": 9.29,
    "promoPrice": null,
    "pricePerUnit": "5.16 l",
    "image": "https://www.jumbo.com/dam-images/fit-in/360x360/Products/08725000656072H1N11956e3120-06c0-4d2c-9bdc-ed4c01a3aa02-1721131995288.png",
    "available": true,
    "promoUntil": null
  },
  {
    "id": "438183FLS",
    "title": "Jumbo - Pinot Grigio - Biologisch - 750 ML",
    "category": "Bier en wijn",
    "price": 4.99,
    "promoPrice": null,
    "pricePerUnit": "6.65 l",
    "image": "https://www.jumbo.com/dam-images/fit-in/360x360/Products/29092023_1695996346960_1695996348864_8718452661404_1.png",
    "available": true,
    "promoUntil": null
  },
  {
    "id": "544535DS",
    "title": "Robijn Classics Wasmiddeldoekjes Stralend Wit 16 wasstrips",
    "category": "Huishouden en dieren",
    "price": 9.99,
    "promoPrice": null,
    "pricePerUnit": "0.62 wb",
    "image": "https://www.jumbo.com/dam-images/fit-in/360x360/Products/20082025_1755656532598_1755656602663_544535_DS_08720181264627_H1N1.png",
    "available": true,
    "promoUntil": null
  },
  {
    "id": "582891PAK",
    "title": "Taksi Jungle Fruit Kiwi, Mango Sinaasappel 1,5 L",
    "category": "Frisdrank en sappen",
    "price": 1.89,
    "promoPrice": null,
    "pricePerUnit": "1.26 l",
    "image": "https://www.jumbo.com/dam-images/fit-in/360x360/Products/20062025_1750411967173_1750411976319_8720157400844_596.png",
    "available": true,
    "promoUntil": null
  },
  {
    "id": "656715STK",
    "title": "Jumbo Goudse Kaas Jong 48+ Voordeelverpakking 570g",
    "category": "Vleeswaren, kaas en tapas",
    "price": 6.0,
    "promoPrice": null,
    "pricePerUnit": "10.53 kg",
    "image": "https://www.jumbo.com/dam-images/fit-in/360x360/Products/12122024_1734014964540_1734014969663_8718452792481_1.png",
    "available": true,
    "promoUntil": null
  },
  {
    "id": "623984FLS",
    "title": "Sourcy Vitaminwater Framboos-Granaatappel 1000ML",
    "category": "Frisdrank en sappen",
    "price": 2.59,
    "promoPrice": null,
    "pricePerUnit": "2.59 l",
    "image": "https://www.jumbo.com/dam-images/fit-in/360x360/Products/23042024_1713836253221_1713836259283_623984_FLS_08715600249293_C1N1.png",
    "available": true,
    "promoUntil": null
  },
  {
    "id": "617416DS",
    "title": "Jumbo Watermeloen Voordeelverpakking 325 g",
    "category": "Aardappelen, groente en fruit",
    "price": 3.5,
    "promoPrice": null,
    "pricePerUnit": "10.77 kg",
    "image": "https://www.jumbo.com/dam-images/fit-in/360x360/Products/07052024_1715099656821_1715099662870_8718452835690_1.png",
    "available": true,
    "promoUntil": null
  },
  {
    "id": "633880CUP",
    "title": "Jumbo Hummus Geroosterde Paprika 200 g",
    "category": "Vleeswaren, kaas en tapas",
    "price": 2.39,
    "promoPrice": null,
    "pricePerUnit": "11.95 kg",
    "image": "https://www.jumbo.com/dam-images/fit-in/360x360/Products/04092024_1725460583905_1725460592826_8718452854462_1.png",
    "available": true,
    "promoUntil": null
  },
  {
    "id": "640568KGR",
    "title": "Jumbo Kipfilet Zongedroogde Tomaat ca. 100 g",
    "category": "Vleeswaren, kaas en tapas",
    "price": 3.5,
    "promoPrice": null,
    "pricePerUnit": "28.0 kg",
    "image": "https://www.jumbo.com/dam-images/fit-in/360x360/Products/13022024_1707842057879_1707842066680_2349010000000_1.png",
    "available": true,
    "promoUntil": null
  },
  {
    "id": "503867ZK",
    "title": "Red Band Pretmix Zacht Snoep 345 g",
    "category": "Koek, snoep, chocolade en chips",
    "price": 2.81,
    "promoPrice": null,
    "pricePerUnit": "8.14 kg",
    "image": "https://www.jumbo.com/dam-images/fit-in/360x360/Products/01022025_1738376004336_1738376013902_503867_ZK_08713800141782_H1N1.png",
    "available": true,
    "promoUntil": null
  },
  {
    "id": "618500BAK",
    "title": "Jumbo Filet Americain met Ui 150 g",
    "category": "Vleeswaren, kaas en tapas",
    "price": 1.99,
    "promoPrice": null,
    "pricePerUnit": "13.27 kg",
    "image": "https://www.jumbo.com/dam-images/fit-in/360x360/Products/07022025_1738956792798_1738956798845_8718452617487_1.png",
    "available": true,
    "promoUntil": null
  },
  {
    "id": "151963PAK",
    "title": "Jumbo Frito Gekruid 350 g",
    "category": "Wereldkeukens, kruiden, pasta en rijst",
    "price": 0.99,
    "promoPrice": null,
    "pricePerUnit": "2.83 kg",
    "image": "https://www.jumbo.com/dam-images/fit-in/360x360/Products/15052025_1747312388999_1747312426468_8718452504602_596.png",
    "available": true,
    "promoUntil": null
  },
  {
    "id": "617391FLS",
    "title": "Jumbo Verse Smoothie Aardbei, Appel & Banaan 750ML",
    "category": "Aardappelen, groente en fruit",
    "price": 3.29,
    "promoPrice": null,
    "pricePerUnit": "4.39 l",
    "image": "https://www.jumbo.com/dam-images/fit-in/360x360/Products/12122024_1734014942097_1734014945732_8718452863686_1.png",
    "available": true,
    "promoUntil": null
  },
  {
    "id": "557339ZK",
    "title": "Jumbo Plantaardige Rasp 200 g",
    "category": "Vleeswaren, kaas en tapas",
    "price": 1.55,
    "promoPrice": null,
    "pricePerUnit": "7.75 kg",
    "image": "https://www.jumbo.com/dam-images/fit-in/360x360/Products/14022024_1707872686174_1707872695318_8718452712519_1.png",
    "available": true,
    "promoUntil": null
  },
  {
    "id": "685551FLS",
    "title": "Coca-Cola Familieverpakking 2 L",
    "category": "Frisdrank en sappen",
    "price": 3.59,
    "promoPrice": null,
    "pricePerUnit": "1.8 l",
    "image": "https://www.jumbo.com/dam-images/fit-in/360x360/Products/10032025_1741635147997_1741635151912_5000112646658_1.png",
    "available": true,
    "promoUntil": null
  },
  {
    "id": "413479ZK",
    "title": "Jumbo Aardappelen Vastkokend 500 g",
    "category": "Aardappelen, groente en fruit",
    "price": 1.19,
    "promoPrice": null,
    "pricePerUnit": "2.38 kg",
    "image": "https://www.jumbo.com/dam-images/fit-in/360x360/Products/18092025_1758191730485_1758191737930_8718452801596_1.png",
    "available": true,
    "promoUntil": null
  },
  {
    "id": "455564TRA",
    "title": "Old Amsterdam Original 48+ Kaas Stuk 400 g",
    "category": "Vleeswaren, kaas en tapas",
    "price": 8.19,
    "promoPrice": null,
    "pricePerUnit": "20.48 kg",
    "image": "https://www.jumbo.com/dam-images/fit-in/360x360/Products/14072025_1752507225679_1752507231659_8710243908439_1.png",
    "available": true,
    "promoUntil": null
  },
  {
    "id": "593502ZK",
    "title": "Jumbo Biologisch Spelt Volkoren Penne 500 g",
    "category": "Wereldkeukens, kruiden, pasta en rijst",
    "price": 2.86,
    "promoPrice": null,
    "pricePerUnit": "5.72 kg",
    "image": "https://www.jumbo.com/dam-images/fit-in/360x360/Products/24112023_1700836390435_1700836405947_8718452776955_1.png",
    "available": true,
    "promoUntil": null
  },
  {
    "id": "618333DS",
    "title": "Jumbo Granaatappelpitjes 90 g",
    "category": "Aardappelen, groente en fruit",
    "price": 2.49,
    "promoPrice": null,
    "pricePerUnit": "27.67 kg",
    "image": "https://www.jumbo.com/dam-images/fit-in/360x360/Products/01052024_1714559649210_1714559658327_8718452835553_1.png",
    "available": true,
    "promoUntil": null
  },
  {
    "id": "564728DS",
    "title": "Magnum Mini IJs Double Caramel 6 stuks 6 x 55ml",
    "category": "Diepvries",
    "price": 6.99,
    "promoPrice": null,
    "pricePerUnit": "21.18 l",
    "image": "https://www.jumbo.com/dam-images/fit-in/360x360/Products/01092025_1756722868277_1756722872620_8711327578517_1.png",
    "available": true,
    "promoUntil": null
  },
  {
    "id": "632286ZK",
    "title": "Jumbo Kruidnoten Uitdeelzakjes 8 Stuks",
    "category": "Koek, snoep, chocolade en chips",
    "price": 2.09,
    "promoPrice": null,
    "pricePerUnit": "5.23 kg",
    "image": "https://www.jumbo.com/dam-images/fit-in/360x360/Products/19062024_1718807626969_1718807640933_8718452832255_596.png",
    "available": true,
    "promoUntil": null
  },
  {
    "id": "526986DS",
    "title": "Iglo Vissticks 8 stuks 8 x 28 g",
    "category": "Diepvries",
    "price": 2.75,
    "promoPrice": null,
    "pricePerUnit": "12.28 kg",
    "image": "https://www.jumbo.com/dam-images/fit-in/360x360/Products/10082023_1691677737563_1691677749401_8720195571629_1.png",
    "available": true,
    "promoUntil": null
  },
  {
    "id": "624844FLS",
    "title": "Dettol Spray Katoen 750 ML",
    "category": "Huishouden en dieren",
    "price": 4.99,
    "promoPrice": null,
    "pricePerUnit": "6.65 l",
    "image": "https://www.jumbo.com/dam-images/fit-in/360x360/Products/05410036311790A1N17d7ec20a-d303-45d0-aef9-f8d1e3e1a8da-1721920674251.png",
    "available": true,
    "promoUntil": null
  },
  {
    "id": "602799CUP",
    "title": "Johma kip-zoetechilisalade 175g",
    "category": "Vleeswaren, kaas en tapas",
    "price": 3.59,
    "promoPrice": null,
    "pricePerUnit": "20.51 kg",
    "image": "https://www.jumbo.com/dam-images/fit-in/360x360/Products/08062025_1749347179159_1749347197969_602799_CUP_08710506089301_H1N1_v01.png",
    "available": true,
    "promoUntil": null
  },
  {
    "id": "475508TRA",
    "title": "Jumbo Antipasto Emiliano 120 g",
    "category": "Vleeswaren, kaas en tapas",
    "price": 4.49,
    "promoPrice": null,
    "pricePerUnit": "37.42 kg",
    "image": "https://www.jumbo.com/dam-images/fit-in/360x360/Products/10082023_1691676435084_1691676455375_8718452623457_1.png",
    "available": true,
    "promoUntil": null
  },
  {
    "id": "447594FLS",
    "title": "Jumbo Extra Zacht Afwasmiddel 500 ml",
    "category": "Huishouden en dieren",
    "price": 0.89,
    "promoPrice": null,
    "pricePerUnit": "1.78 l",
    "image": "https://www.jumbo.com/dam-images/fit-in/360x360/Products/09082023_1691596486608_1691596488247_8718452564873_1.png",
    "available": true,
    "promoUntil": null
  },
  {
    "id": "135610PAK",
    "title": "Jumbo Appelsap Mild 1,5 L",
    "category": "Frisdrank en sappen",
    "price": 2.59,
    "promoPrice": null,
    "pricePerUnit": "1.73 l",
    "image": "https://www.jumbo.com/dam-images/fit-in/360x360/Products/12122024_1734014639810_1734014645899_8718452648887_1.png",
    "available": true,
    "promoUntil": null
  },
  {
    "id": "557604PKL",
    "title": "Fuze Tea Infused Iced Green Tea 12 x 400 ml",
    "category": "Frisdrank en sappen",
    "price": 17.39,
    "promoPrice": null,
    "pricePerUnit": "3.62 l",
    "image": "https://www.jumbo.com/dam-images/fit-in/360x360/Products/12122024_1734014701860_1734014712627_5000112648140_1.png",
    "available": true,
    "promoUntil": null
  },
  {
    "id": "540378PAK",
    "title": "Whiskas 1+ Kattenvoer - Classic selectie in saus - maaltijdzakjes 12x85g",
    "category": "Huishouden en dieren",
    "price": 5.72,
    "promoPrice": null,
    "pricePerUnit": "0.48 pieces",
    "image": "https://www.jumbo.com/dam-images/fit-in/360x360/Products/08082024_1723120458596_1723120472792_3065890153660_596.png",
    "available": true,
    "promoUntil": null
  },
  {
    "id": "72398ZK",
    "title": "Aviko Rösti Rondjes Naturel  ",
    "category": "Diepvries",
    "price": 2.86,
    "promoPrice": null,
    "pricePerUnit": "3.81 kg",
    "image": "https://www.jumbo.com/dam-images/fit-in/360x360/Products/15102024_1728999188349_1728999200620_8710449917341_1.png",
    "available": true,
    "promoUntil": null
  },
  {
    "id": "464304POT",
    "title": "Paturain Verse Roomkaas Knoflook & Fijne Kruiden 90 g",
    "category": "Vleeswaren, kaas en tapas",
    "price": 2.09,
    "promoPrice": null,
    "pricePerUnit": "23.22 kg",
    "image": "https://www.jumbo.com/dam-images/fit-in/360x360/Products/19092025_1758246573816_1758246581609_464304_POT_03272770094702_C1N1_s32.png",
    "available": true,
    "promoUntil": null
  },
  {
    "id": "641963KGR",
    "title": "Jumbo Biologisch Salami ca. 115 g",
    "category": "Vleeswaren, kaas en tapas",
    "price": 2.87,
    "promoPrice": null,
    "pricePerUnit": "25.0 kg",
    "image": "https://www.jumbo.com/dam-images/fit-in/360x360/Products/04072025_1751617998451_1751618013024_2348968000000_596.png",
    "available": true,
    "promoUntil": null
  },
  {
    "id": "576900CUP",
    "title": "Jumbo Gezouten Cashew Notenmix 140 g",
    "category": "Koek, snoep, chocolade en chips",
    "price": 3.91,
    "promoPrice": null,
    "pricePerUnit": "27.93 kg",
    "image": "https://www.jumbo.com/dam-images/fit-in/360x360/Products/14022024_1707873701344_1707873704909_8718452739752_1.png",
    "available": true,
    "promoUntil": null
  },
  {
    "id": "508406PAK",
    "title": "Grolsch - Weizen - 0.0% Alcoholvrij - Fles - 6 x 300ML",
    "category": "Bier en wijn",
    "price": 6.49,
    "promoPrice": null,
    "pricePerUnit": "3.61 l",
    "image": "https://www.jumbo.com/dam-images/fit-in/360x360/Products/08716700017584H1N1cca71f03-c91a-46f3-a55c-b48fc7806e91-1758097053137.png",
    "available": true,
    "promoUntil": null
  },
  {
    "id": "637946FLS",
    "title": "Montiole - Fino Montilla - 750ML",
    "category": "Bier en wijn",
    "price": 4.89,
    "promoPrice": null,
    "pricePerUnit": "6.52 l",
    "image": "https://www.jumbo.com/dam-images/fit-in/360x360/Products/13082024_1723570396365_1723570401022_8410006040634_1.png",
    "available": true,
    "promoUntil": null
  },
  {
    "id": "525030FLS",
    "title": "Offley - Ruby Porto - 750ML",
    "category": "Bier en wijn",
    "price": 8.99,
    "promoPrice": null,
    "pricePerUnit": "11.99 l",
    "image": "https://www.jumbo.com/dam-images/fit-in/360x360/Products/19122024_1734581365555_1734581367509_525030_FLS_05601034000506_C1N1.png",
    "available": true,
    "promoUntil": null
  },
  {
    "id": "516369FLS",
    "title": "Sisi Sinas 0% Suiker Fles 1,5 L",
    "category": "Frisdrank en sappen",
    "price": 2.59,
    "promoPrice": null,
    "pricePerUnit": "1.73 l",
    "image": "https://www.jumbo.com/dam-images/fit-in/360x360/Products/10082023_1691677286087_1691677289099_8715600246315_1.png",
    "available": true,
    "promoUntil": null
  },
  {
    "id": "491933TRA",
    "title": "Jumbo Quiche Prei Pulled Chicken 300 g",
    "category": "Verse maaltijden en gemak",
    "price": 3.89,
    "promoPrice": null,
    "pricePerUnit": "12.97 kg",
    "image": "https://www.jumbo.com/dam-images/fit-in/360x360/Products/31072025_1753972505121_1753972513086_8718452712571_1.png",
    "available": true,
    "promoUntil": null
  },
  {
    "id": "655046DS",
    "title": "Jumbo Wascapsules 3 in 1 Kleur Orchidee 24 Wasbeurten",
    "category": "Huishouden en dieren",
    "price": 6.49,
    "promoPrice": null,
    "pricePerUnit": "0.27 pieces",
    "image": "https://www.jumbo.com/dam-images/fit-in/360x360/Products/30102024_1730306045904_1730306062323_8718452829866_596.png",
    "available": true,
    "promoUntil": null
  },
  {
    "id": "198428FLS",
    "title": "Jumbo Wit 2x Geconcentreerd Vloeibaar Wasmiddel - 28 wasbeurten",
    "category": "Huishouden en dieren",
    "price": 2.91,
    "promoPrice": null,
    "pricePerUnit": "0.1 wb",
    "image": "https://www.jumbo.com/dam-images/fit-in/360x360/Products/03012024_1704290946277_1704290953038_8718452281886_1.png",
    "available": true,
    "promoUntil": null
  },
  {
    "id": "183735FLS",
    "title": "Jumbo Boomgaard Perensap 1 L",
    "category": "Frisdrank en sappen",
    "price": 2.49,
    "promoPrice": null,
    "pricePerUnit": "2.49 l",
    "image": "https://www.jumbo.com/dam-images/fit-in/360x360/Products/29092023_1695995420822_1695995423631_8718452644681_1.png",
    "available": true,
    "promoUntil": null
  },
  {
    "id": "294724FLS",
    "title": "Very Cautious 0% - Gewürztraminer / Riesling - 750ML",
    "category": "Bier en wijn",
    "price": 5.87,
    "promoPrice": null,
    "pricePerUnit": "7.83 l",
    "image": "https://www.jumbo.com/dam-images/fit-in/360x360/Products/21052025_1747841646562_1747841649722_9300752281070_1.png",
    "available": true,
    "promoUntil": null
  },
  {
    "id": "669931FLS",
    "title": "Ariel Vloeibaar Wasmiddel +Uns Color, 20 Wasbeurten",
    "category": "Huishouden en dieren",
    "price": 15.99,
    "promoPrice": null,
    "pricePerUnit": "0.8 wb",
    "image": "https://www.jumbo.com/dam-images/fit-in/360x360/Products/14082025_1755200015956_1755200020246_8700216603430_1.png",
    "available": true,
    "promoUntil": null
  },
  {
    "id": "641043STK",
    "title": "Jumbo Ontvette Ham 125 g",
    "category": "Vleeswaren, kaas en tapas",
    "price": 2.79,
    "promoPrice": null,
    "pricePerUnit": "22.32 kg",
    "image": "https://www.jumbo.com/dam-images/fit-in/360x360/Products/12122024_1734014766053_1734014779025_8718452775361_1.png",
    "available": true,
    "promoUntil": null
  },
  {
    "id": "624633DS",
    "title": "Jumbo Bavarois Aardbei 110 g",
    "category": "Aardappelen, groente en fruit",
    "price": 2.49,
    "promoPrice": null,
    "pricePerUnit": "22.64 kg",
    "image": "https://www.jumbo.com/dam-images/fit-in/360x360/Products/12062024_1718202884816_1718202894152_8718452847037_1.png",
    "available": true,
    "promoUntil": null
  },
  {
    "id": "683278BUS",
    "title": "Dove Deo Spray Dragon Fruit Coconut 150 ML",
    "category": "Drogisterij en baby",
    "price": 6.29,
    "promoPrice": null,
    "pricePerUnit": "41.93 l",
    "image": "https://www.jumbo.com/dam-images/fit-in/360x360/Products/15042025_1744678989392_1744678996875_683278_BUS_08720181565823_C1N1.png",
    "available": true,
    "promoUntil": null
  },
  {
    "id": "582490STK",
    "title": "Jumbo Blauw Water Toiletblok Bleek 2 x 48 g",
    "category": "Huishouden en dieren",
    "price": 2.29,
    "promoPrice": null,
    "pricePerUnit": "1.15 pieces",
    "image": "https://www.jumbo.com/dam-images/fit-in/360x360/Products/12122024_1734014724632_1734014735059_8718452694501_1.png",
    "available": true,
    "promoUntil": null
  },
  {
    "id": "473262BOX",
    "title": "Kleenex Family Zakdoeken 3-Laags Maxi Pack 128 Stuks",
    "category": "Drogisterij en baby",
    "price": 3.19,
    "promoPrice": null,
    "pricePerUnit": "0.02 pieces",
    "image": "https://www.jumbo.com/dam-images/fit-in/360x360/Products/25092024_1727228781220_1727228784587_473262_BOX_05029053579276_C1N1.png",
    "available": true,
    "promoUntil": null
  },
  {
    "id": "385747BAK",
    "title": "Jumbo Zalm Schotel 400 g",
    "category": "Verse maaltijden en gemak",
    "price": 2.99,
    "promoPrice": null,
    "pricePerUnit": "7.48 kg",
    "image": "https://www.jumbo.com/dam-images/fit-in/360x360/Products/12122024_1734014501782_1734014509551_8718452457915_1.png",
    "available": true,
    "promoUntil": null
  },
  {
    "id": "514888ZK",
    "title": "Jumbo Muffins met Vanillesmaak 300 g",
    "category": "Koek, snoep, chocolade en chips",
    "price": 1.82,
    "promoPrice": null,
    "pricePerUnit": "6.07 kg",
    "image": "https://www.jumbo.com/dam-images/fit-in/360x360/Products/09082023_1691586931989_1691586945981_8718452457830_1.png",
    "available": true,
    "promoUntil": null
  },
  {
    "id": "437252STK",
    "title": "Ocean Spray Cranberry Classic 1L",
    "category": "Frisdrank en sappen",
    "price": 2.49,
    "promoPrice": null,
    "pricePerUnit": "2.49 l",
    "image": "https://www.jumbo.com/dam-images/fit-in/360x360/Products/07082025_1754528673640_1754528677267_437252_STK_00031200456991_C1N1.png",
    "available": true,
    "promoUntil": null
  },
  {
    "id": "182225POT",
    "title": "Jumbo Nootmuskaat 40 g",
    "category": "Wereldkeukens, kruiden, pasta en rijst",
    "price": 3.29,
    "promoPrice": null,
    "pricePerUnit": "82.25 kg",
    "image": "https://www.jumbo.com/dam-images/fit-in/360x360/Products/12122024_1734014401473_1734014405852_87337310_1.png",
    "available": true,
    "promoUntil": null
  },
  {
    "id": "380242STK",
    "title": "Jumbo Mini Stol met Amandelspijs 100g",
    "category": "Brood en gebak",
    "price": 0.93,
    "promoPrice": null,
    "pricePerUnit": "9.3 kg",
    "image": "https://www.jumbo.com/dam-images/fit-in/360x360/Products/18092023_1695045724735_1695045731848_8718452097999_1.png",
    "available": true,
    "promoUntil": null
  },
  {
    "id": "542837BUS",
    "title": "Glade Romantic Vanilla Blossom 300 ml",
    "category": "Huishouden en dieren",
    "price": 2.29,
    "promoPrice": null,
    "pricePerUnit": "7.63 l",
    "image": "https://www.jumbo.com/dam-images/fit-in/360x360/Products/20092025_1758336728724_1758336731791_542837_BUS_05000204287028_C1N1.png",
    "available": true,
    "promoUntil": null
  },
  {
    "id": "656689KGR",
    "title": "Wapenaer Goudse Kaas Oud met Komijn 48+ Plakken ca. 200 g",
    "category": "Vleeswaren, kaas en tapas",
    "price": 4.6,
    "promoPrice": null,
    "pricePerUnit": "22.99 kg",
    "image": "https://www.jumbo.com/dam-images/fit-in/360x360/Products/23122024_1734960857754_1734960864228_2336150000000_1.png",
    "available": true,
    "promoUntil": null
  },
  {
    "id": "705883KGR",
    "title": "Jumbo Biologisch Zalm met Huid ca. 120 g",
    "category": "Vlees, vis en vega",
    "price": 3.79,
    "promoPrice": null,
    "pricePerUnit": "31.59 kg",
    "image": "https://www.jumbo.com/dam-images/fit-in/360x360/Products/28072025_1753713236995_1753713241379_2369547000000_1.png",
    "available": true,
    "promoUntil": null
  },
  {
    "id": "625190FLS",
    "title": "Slimpie Kids Siroop Perzik Peerrr Smaak 580 ml",
    "category": "Frisdrank en sappen",
    "price": 3.19,
    "promoPrice": null,
    "pricePerUnit": "5.5 l",
    "image": "https://www.jumbo.com/dam-images/fit-in/360x360/Products/11082025_1754919207709_1754919211538_8719214811433_1.png",
    "available": true,
    "promoUntil": null
  },
  {
    "id": "375217ZK",
    "title": "De Kleine Keuken Biologische Rozijntjes Zonder Sulfiet 12+ Maanden 140 g",
    "category": "Drogisterij en baby",
    "price": 3.37,
    "promoPrice": null,
    "pricePerUnit": "22.47 kg",
    "image": "https://www.jumbo.com/dam-images/fit-in/360x360/Products/24122024_1735036375817_1735036380924_8718734490470_1.png",
    "available": true,
    "promoUntil": null
  },
  {
    "id": "395035ZK",
    "title": "Jumbo Geraspte Kaas Belegen 48+ 175 g",
    "category": "Vleeswaren, kaas en tapas",
    "price": 3.89,
    "promoPrice": null,
    "pricePerUnit": "22.23 kg",
    "image": "https://www.jumbo.com/dam-images/fit-in/360x360/Products/12032025_1741797188140_1741797195372_8718452695270_1.png",
    "available": true,
    "promoUntil": null
  },
  {
    "id": "595964STK",
    "title": "Jumbo Trekbandzakken 30 L Lavendelgeur 15 Stuks",
    "category": "Huishouden en dieren",
    "price": 1.35,
    "promoPrice": null,
    "pricePerUnit": "0.09 pieces",
    "image": "https://www.jumbo.com/dam-images/fit-in/360x360/Products/18022025_1739896393061_1739896407272_8718452770984_596.png",
    "available": true,
    "promoUntil": null
  },
  {
    "id": "656163CUP",
    "title": "Boeren Rauwkost met Wortel en Selderij 400 g",
    "category": "Aardappelen, groente en fruit",
    "price": 2.99,
    "promoPrice": null,
    "pricePerUnit": "7.48 kg",
    "image": "https://www.jumbo.com/dam-images/fit-in/360x360/Products/21012025_1737457921631_1737457925862_8711145234855_1.png",
    "available": true,
    "promoUntil": null
  },
  {
    "id": "582452PAK",
    "title": "Hero Cassis No Bubbles Zero 1,5 L",
    "category": "Frisdrank en sappen",
    "price": 2.85,
    "promoPrice": null,
    "pricePerUnit": "1.9 l",
    "image": "https://www.jumbo.com/dam-images/fit-in/360x360/Products/02122023_1701492162658_1701492169814_582452_PAK_08713500013143_H1N1.png",
    "available": true,
    "promoUntil": null
  },
  {
    "id": "674042PAK",
    "title": "B'tween Cookies & Cream 6 x 23 g",
    "category": "Koek, snoep, chocolade en chips",
    "price": 2.33,
    "promoPrice": null,
    "pricePerUnit": "16.88 kg",
    "image": "https://www.jumbo.com/dam-images/fit-in/360x360/Products/07082025_1754577260276_1754577302198_8713500081050_596.png",
    "available": true,
    "promoUntil": null
  },
  {
    "id": "709242KGR",
    "title": "Lezziz Kipdijbraadsticks ca. 800 g",
    "category": "Vlees, vis en vega",
    "price": 6.39,
    "promoPrice": null,
    "pricePerUnit": "7.99 kg",
    "image": "https://www.jumbo.com/dam-images/fit-in/360x360/Products/03092025_1756906417699_1756906423434_2330683000000_1.png",
    "available": true,
    "promoUntil": null
  },
  {
    "id": "50163PAK",
    "title": "Verkade Originals San Francisco Brosse Biscuits Volkoren 250 g",
    "category": "Koek, snoep, chocolade en chips",
    "price": 2.02,
    "promoPrice": null,
    "pricePerUnit": "8.08 kg",
    "image": "https://www.jumbo.com/dam-images/fit-in/360x360/Products/22022025_1740192384905_1740192390349_50163_PAK_08710412236295_H1N1.png",
    "available": true,
    "promoUntil": null
  },
  {
    "id": "474845FLS",
    "title": "Neutral Vloeibaar Wasmiddel Wit 20 wasbeurten",
    "category": "Huishouden en dieren",
    "price": 7.89,
    "promoPrice": null,
    "pricePerUnit": "0.39 wb",
    "image": "https://www.jumbo.com/dam-images/fit-in/360x360/Products/08092025_1757334778864_1757334781941_8720181212642_1.png",
    "available": true,
    "promoUntil": null
  },
  {
    "id": "559735PAK",
    "title": "Côte d'Or BonBonBloc Chocoladereep Praliné Melkchocolade 200g",
    "category": "Koek, snoep, chocolade en chips",
    "price": 5.14,
    "promoPrice": null,
    "pricePerUnit": "25.7 kg",
    "image": "https://www.jumbo.com/dam-images/fit-in/360x360/Products/24092025_1758720818387_1758720828863_7622210434579_596.png",
    "available": true,
    "promoUntil": null
  },
  {
    "id": "234875STK",
    "title": "Jumbo Chocolade Biscuits Puur 9 Stuks 125 g",
    "category": "Koek, snoep, chocolade en chips",
    "price": 1.59,
    "promoPrice": null,
    "pricePerUnit": "12.72 kg",
    "image": "https://www.jumbo.com/dam-images/fit-in/360x360/Products/09082023_1691585251790_1691585261314_8718452352098_1.png",
    "available": true,
    "promoUntil": null
  },
  {
    "id": "211741ZK",
    "title": "Jumbo Aardappelschijfjes Spek en Ui 425 g",
    "category": "Aardappelen, groente en fruit",
    "price": 2.59,
    "promoPrice": null,
    "pricePerUnit": "6.09 kg",
    "image": "https://www.jumbo.com/dam-images/fit-in/360x360/Products/05082024_1722872065923_1722872075738_8718452809899_1.png",
    "available": true,
    "promoUntil": null
  },
  {
    "id": "455707ZK",
    "title": "Jumbo Gebakken Knabbel Spek 100 g",
    "category": "Vleeswaren, kaas en tapas",
    "price": 2.53,
    "promoPrice": null,
    "pricePerUnit": "25.3 kg",
    "image": "https://www.jumbo.com/dam-images/fit-in/360x360/Products/05082024_1722872067057_1722872074436_8718452838738_1.png",
    "available": true,
    "promoUntil": null
  },
  {
    "id": "606765FLS",
    "title": "Slimpie Cactus-Appel Smaak Siroop 650 ml",
    "category": "Frisdrank en sappen",
    "price": 3.49,
    "promoPrice": null,
    "pricePerUnit": "5.37 l",
    "image": "https://www.jumbo.com/dam-images/fit-in/360x360/Products/28052024_1716899589566_1716899600063_8719214811402_596.png",
    "available": true,
    "promoUntil": null
  },
  {
    "id": "205684ZK",
    "title": "Jumbo Risotto rijst Arborio 500 g",
    "category": "Wereldkeukens, kruiden, pasta en rijst",
    "price": 2.0,
    "promoPrice": null,
    "pricePerUnit": "4.0 kg",
    "image": "https://www.jumbo.com/dam-images/fit-in/360x360/Products/10082023_1691676546084_1691676558542_8718452305490_1.png",
    "available": true,
    "promoUntil": null
  },
  {
    "id": "478656DS",
    "title": "Dr. Oetker Casa di Mama Pizza Quattro Formaggi 410 g",
    "category": "Diepvries",
    "price": 4.29,
    "promoPrice": null,
    "pricePerUnit": "10.46 kg",
    "image": "https://www.jumbo.com/dam-images/fit-in/360x360/Products/17042025_1744855700533_1744855707828_478656_DS_04001724015635_C1N1_s04.png",
    "available": true,
    "promoUntil": null
  },
  {
    "id": "578889BAK",
    "title": "Jumbo Bessen Rood 125g",
    "category": "Aardappelen, groente en fruit",
    "price": 2.49,
    "promoPrice": null,
    "pricePerUnit": "19.92 kg",
    "image": "https://www.jumbo.com/dam-images/fit-in/360x360/Products/332392BAK19614e796-af7a-48cf-b3e4-a1007c158372-1706104120190.png",
    "available": true,
    "promoUntil": null
  },
  {
    "id": "551855ZK",
    "title": "Jumbo Minikrieltjes Paprikasmaak 450 g",
    "category": "Aardappelen, groente en fruit",
    "price": 1.39,
    "promoPrice": null,
    "pricePerUnit": "3.09 kg",
    "image": "https://www.jumbo.com/dam-images/fit-in/360x360/Products/18062024_1718724830154_1718724838640_8718452819263_1.png",
    "available": true,
    "promoUntil": null
  },
  {
    "id": "664571ZK",
    "title": "Red Band Winegums Original Voordeelverpakking 365 g",
    "category": "Koek, snoep, chocolade en chips",
    "price": 3.55,
    "promoPrice": null,
    "pricePerUnit": "9.73 kg",
    "image": "https://www.jumbo.com/dam-images/fit-in/360x360/Products/01022025_1738378876434_1738378887143_664571_ZK_08713800255526_H1N1.png",
    "available": true,
    "promoUntil": null
  },
  {
    "id": "583039DS",
    "title": "B'tween Mueslireep Gezouten Karamel 6 x 23g",
    "category": "Koek, snoep, chocolade en chips",
    "price": 2.33,
    "promoPrice": null,
    "pricePerUnit": "16.88 kg",
    "image": "https://www.jumbo.com/dam-images/fit-in/360x360/Products/26022025_1740546887744_1740546901783_583039_DS_08713500080947_H1N1.png",
    "available": true,
    "promoUntil": null
  },
  {
    "id": "609207PAK",
    "title": "Appelsientje FruitDrink Sinaasappel 6x200ml",
    "category": "Frisdrank en sappen",
    "price": 3.26,
    "promoPrice": null,
    "pricePerUnit": "2.72 l",
    "image": "https://www.jumbo.com/dam-images/fit-in/360x360/Products/17092025_1758072113640_1758072155733_609207_PAK_08720157401759_C1N1.png",
    "available": true,
    "promoUntil": null
  },
  {
    "id": "212626STK",
    "title": "Jumbo Little Gem Romaine Sla 200 g",
    "category": "Aardappelen, groente en fruit",
    "price": 2.99,
    "promoPrice": null,
    "pricePerUnit": "14.95 kg",
    "image": "https://www.jumbo.com/dam-images/fit-in/360x360/Products/29072024_1722270917079_1722270924819_8718452778324_1.png",
    "available": true,
    "promoUntil": null
  },
  {
    "id": "79239FLS",
    "title": "Sankt Anna - Riesling - 750ML",
    "category": "Bier en wijn",
    "price": 7.99,
    "promoPrice": null,
    "pricePerUnit": "10.65 l",
    "image": "https://www.jumbo.com/dam-images/fit-in/360x360/Products/79239_4026371930001_1_T1_79239FLS1691393628309.png",
    "available": true,
    "promoUntil": null
  },
  {
    "id": "177423STK",
    "title": "LU Prince Cake & Choc Chocolade Cakejes 5 Stuks 150 g",
    "category": "Koek, snoep, chocolade en chips",
    "price": 2.81,
    "promoPrice": null,
    "pricePerUnit": "18.73 kg",
    "image": "https://www.jumbo.com/dam-images/fit-in/360x360/Products/05082025_1754400783813_1754400789523_3017760570497_1.png",
    "available": true,
    "promoUntil": null
  },
  {
    "id": "617224PAK",
    "title": "Wicky Original Smaak Sinaasappel 6 x 200 ml",
    "category": "Frisdrank en sappen",
    "price": 1.99,
    "promoPrice": null,
    "pricePerUnit": "1.66 l",
    "image": "https://www.jumbo.com/dam-images/fit-in/360x360/Products/14082025_1755136692214_1755136699148_617224_PAK_08711900018898_A1N1.png",
    "available": true,
    "promoUntil": null
  },
  {
    "id": "578885TRA",
    "title": "Jumbo Coppa di Parma 50 g",
    "category": "Vleeswaren, kaas en tapas",
    "price": 2.19,
    "promoPrice": null,
    "pricePerUnit": "43.8 kg",
    "image": "https://www.jumbo.com/dam-images/fit-in/360x360/Products/06122023_1701876843808_1701876855631_8718452768028_1.png",
    "available": true,
    "promoUntil": null
  },
  {
    "id": "439776FLS",
    "title": "O2 Life Lemon Grapefruit 750 ml",
    "category": "Frisdrank en sappen",
    "price": 1.85,
    "promoPrice": null,
    "pricePerUnit": "2.47 l",
    "image": "https://www.jumbo.com/dam-images/fit-in/360x360/Products/28072025_1753706036726_1753706044933_8718104461093_1.png",
    "available": true,
    "promoUntil": null
  },
  {
    "id": "185861DS",
    "title": "Jumbo Roomboter Kaaskoekjes 100 g",
    "category": "Koek, snoep, chocolade en chips",
    "price": 1.78,
    "promoPrice": null,
    "pricePerUnit": "17.8 kg",
    "image": "https://www.jumbo.com/dam-images/fit-in/360x360/Products/26082025_1756215315487_1756215325086_8718452922826_596.png",
    "available": true,
    "promoUntil": null
  },
  {
    "id": "660477PAK",
    "title": "TUC Paprika ovengebakken crackers 100 g",
    "category": "Koek, snoep, chocolade en chips",
    "price": 1.27,
    "promoPrice": null,
    "pricePerUnit": "12.7 kg",
    "image": "https://www.jumbo.com/dam-images/fit-in/360x360/Products/24092025_1758724491681_1758724500314_5410041066005_596.png",
    "available": true,
    "promoUntil": null
  },
  {
    "id": "618269STK",
    "title": "Jumbo Rode Grapefruit 3 Stuks",
    "category": "Aardappelen, groente en fruit",
    "price": 2.49,
    "promoPrice": null,
    "pricePerUnit": "0.83 pieces",
    "image": "https://www.jumbo.com/dam-images/fit-in/360x360/Products/RodegrapefruitJumbo3stuksnetbovenafe7da7ed3-e7d6-4e1a-9723-d36a4308f564-1720097697384.png",
    "available": true,
    "promoUntil": null
  },
  {
    "id": "525704BUS",
    "title": "Wellaflex Ultra Sterk Haarspray 400 ml",
    "category": "Drogisterij en baby",
    "price": 4.64,
    "promoPrice": null,
    "pricePerUnit": "11.6 l",
    "image": "https://www.jumbo.com/dam-images/fit-in/360x360/Products/09082023_1691579020114_1691579031084_4056800923021_1.png",
    "available": true,
    "promoUntil": null
  },
  {
    "id": "654824BAK",
    "title": "Jumbo Stokbroodje Beenham 350 g",
    "category": "Verse maaltijden en gemak",
    "price": 4.99,
    "promoPrice": null,
    "pricePerUnit": "14.26 kg",
    "image": "https://www.jumbo.com/dam-images/fit-in/360x360/Products/13122024_1734111154701_1734111161366_8718452851003_1.png",
    "available": true,
    "promoUntil": null
  },
  {
    "id": "201557STK",
    "title": "De Kleine Keuken Biologische Fruit & Kruiden Thee Mango, Kamille & Rozenbottel 6+ Maanden 15 x 2 g",
    "category": "Drogisterij en baby",
    "price": 2.76,
    "promoPrice": null,
    "pricePerUnit": "92.0 kg",
    "image": "https://www.jumbo.com/dam-images/fit-in/360x360/Products/01042025_1743507206362_1743507214212_8718734491170_1.png",
    "available": true,
    "promoUntil": null
  },
  {
    "id": "540377ZK",
    "title": "Purina® ONE Adult Rijk aan Zalm kattenvoer 1,5 kg",
    "category": "Huishouden en dieren",
    "price": 10.78,
    "promoPrice": null,
    "pricePerUnit": "7.19 kg",
    "image": "https://www.jumbo.com/dam-images/fit-in/360x360/Products/23092025_1758595932310_1758595936311_540377_ZK_07613035613706_H1N1_s04.png",
    "available": true,
    "promoUntil": null
  },
  {
    "id": "569253ZK",
    "title": "Puuur visch Lekkerbek Oven & Airfryer 400 g",
    "category": "Diepvries",
    "price": 6.29,
    "promoPrice": null,
    "pricePerUnit": "15.73 kg",
    "image": "https://www.jumbo.com/dam-images/fit-in/360x360/Products/14022024_1707872892702_1707872903981_8719326805832_1.png",
    "available": true,
    "promoUntil": null
  },
  {
    "id": "278405DSL",
    "title": "Montaignan - Grenache - Rosé - Pays d'Oc IGP",
    "category": "Bier en wijn",
    "price": 35.94,
    "promoPrice": null,
    "pricePerUnit": "7.99 l",
    "image": "https://www.jumbo.com/dam-images/fit-in/360x360/Products/Omdoosros84d620c4-5ab1-4049-bef5-46715fa84d55-1703085054537.png",
    "available": true,
    "promoUntil": null
  },
  {
    "id": "556766POT",
    "title": "Paturain Verse Roomkaas Light Knoflook & Fijne Kruiden 150 g",
    "category": "Vleeswaren, kaas en tapas",
    "price": 3.39,
    "promoPrice": null,
    "pricePerUnit": "22.6 kg",
    "image": "https://www.jumbo.com/dam-images/fit-in/360x360/Products/06052025_1746493939445_1746493962994_556766_POT_04045357011886_C1N1_s15.png",
    "available": true,
    "promoUntil": null
  },
  {
    "id": "137362ZK",
    "title": "Aviko Aardappelbolletjes",
    "category": "Diepvries",
    "price": 2.34,
    "promoPrice": null,
    "pricePerUnit": "3.9 kg",
    "image": "https://www.jumbo.com/dam-images/fit-in/360x360/Products/15102024_1728999188819_1728999204361_8710449913626_1.png",
    "available": true,
    "promoUntil": null
  },
  {
    "id": "370930ZK",
    "title": "Anta Verzorgende Keelpastilles Classic 275 g",
    "category": "Koek, snoep, chocolade en chips",
    "price": 2.34,
    "promoPrice": null,
    "pricePerUnit": "8.51 kg",
    "image": "https://www.jumbo.com/dam-images/fit-in/360x360/Products/26052025_1748222214103_1748222229739_370930_ZK_08721077490113_H1N1.png",
    "available": true,
    "promoUntil": null
  },
  {
    "id": "680858ZK",
    "title": "Jumbo Tarwe Roggebrood Oberländer 500 g",
    "category": "Brood en gebak",
    "price": 1.99,
    "promoPrice": null,
    "pricePerUnit": "3.98 kg",
    "image": "https://www.jumbo.com/dam-images/fit-in/360x360/Products/03092025_1756906417071_1756906422852_8718452916122_1.png",
    "available": true,
    "promoUntil": null
  },
  {
    "id": "609008TRA",
    "title": "Jumbo Gebakken Reepjes Spek 70 g",
    "category": "Vleeswaren, kaas en tapas",
    "price": 2.72,
    "promoPrice": null,
    "pricePerUnit": "38.86 kg",
    "image": "https://www.jumbo.com/dam-images/fit-in/360x360/Products/25032024_1711381873167_1711381905453_8718452801015_1.png",
    "available": true,
    "promoUntil": null
  },
  {
    "id": "618910PAK",
    "title": "Jumbo Feta Kaas Plakken 2 x 75 g",
    "category": "Vleeswaren, kaas en tapas",
    "price": 2.29,
    "promoPrice": null,
    "pricePerUnit": "15.27 kg",
    "image": "https://www.jumbo.com/dam-images/fit-in/360x360/Products/19062024_1718807626622_1718807639391_8718452808687_596.png",
    "available": true,
    "promoUntil": null
  },
  {
    "id": "189809ZK",
    "title": "Aviko Dikke Friet Supercrunch Airfryer",
    "category": "Diepvries",
    "price": 2.5,
    "promoPrice": null,
    "pricePerUnit": "3.33 kg",
    "image": "https://www.jumbo.com/dam-images/fit-in/360x360/Products/15102024_1728999188561_1728999195618_8710449935581_1.png",
    "available": true,
    "promoUntil": null
  },
  {
    "id": "646923BAK",
    "title": "Jumbo Biologisch Champignons 250 g",
    "category": "Aardappelen, groente en fruit",
    "price": 1.99,
    "promoPrice": null,
    "pricePerUnit": "7.96 kg",
    "image": "https://www.jumbo.com/dam-images/fit-in/360x360/Products/15082024_1723739659408_1723739666028_8718452833108_1.png",
    "available": true,
    "promoUntil": null
  },
  {
    "id": "669722DS",
    "title": "LENOR PODS Wascapsules 15 Wasbeurten, Zeebries",
    "category": "Huishouden en dieren",
    "price": 13.29,
    "promoPrice": null,
    "pricePerUnit": "0.89 wb",
    "image": "https://www.jumbo.com/dam-images/fit-in/360x360/Products/14082025_1755200015858_1755200022402_8700216708166_1.png",
    "available": true,
    "promoUntil": null
  },
  {
    "id": "510555ZK",
    "title": "Jumbo Roosjes Bloemkool 200 g",
    "category": "Aardappelen, groente en fruit",
    "price": 2.19,
    "promoPrice": null,
    "pricePerUnit": "10.95 kg",
    "image": "https://www.jumbo.com/dam-images/fit-in/360x360/Products/14082024_1723646009693_1723646018045_8718452789726_1.png",
    "available": true,
    "promoUntil": null
  },
  {
    "id": "664657ZK",
    "title": "Venco Piramides Zacht Zoet XL Verpakking 340 g",
    "category": "Koek, snoep, chocolade en chips",
    "price": 3.47,
    "promoPrice": null,
    "pricePerUnit": "10.21 kg",
    "image": "https://www.jumbo.com/dam-images/fit-in/360x360/Products/18012025_1737166562596_1737166571779_664657_ZK_08713800255588_H1N1.png",
    "available": true,
    "promoUntil": null
  },
  {
    "id": "610086STK",
    "title": "Tilda Pure Original Basmati Rijst 1kg",
    "category": "Wereldkeukens, kruiden, pasta en rijst",
    "price": 4.89,
    "promoPrice": null,
    "pricePerUnit": "4.89 kg",
    "image": "https://www.jumbo.com/dam-images/fit-in/360x360/Products/5011157630274T16d9671f4-237f-47ff-a46e-0739795bee28-1745417699799.png",
    "available": true,
    "promoUntil": null
  },
  {
    "id": "674326PAK",
    "title": "Milka Reep Hele Noot 250g",
    "category": "Koek, snoep, chocolade en chips",
    "price": 4.13,
    "promoPrice": null,
    "pricePerUnit": "16.52 kg",
    "image": "https://www.jumbo.com/dam-images/fit-in/360x360/Products/11092025_1757552413751_1757552423594_674326_PAK_07622202261442_C1N1_s01.png",
    "available": true,
    "promoUntil": null
  },
  {
    "id": "518561BAK",
    "title": "Jumbo's Chinese Tomatensoep 500 g",
    "category": "Verse maaltijden en gemak",
    "price": 3.59,
    "promoPrice": null,
    "pricePerUnit": "7.18 kg",
    "image": "https://www.jumbo.com/dam-images/fit-in/360x360/Products/01102024_1727749303332_1727749307406_518561_BAK_08718452812288_C1N1.png",
    "available": true,
    "promoUntil": null
  },
  {
    "id": "567947DSL",
    "title": "Dettol Hydrating No-Touch Navulling Aloë Vera 5 x 250 ml",
    "category": "Drogisterij en baby",
    "price": 14.95,
    "promoPrice": null,
    "pricePerUnit": "11.96 l",
    "image": "https://www.jumbo.com/dam-images/fit-in/360x360/Products/567947DSL1b8a8b07c-95a6-4583-a68c-c2a57c6c18c6-1693390049564.png",
    "available": true,
    "promoUntil": null
  },
  {
    "id": "491937TRA",
    "title": "Jumbo Quiche Zalm Spinazie 300 g",
    "category": "Verse maaltijden en gemak",
    "price": 3.89,
    "promoPrice": null,
    "pricePerUnit": "12.97 kg",
    "image": "https://www.jumbo.com/dam-images/fit-in/360x360/Products/31072025_1753972505068_1753972514052_8718452651580_1.png",
    "available": true,
    "promoUntil": null
  },
  {
    "id": "623985FLS",
    "title": "Sourcy Vitaminwater Framboos-Granaatappel 500ML",
    "category": "Frisdrank en sappen",
    "price": 1.79,
    "promoPrice": null,
    "pricePerUnit": "3.58 l",
    "image": "https://www.jumbo.com/dam-images/fit-in/360x360/Products/16042024_1713233350697_1713233355826_623985_FLS_08715600249316_C1N1.png",
    "available": true,
    "promoUntil": null
  },
  {
    "id": "38875ZK",
    "title": "Schär Kaisersemmel  Glutenvrij 6 Stuks 350 g",
    "category": "Diepvries",
    "price": 4.74,
    "promoPrice": null,
    "pricePerUnit": "13.54 kg",
    "image": "https://www.jumbo.com/dam-images/fit-in/360x360/Products/29072025_1753796019515_1753796027087_8008698006658_1.png",
    "available": true,
    "promoUntil": null
  },
  {
    "id": "170146POT",
    "title": "Aardappel Anders Ham - Kaas 390ML",
    "category": "Wereldkeukens, kruiden, pasta en rijst",
    "price": 3.89,
    "promoPrice": null,
    "pricePerUnit": "9.97 l",
    "image": "https://www.jumbo.com/dam-images/fit-in/360x360/Products/11062024_1718076643954_1718076649651_170146_POT_05414972116525_C1N1.png",
    "available": true,
    "promoUntil": null
  },
  {
    "id": "477210DS",
    "title": "MinusL Lactosevrije Roomkaas 200 g",
    "category": "Vleeswaren, kaas en tapas",
    "price": 2.99,
    "promoPrice": null,
    "pricePerUnit": "14.95 kg",
    "image": "https://www.jumbo.com/dam-images/fit-in/360x360/Products/08022024_1707359238519_1707359244138_477210_DS_.png",
    "available": true,
    "promoUntil": null
  },
  {
    "id": "426312DS",
    "title": "Maza Hoemoes Spicy Mango",
    "category": "Vleeswaren, kaas en tapas",
    "price": 3.29,
    "promoPrice": null,
    "pricePerUnit": "16.45 kg",
    "image": "https://www.jumbo.com/dam-images/fit-in/360x360/Products/15052025_1747326749625_1747326757357_8714779006492_1.png",
    "available": true,
    "promoUntil": null
  },
  {
    "id": "634951PAK",
    "title": "Jumbo Zwarte Bessen Cassis 6 x 500ML",
    "category": "Frisdrank en sappen",
    "price": 4.02,
    "promoPrice": null,
    "pricePerUnit": "1.34 l",
    "image": "https://www.jumbo.com/dam-images/fit-in/360x360/Products/11122024_1733927597920_1733927608471_8718452800490_1.png",
    "available": true,
    "promoUntil": null
  },
  {
    "id": "484437ZK",
    "title": "Katja Biggetjes XXL Voordeel 410 g",
    "category": "Koek, snoep, chocolade en chips",
    "price": 3.49,
    "promoPrice": null,
    "pricePerUnit": "8.73 kg",
    "image": "https://www.jumbo.com/dam-images/fit-in/360x360/Products/13072024_1720835454488_1720835465622_484437_ZK_08716100216129_C1N1.png",
    "available": true,
    "promoUntil": null
  },
  {
    "id": "648765TRA",
    "title": "Jumbo Luxe Kaasplateau 443 g",
    "category": "Vleeswaren, kaas en tapas",
    "price": 9.0,
    "promoPrice": null,
    "pricePerUnit": "20.32 kg",
    "image": "https://www.jumbo.com/dam-images/fit-in/360x360/Products/12122024_1734014944068_1734014952417_8718452871681_1.png",
    "available": true,
    "promoUntil": null
  },
  {
    "id": "610301ZK",
    "title": "Jumbo Ossenworst 3 Stuks",
    "category": "Vleeswaren, kaas en tapas",
    "price": 3.49,
    "promoPrice": null,
    "pricePerUnit": "16.62 kg",
    "image": "https://www.jumbo.com/dam-images/fit-in/360x360/Products/19042024_1713540911026_1713540919461_8718452825233_1.png",
    "available": true,
    "promoUntil": null
  },
  {
    "id": "73803FLS",
    "title": "Gallo - Moscato - 750ML",
    "category": "Bier en wijn",
    "price": 6.99,
    "promoPrice": null,
    "pricePerUnit": "9.32 l",
    "image": "https://www.jumbo.com/dam-images/fit-in/360x360/Products/12122024_1734014578972_1734014581593_85000015216_1.png",
    "available": true,
    "promoUntil": null
  },
  {
    "id": "539062DS",
    "title": "Bullit Sugar Free 6 x 250 ml",
    "category": "Frisdrank en sappen",
    "price": 5.89,
    "promoPrice": null,
    "pricePerUnit": "3.93 l",
    "image": "https://www.jumbo.com/dam-images/fit-in/360x360/Products/09012025_1736433168669_1736433174805_9008703000830_1.png",
    "available": true,
    "promoUntil": null
  },
  {
    "id": "81221ZK",
    "title": "Aviko Hollandse Friet Supercrunch Original",
    "category": "Diepvries",
    "price": 2.5,
    "promoPrice": null,
    "pricePerUnit": "3.33 kg",
    "image": "https://www.jumbo.com/dam-images/fit-in/360x360/Products/15102024_1728999188695_1728999199846_8710449919444_1.png",
    "available": true,
    "promoUntil": null
  },
  {
    "id": "644119DS",
    "title": "Honig Macaroni vlugkokend 700g",
    "category": "Wereldkeukens, kruiden, pasta en rijst",
    "price": 1.87,
    "promoPrice": null,
    "pricePerUnit": "2.67 kg",
    "image": "https://www.jumbo.com/dam-images/fit-in/360x360/Products/07122024_1733537843574_1733537853151_644119_DS_08715700126456_H1N1.png",
    "available": true,
    "promoUntil": null
  },
  {
    "id": "94114STK",
    "title": "Jumbo Wafel Mix 250 g",
    "category": "Koek, snoep, chocolade en chips",
    "price": 1.89,
    "promoPrice": null,
    "pricePerUnit": "7.56 kg",
    "image": "https://www.jumbo.com/dam-images/fit-in/360x360/Products/29092023_1695995013952_1695995016469_8718452396696_1.png",
    "available": true,
    "promoUntil": null
  },
  {
    "id": "609037FLS",
    "title": "Jumbo - Côtes de Provence - Rosé - 750ML",
    "category": "Bier en wijn",
    "price": 7.99,
    "promoPrice": null,
    "pricePerUnit": "10.65 l",
    "image": "https://www.jumbo.com/dam-images/fit-in/360x360/Products/03062025_1748968347883_1748968355126_8718452824229_1.png",
    "available": true,
    "promoUntil": null
  },
  {
    "id": "461165FLS",
    "title": "Siva - Pinot Grigio - Rosé Spumante - 750ML",
    "category": "Bier en wijn",
    "price": 4.99,
    "promoPrice": null,
    "pricePerUnit": "6.65 l",
    "image": "https://www.jumbo.com/dam-images/fit-in/360x360/Products/10082023_1691675623488_1691675627488_8034115196114_1.png",
    "available": true,
    "promoUntil": null
  },
  {
    "id": "489087FLS",
    "title": "Sisi No Bubbles Orange 0% pet 1500 ml",
    "category": "Frisdrank en sappen",
    "price": 2.59,
    "promoPrice": null,
    "pricePerUnit": "1.73 l",
    "image": "https://www.jumbo.com/dam-images/fit-in/360x360/Products/10082023_1691677821320_1691677822443_8715600246438_1.png",
    "available": true,
    "promoUntil": null
  },
  {
    "id": "621899DS",
    "title": "Jumbo Durum Couscous Volkoren 400 g",
    "category": "Wereldkeukens, kruiden, pasta en rijst",
    "price": 1.38,
    "promoPrice": null,
    "pricePerUnit": "3.45 kg",
    "image": "https://www.jumbo.com/dam-images/fit-in/360x360/Products/10062024_1718033712564_1718033727582_8718452836895_596.png",
    "available": true,
    "promoUntil": null
  },
  {
    "id": "212623STK",
    "title": "Jumbo Taugé 125 g",
    "category": "Aardappelen, groente en fruit",
    "price": 1.09,
    "promoPrice": null,
    "pricePerUnit": "8.72 kg",
    "image": "https://www.jumbo.com/dam-images/fit-in/360x360/Products/29072024_1722270917207_1722270925784_8718452764914_1.png",
    "available": true,
    "promoUntil": null
  },
  {
    "id": "580841FLS",
    "title": "Vida Barcelona - Cava Brut - Biologisch - 750ML",
    "category": "Bier en wijn",
    "price": 7.59,
    "promoPrice": null,
    "pricePerUnit": "10.12 l",
    "image": "https://www.jumbo.com/dam-images/fit-in/360x360/Products/14052025_1747233165546_1747233169077_8437023708569_1.png",
    "available": true,
    "promoUntil": null
  },
  {
    "id": "683346POT",
    "title": "Ouwehand Sea You Fish Bites Braadharing Partjes 355 g",
    "category": "Vlees, vis en vega",
    "price": 2.79,
    "promoPrice": null,
    "pricePerUnit": "15.5 kg",
    "image": "https://www.jumbo.com/dam-images/fit-in/360x360/Products/05062025_1749115989524_1749115999107_8710407015218_1.png",
    "available": true,
    "promoUntil": null
  },
  {
    "id": "691120ZK",
    "title": "Fresh & Frozen Saté Ajam 130 g",
    "category": "Diepvries",
    "price": 0.99,
    "promoPrice": null,
    "pricePerUnit": "7.62 kg",
    "image": "https://www.jumbo.com/dam-images/fit-in/360x360/Products/07072025_1751895245552_1751895249933_8717568621371_1.png",
    "available": true,
    "promoUntil": null
  },
  {
    "id": "570357ZK",
    "title": "Pom-Bär Original Party Pack 130 g",
    "category": "Koek, snoep, chocolade en chips",
    "price": 2.39,
    "promoPrice": null,
    "pricePerUnit": "18.38 kg",
    "image": "https://www.jumbo.com/dam-images/fit-in/360x360/Products/05022024_1707150792522_1707150805169_8710532467586_1.png",
    "available": true,
    "promoUntil": null
  },
  {
    "id": "624825DS",
    "title": "Venco Dropmix Zacht & Zoet Voordeel 440 g",
    "category": "Koek, snoep, chocolade en chips",
    "price": 3.46,
    "promoPrice": null,
    "pricePerUnit": "7.86 kg",
    "image": "https://www.jumbo.com/dam-images/fit-in/360x360/Products/25022025_1740474235805_1740474242012_8713800254932_1.png",
    "available": true,
    "promoUntil": null
  },
  {
    "id": "576371DS",
    "title": "Schweppes Zero Lemon met Smaak van Citroen & Limoen 6 x 33 cl",
    "category": "Frisdrank en sappen",
    "price": 6.89,
    "promoPrice": null,
    "pricePerUnit": "3.48 l",
    "image": "https://www.jumbo.com/dam-images/fit-in/360x360/Products/16062025_1750070006633_1750070014654_5410221205309_1.png",
    "available": true,
    "promoUntil": null
  },
  {
    "id": "370175DS",
    "title": "Olvarit 12+ Maanden Acht Granen Babypap 200g",
    "category": "Drogisterij en baby",
    "price": 2.37,
    "promoPrice": null,
    "pricePerUnit": "11.85 kg",
    "image": "https://www.jumbo.com/dam-images/fit-in/360x360/Products/21082023_1692624843032_1692624850492_3041091579225_1.png",
    "available": true,
    "promoUntil": null
  },
  {
    "id": "352267CUP",
    "title": "Ben & Jerry's IJs Caramel Chew Chew 465ml",
    "category": "Diepvries",
    "price": 7.89,
    "promoPrice": null,
    "pricePerUnit": "16.97 l",
    "image": "https://www.jumbo.com/dam-images/fit-in/360x360/Products/15082025_1755220801219_1755220847373_352267_CUP_08711327373969_H1N1.png",
    "available": true,
    "promoUntil": null
  },
  {
    "id": "576132DS",
    "title": "Desperados Virgin 0.0 Bier Fles 6 x 330ml",
    "category": "Bier en wijn",
    "price": 8.99,
    "promoPrice": null,
    "pricePerUnit": "4.54 l",
    "image": "https://www.jumbo.com/dam-images/fit-in/360x360/Products/07012025_1736267694753_1736267702439_8712000060640_1.png",
    "available": true,
    "promoUntil": null
  },
  {
    "id": "681228TRA",
    "title": "Jumbo Plantaardig Schnitzel Hongaarse Stijl 2 Stuks",
    "category": "Vlees, vis en vega",
    "price": 2.49,
    "promoPrice": null,
    "pricePerUnit": "12.45 kg",
    "image": "https://www.jumbo.com/dam-images/fit-in/360x360/Products/26032025_1743006791338_1743006798250_8718452705580_1.png",
    "available": true,
    "promoUntil": null
  },
  {
    "id": "629548DSL",
    "title": "Glorix Aromalux Dahlia Flower With Dragonfruit 9 x 50 g",
    "category": "Huishouden en dieren",
    "price": 37.71,
    "promoPrice": 18.85,
    "pricePerUnit": "2.09 pieces",
    "image": "https://www.jumbo.com/dam-images/fit-in/360x360/Products/629548DSL1b4280e80-c369-4bea-ba24-5905a65651f3-1724058681180.png",
    "available": true,
    "promoUntil": "di 7 okt"
  },
  {
    "id": "595071ZK",
    "title": "Bibigo Gyoza Chicken & Vegetable 300 g",
    "category": "Diepvries",
    "price": 4.49,
    "promoPrice": null,
    "pricePerUnit": "14.97 kg",
    "image": "https://www.jumbo.com/dam-images/fit-in/360x360/Products/10092024_1725935923296_1725935926259_595071_ZK_04016337960074_A1N1.png",
    "available": true,
    "promoUntil": null
  },
  {
    "id": "430675STK",
    "title": "Jumbo - Boeren Pompoen Volkoren - Knapperig en Vers",
    "category": "Brood en gebak",
    "price": 2.0,
    "promoPrice": null,
    "pricePerUnit": "2.0 pieces",
    "image": "https://www.jumbo.com/dam-images/fit-in/360x360/Products/17062024_1718627596966_1718627604626_8718452771837_2.png",
    "available": true,
    "promoUntil": null
  },
  {
    "id": "478999CUP",
    "title": "Johma 100% Plantaardig Kip-Kerrie Salade 175 g",
    "category": "Vleeswaren, kaas en tapas",
    "price": 3.15,
    "promoPrice": null,
    "pricePerUnit": "18.0 kg",
    "image": "https://www.jumbo.com/dam-images/fit-in/360x360/Products/19062025_1750304047867_1750304067823_478999_CUP_08710506084443_C1N1.png",
    "available": true,
    "promoUntil": null
  },
  {
    "id": "709771DS",
    "title": "Crystal Clear Lemon 4x250ML",
    "category": "Frisdrank en sappen",
    "price": 2.79,
    "promoPrice": null,
    "pricePerUnit": "2.79 l",
    "image": "https://www.jumbo.com/dam-images/fit-in/360x360/Products/08715600251517C1N1429f792c-1ab7-40bc-8ef3-f33efa44c13e-1752753843485.png",
    "available": true,
    "promoUntil": null
  },
  {
    "id": "388145ZK",
    "title": "Jumbo - Diepvries Kaiserbroodjes Wit - 4 Stuks",
    "category": "Diepvries",
    "price": 1.4,
    "promoPrice": null,
    "pricePerUnit": "0.35 pieces",
    "image": "https://www.jumbo.com/dam-images/fit-in/360x360/Products/14022024_1707873497355_1707873507134_8718452419289_1.png",
    "available": true,
    "promoUntil": null
  },
  {
    "id": "513442DS",
    "title": "Knorr Wereldgerechten Maaltijdpakket Turkse Dürüm 198 g",
    "category": "Wereldkeukens, kruiden, pasta en rijst",
    "price": 4.99,
    "promoPrice": null,
    "pricePerUnit": "25.2 kg",
    "image": "https://www.jumbo.com/dam-images/fit-in/360x360/Products/21082025_1755768843067_1755768850793_8720182150127_1.png",
    "available": true,
    "promoUntil": null
  },
  {
    "id": "674328DS",
    "title": "Cote D'or  Melk 180g",
    "category": "Koek, snoep, chocolade en chips",
    "price": 4.03,
    "promoPrice": null,
    "pricePerUnit": "22.39 kg",
    "image": "https://www.jumbo.com/dam-images/fit-in/360x360/Products/12022025_1739325690887_1739325716342_674328_DS_07622202273551_C1N1_s01.png",
    "available": true,
    "promoUntil": null
  },
  {
    "id": "711813DS",
    "title": "Royal Club Ginger Ale 0% 4 x 250ML",
    "category": "Frisdrank en sappen",
    "price": 3.39,
    "promoPrice": null,
    "pricePerUnit": "3.39 l",
    "image": "https://www.jumbo.com/dam-images/fit-in/360x360/Products/08715600251371C1N11599d33c-4940-4e45-92c7-301acb77fd65-1755598021426.png",
    "available": true,
    "promoUntil": null
  },
  {
    "id": "208881STK",
    "title": "LiGA Evergreen Koekjes Bosvruchten 6 x 2 Stuks 250g",
    "category": "Koek, snoep, chocolade en chips",
    "price": 2.75,
    "promoPrice": null,
    "pricePerUnit": "11.0 kg",
    "image": "https://www.jumbo.com/dam-images/fit-in/360x360/Products/05082025_1754400784096_1754400800312_7622210410924_596.png",
    "available": true,
    "promoUntil": null
  },
  {
    "id": "705650STK",
    "title": "Duracell Plus Power Boost AA 8 Stuks",
    "category": "Non-food en servicebalie",
    "price": 14.69,
    "promoPrice": null,
    "pricePerUnit": "1.84 pieces",
    "image": "https://www.jumbo.com/dam-images/fit-in/360x360/Products/18062025_1750252787426_1750252790401_705650_STK_05000394176140_C1N1.png",
    "available": true,
    "promoUntil": null
  },
  {
    "id": "673584STK",
    "title": "Mullrose Schoonmaakazijn Magic Vinax 1L",
    "category": "Huishouden en dieren",
    "price": 0.69,
    "promoPrice": null,
    "pricePerUnit": "0.69 l",
    "image": "",
    "available": true,
    "promoUntil": null
  },
  {
    "id": "616647FLS",
    "title": "Palmolive Hygiene Plus Sensitive Antibacteriële Vloeibare Handzeep 300ML",
    "category": "Drogisterij en baby",
    "price": 2.99,
    "promoPrice": null,
    "pricePerUnit": "9.97 l",
    "image": "https://www.jumbo.com/dam-images/fit-in/360x360/Products/02032024_1709345717488_1709345720792_616647_FLS_08718951647619_C1N1.png",
    "available": true,
    "promoUntil": null
  },
  {
    "id": "678331ZK",
    "title": "Always Ultra Dag Maandverbanden Normal (Maat 1)",
    "category": "Drogisterij en baby",
    "price": 2.89,
    "promoPrice": null,
    "pricePerUnit": "0.22 pieces",
    "image": "https://www.jumbo.com/dam-images/fit-in/360x360/Products/05092025_1757039965713_1757039967164_678331_ZK_08006540584040_C1N1.png",
    "available": true,
    "promoUntil": null
  },
  {
    "id": "647087KP",
    "title": "Jumbo Halloumi Grillkaas 225 g",
    "category": "Vleeswaren, kaas en tapas",
    "price": 2.99,
    "promoPrice": null,
    "pricePerUnit": "13.29 kg",
    "image": "https://www.jumbo.com/dam-images/fit-in/360x360/Products/11122024_1733931196375_1733931204563_8718452841677_1.png",
    "available": true,
    "promoUntil": null
  },
  {
    "id": "182218POT",
    "title": "Jumbo Bieslook Gedroogd 22 g",
    "category": "Wereldkeukens, kruiden, pasta en rijst",
    "price": 5.76,
    "promoPrice": null,
    "pricePerUnit": "261.82 kg",
    "image": "https://www.jumbo.com/dam-images/fit-in/360x360/Products/09082023_1691581023086_1691581037204_8718452205073_1.png",
    "available": true,
    "promoUntil": null
  },
  {
    "id": "608618STK",
    "title": "Amsterdammertje Ossenworst 200 g",
    "category": "Vleeswaren, kaas en tapas",
    "price": 2.99,
    "promoPrice": null,
    "pricePerUnit": "14.95 kg",
    "image": "https://www.jumbo.com/dam-images/fit-in/360x360/Products/15042025_1744716788706_1744716792857_8712319103335_1.png",
    "available": true,
    "promoUntil": null
  },
  {
    "id": "505986FLS",
    "title": "Jumbo Biologisch Diksap Rood Fruit 400 ml",
    "category": "Frisdrank en sappen",
    "price": 3.95,
    "promoPrice": null,
    "pricePerUnit": "9.88 l",
    "image": "https://www.jumbo.com/dam-images/fit-in/360x360/Products/10082023_1691677709780_1691677726660_8718452648450_1.png",
    "available": true,
    "promoUntil": null
  },
  {
    "id": "500588STK",
    "title": "Jumbo Agrumes Sparkling Citrus Zero Sugar 1,5 L",
    "category": "Frisdrank en sappen",
    "price": 1.79,
    "promoPrice": null,
    "pricePerUnit": "1.19 l",
    "image": "https://www.jumbo.com/dam-images/fit-in/360x360/Products/10082023_1691677395050_1691677399244_8718452645282_1.png",
    "available": true,
    "promoUntil": null
  },
  {
    "id": "505984FLS",
    "title": "Jumbo Biologisch Diksap Tropisch Fruit 400 ml",
    "category": "Frisdrank en sappen",
    "price": 3.95,
    "promoPrice": null,
    "pricePerUnit": "9.88 l",
    "image": "https://www.jumbo.com/dam-images/fit-in/360x360/Products/10082023_1691677821664_1691677831700_8718452648467_1.png",
    "available": true,
    "promoUntil": null
  },
  {
    "id": "578742BAK",
    "title": "Karaat Huzaren Slaatje 150 g",
    "category": "Verse maaltijden en gemak",
    "price": 0.59,
    "promoPrice": null,
    "pricePerUnit": "3.93 kg",
    "image": "https://www.jumbo.com/dam-images/fit-in/360x360/Products/25032024_1711381161827_1711381168940_8710948601154_1.png",
    "available": true,
    "promoUntil": null
  },
  {
    "id": "478016PAK",
    "title": "Hertog Jan Bockbier 6x300ML",
    "category": "Bier en wijn",
    "price": 8.69,
    "promoPrice": null,
    "pricePerUnit": "4.83 l",
    "image": "https://www.jumbo.com/dam-images/fit-in/360x360/Products/09082023_1691587286456_1691587304628_8725000423278_1.png",
    "available": true,
    "promoUntil": null
  },
  {
    "id": "183689ZK",
    "title": "Vitakraft Liquid Snack met Zalm en Omega 3, 6 Stuks",
    "category": "Huishouden en dieren",
    "price": 3.09,
    "promoPrice": null,
    "pricePerUnit": "34.33 kg",
    "image": "https://www.jumbo.com/dam-images/fit-in/360x360/Products/12042025_1744422783015_1744422785897_183689_ZK_.png",
    "available": true,
    "promoUntil": null
  },
  {
    "id": "617480FLS",
    "title": "Bar-le-Duc Mineraalwater Koolzuurhoudend Fles 1,5L",
    "category": "Frisdrank en sappen",
    "price": 0.8,
    "promoPrice": null,
    "pricePerUnit": "0.53 l",
    "image": "https://www.jumbo.com/dam-images/fit-in/360x360/Products/26052025_1748229068426_1748229071299_617480_FLS_08722200963023_H1N1.png",
    "available": true,
    "promoUntil": null
  },
  {
    "id": "392550ZK",
    "title": "Jumbo Biologisch Zoete Aardappel 750 g",
    "category": "Aardappelen, groente en fruit",
    "price": 2.99,
    "promoPrice": null,
    "pricePerUnit": "3.99 kg",
    "image": "https://www.jumbo.com/dam-images/fit-in/360x360/Products/29092023_1695995409817_1695995414435_8718452520244_1.png",
    "available": true,
    "promoUntil": null
  },
  {
    "id": "608047FLS",
    "title": "Pepsi Frisdrank 1,5 L",
    "category": "Frisdrank en sappen",
    "price": 2.69,
    "promoPrice": null,
    "pricePerUnit": "1.79 l",
    "image": "https://www.jumbo.com/dam-images/fit-in/360x360/Products/25032024_1711381637272_1711381643118_8715600249125_596.png",
    "available": true,
    "promoUntil": null
  },
  {
    "id": "571832FLS",
    "title": "Omo Vloeibaar Wasmiddel Wit 19 wasbeurten",
    "category": "Huishouden en dieren",
    "price": 8.99,
    "promoPrice": null,
    "pricePerUnit": "0.47 wb",
    "image": "https://www.jumbo.com/dam-images/fit-in/360x360/Products/31072025_1753928254696_1753928299302_571832_FLS_08720181392658_C1N1.png",
    "available": true,
    "promoUntil": null
  },
  {
    "id": "657400STK",
    "title": "Jumbo Goudse Kaas Jong Belegen 48+ Voordeelverpakking 535g",
    "category": "Vleeswaren, kaas en tapas",
    "price": 6.0,
    "promoPrice": null,
    "pricePerUnit": "11.21 kg",
    "image": "https://www.jumbo.com/dam-images/fit-in/360x360/Products/12122024_1734014964689_1734014970766_8718452792498_1.png",
    "available": true,
    "promoUntil": null
  },
  {
    "id": "656718KGR",
    "title": "Wapenaer Goudse Kaas Extra Belegen 48+ Plakken ca. 200 g",
    "category": "Vleeswaren, kaas en tapas",
    "price": 3.9,
    "promoPrice": null,
    "pricePerUnit": "19.49 kg",
    "image": "https://www.jumbo.com/dam-images/fit-in/360x360/Products/23122024_1734960858086_1734960865258_2336142000000_1.png",
    "available": true,
    "promoUntil": null
  },
  {
    "id": "648949KGR",
    "title": "Jumbo Geitenkaas Jong Belegen 50+ ca. 350 g",
    "category": "Vleeswaren, kaas en tapas",
    "price": 7.0,
    "promoPrice": null,
    "pricePerUnit": "19.99 kg",
    "image": "https://www.jumbo.com/dam-images/fit-in/360x360/Products/09082023_1691592168338_1691592183956_2335972000000_1.png",
    "available": true,
    "promoUntil": null
  },
  {
    "id": "554516ZK",
    "title": "Jumbo Tumtum Mix 300 g",
    "category": "Koek, snoep, chocolade en chips",
    "price": 1.69,
    "promoPrice": null,
    "pricePerUnit": "5.63 kg",
    "image": "https://www.jumbo.com/dam-images/fit-in/360x360/Products/09082023_1691592642478_1691592692468_8718452689774_1.png",
    "available": true,
    "promoUntil": null
  },
  {
    "id": "211899STK",
    "title": "De Vergulde Hand Scheerschuim 250 ml",
    "category": "Drogisterij en baby",
    "price": 3.99,
    "promoPrice": null,
    "pricePerUnit": "15.96 l",
    "image": "https://www.jumbo.com/dam-images/fit-in/360x360/Products/18092023_1695033041989_1695033046548_8714319193668_1.png",
    "available": true,
    "promoUntil": null
  },
  {
    "id": "295054STK",
    "title": "Santa Maria Super Soft Medium Tortilla with Whole Wheat & Wheat 8 Stuks 320 g",
    "category": "Wereldkeukens, kruiden, pasta en rijst",
    "price": 2.53,
    "promoPrice": null,
    "pricePerUnit": "7.91 kg",
    "image": "https://www.jumbo.com/dam-images/fit-in/360x360/Products/13092025_1757729422252_1757729443966_295054_STK_07311311020636_C1N1.png",
    "available": true,
    "promoUntil": null
  },
  {
    "id": "273808STK",
    "title": "Pampers Fresh Clean Babydoekjes x208",
    "category": "Drogisterij en baby",
    "price": 9.69,
    "promoPrice": null,
    "pricePerUnit": "0.05 pieces",
    "image": "https://www.jumbo.com/dam-images/fit-in/360x360/Products/05092025_1757038216118_1757038218264_273808_STK_08001841077949_C1N1.png",
    "available": true,
    "promoUntil": null
  },
  {
    "id": "71830FLS",
    "title": "Jumbo Roerbaksaus Kerrie met Paprika 490 g",
    "category": "Wereldkeukens, kruiden, pasta en rijst",
    "price": 1.95,
    "promoPrice": null,
    "pricePerUnit": "3.9 l",
    "image": "https://www.jumbo.com/dam-images/fit-in/360x360/Products/04072025_1751617973992_1751617979323_8718449007154_1.png",
    "available": true,
    "promoUntil": null
  },
  {
    "id": "199785DSL",
    "title": "Zwitsal Billendoekjes Lotion 12 x 65 stuks",
    "category": "Drogisterij en baby",
    "price": 37.74,
    "promoPrice": 26.41,
    "pricePerUnit": "0.03 pieces",
    "image": "https://www.jumbo.com/dam-images/fit-in/360x360/Products/199785DSL-1692282651444.png",
    "available": true,
    "promoUntil": "di 7 okt"
  },
  {
    "id": "26056PAK",
    "title": "Jumbo Crème Dubbels met Crèmevulling 200 g",
    "category": "Koek, snoep, chocolade en chips",
    "price": 2.53,
    "promoPrice": null,
    "pricePerUnit": "12.65 kg",
    "image": "https://www.jumbo.com/dam-images/fit-in/360x360/Products/26032025_1743006790132_1743006798061_8718452387724_1.png",
    "available": true,
    "promoUntil": null
  },
  {
    "id": "637575TRA",
    "title": "Wahid Runderrookvlees 100 g",
    "category": "Vleeswaren, kaas en tapas",
    "price": 3.69,
    "promoPrice": null,
    "pricePerUnit": "36.9 kg",
    "image": "https://www.jumbo.com/dam-images/fit-in/360x360/Products/28032025_1743157993654_1743158000164_8716221098345_1.png",
    "available": true,
    "promoUntil": null
  },
  {
    "id": "450375ZK",
    "title": "Page Compleet Schoon Vochtig Toiletpapier",
    "category": "Huishouden en dieren",
    "price": 1.99,
    "promoPrice": null,
    "pricePerUnit": "0.05 pieces",
    "image": "https://www.jumbo.com/dam-images/fit-in/360x360/Products/20092025_1758333846228_1758333852211_450375_ZK_05029053578781_C1N1.png",
    "available": true,
    "promoUntil": null
  },
  {
    "id": "380011ZK",
    "title": "Jumbo Hutspot 500 g",
    "category": "Aardappelen, groente en fruit",
    "price": 1.69,
    "promoPrice": null,
    "pricePerUnit": "3.38 kg",
    "image": "https://www.jumbo.com/dam-images/fit-in/360x360/Products/07022025_1738956791721_1738956797603_8718452797844_1.png",
    "available": true,
    "promoUntil": null
  },
  {
    "id": "214041PAK",
    "title": "Rummo Mezzi Rigatoni 500 g",
    "category": "Wereldkeukens, kruiden, pasta en rijst",
    "price": 2.49,
    "promoPrice": null,
    "pricePerUnit": "4.98 kg",
    "image": "https://www.jumbo.com/dam-images/fit-in/360x360/Products/214041_8008343200516_1_T1_214041PAK1691290976921.png",
    "available": true,
    "promoUntil": null
  },
  {
    "id": "419038CUP",
    "title": "Jumbo Tomaat Tapenade 150 g",
    "category": "Vleeswaren, kaas en tapas",
    "price": 2.29,
    "promoPrice": null,
    "pricePerUnit": "15.27 kg",
    "image": "https://www.jumbo.com/dam-images/fit-in/360x360/Products/14022024_1707873857321_1707873868975_8718452757299_1.png",
    "available": true,
    "promoUntil": null
  },
  {
    "id": "797146STK",
    "title": "Johma Huzaren Salade 500 g",
    "category": "Verse maaltijden en gemak",
    "price": 2.39,
    "promoPrice": null,
    "pricePerUnit": "4.78 kg",
    "image": "https://www.jumbo.com/dam-images/fit-in/360x360/Products/19012025_1737252102197_1737252116093_797146_STK_00000087209983_H1N1.png",
    "available": true,
    "promoUntil": null
  },
  {
    "id": "649670PAK",
    "title": "Jumbo Zakdoekjes 4 Laags 15 Stuks",
    "category": "Drogisterij en baby",
    "price": 1.5,
    "promoPrice": null,
    "pricePerUnit": "0.1 pieces",
    "image": "https://www.jumbo.com/dam-images/fit-in/360x360/Products/04112024_1730741707950_1730741720497_8718452847143_596.png",
    "available": true,
    "promoUntil": null
  },
  {
    "id": "546733PAK",
    "title": "Verkade Specials Nobo Sprits Melkchocolade 150 g ",
    "category": "Koek, snoep, chocolade en chips",
    "price": 2.08,
    "promoPrice": null,
    "pricePerUnit": "13.87 kg",
    "image": "https://www.jumbo.com/dam-images/fit-in/360x360/Products/25012025_1737772882719_1737772888373_546733_PAK_08710412042599_H1N1.png",
    "available": true,
    "promoUntil": null
  },
  {
    "id": "444372FLS",
    "title": "Robijn Klein&Krachtig Collections Vloeibaar Wasmiddel Color Paradise Secret 19 Wasbeurten",
    "category": "Huishouden en dieren",
    "price": 18.39,
    "promoPrice": null,
    "pricePerUnit": "0.97 wb",
    "image": "https://www.jumbo.com/dam-images/fit-in/360x360/Products/05092025_1757040194453_1757040269173_444372_FLS_08720181098949_C1N1.png",
    "available": true,
    "promoUntil": null
  },
  {
    "id": "387074NET",
    "title": "Jumbo Gele Uien Biologisch 500 g",
    "category": "Aardappelen, groente en fruit",
    "price": 1.19,
    "promoPrice": null,
    "pricePerUnit": "2.38 kg",
    "image": "https://www.jumbo.com/dam-images/fit-in/360x360/Products/09082023_1691587559745_1691587584295_8717154571882_1.png",
    "available": true,
    "promoUntil": null
  },
  {
    "id": "474560DS",
    "title": "Amstel Pilsener 0.0 Bier Fles 6 x 300ml",
    "category": "Bier en wijn",
    "price": 4.99,
    "promoPrice": null,
    "pricePerUnit": "2.77 l",
    "image": "https://www.jumbo.com/dam-images/fit-in/360x360/Products/07012025_1736267693159_1736267697274_8712000057817_1.png",
    "available": true,
    "promoUntil": null
  },
  {
    "id": "583751ZK",
    "title": "Jumbo Biologisch Gesneden Witte Kool 300 g",
    "category": "Aardappelen, groente en fruit",
    "price": 1.99,
    "promoPrice": null,
    "pricePerUnit": "6.63 kg",
    "image": "https://www.jumbo.com/dam-images/fit-in/360x360/Products/07062024_1717759995509_1717760003358_8718452829033_1.png",
    "available": true,
    "promoUntil": null
  },
  {
    "id": "624772DS",
    "title": "Venco Dropmix Gemengd Voordeel 440 g",
    "category": "Koek, snoep, chocolade en chips",
    "price": 3.46,
    "promoPrice": null,
    "pricePerUnit": "7.86 kg",
    "image": "https://www.jumbo.com/dam-images/fit-in/360x360/Products/20022025_1740065607592_1740065613596_8713800254901_1.png",
    "available": true,
    "promoUntil": null
  },
  {
    "id": "228049BAK",
    "title": "Jumbo Varkenssaucijs Biologisch 2 Stuks",
    "category": "Vlees, vis en vega",
    "price": 3.79,
    "promoPrice": null,
    "pricePerUnit": "18.95 kg",
    "image": "https://www.jumbo.com/dam-images/fit-in/360x360/Products/10042025_1744288406858_1744288413019_8718452874316_1.png",
    "available": true,
    "promoUntil": null
  },
  {
    "id": "428444FLS",
    "title": "Fernandes Green Punch 1,5L",
    "category": "Frisdrank en sappen",
    "price": 2.99,
    "promoPrice": null,
    "pricePerUnit": "1.99 l",
    "image": "https://www.jumbo.com/dam-images/fit-in/360x360/Products/21022024_1708522628511_1708522631136_8710642036016_1.png",
    "available": true,
    "promoUntil": null
  },
  {
    "id": "585607CUP",
    "title": "Jumbo Tricolore Schepijs met Aardbei, Vanille en Chocosmaak 1250 g",
    "category": "Diepvries",
    "price": 3.44,
    "promoPrice": null,
    "pricePerUnit": "1.38 l",
    "image": "https://www.jumbo.com/dam-images/fit-in/360x360/Products/24112023_1700836390043_1700836411075_8718452774708_1.png",
    "available": true,
    "promoUntil": null
  },
  {
    "id": "603194PAK",
    "title": "Amstel - Pilsener - Blik Voordeelpack - 7+1 x 500ML",
    "category": "Bier en wijn",
    "price": 8.68,
    "promoPrice": null,
    "pricePerUnit": "2.17 l",
    "image": "https://www.jumbo.com/dam-images/fit-in/360x360/Products/07012025_1736267695570_1736267701505_8712000061647_1.png",
    "available": true,
    "promoUntil": null
  },
  {
    "id": "586131STK",
    "title": "HiPP Bio Combiotik Biologisch 2 Opvolgmelk vanaf 6 Maanden 800 g",
    "category": "Drogisterij en baby",
    "price": 17.81,
    "promoPrice": null,
    "pricePerUnit": "22.26 kg",
    "image": "https://www.jumbo.com/dam-images/fit-in/360x360/Products/10092025_1757468547636_1757468553076_586131_STK_.png",
    "available": true,
    "promoUntil": null
  },
  {
    "id": "660967ZK",
    "title": "Jumbo's Wortel Tortilla Large 6 Stuks",
    "category": "Wereldkeukens, kruiden, pasta en rijst",
    "price": 1.99,
    "promoPrice": null,
    "pricePerUnit": "5.38 kg",
    "image": "https://www.jumbo.com/dam-images/fit-in/360x360/Products/06022025_1738863165759_1738863175283_8718452860906_1.png",
    "available": true,
    "promoUntil": null
  },
  {
    "id": "648171KGR",
    "title": "Jumbo Biologische Kaas Jong Belegen 50+ Stuk ca. 450 g",
    "category": "Vleeswaren, kaas en tapas",
    "price": 7.83,
    "promoPrice": null,
    "pricePerUnit": "17.39 kg",
    "image": "https://www.jumbo.com/dam-images/fit-in/360x360/Products/12122024_1734021201233_1734021206682_2348852000000_1.png",
    "available": true,
    "promoUntil": null
  },
  {
    "id": "179065STK",
    "title": "Centrum Men multivitaminen & multimineralen tabletten, 90 stuks",
    "category": "Drogisterij en baby",
    "price": 27.99,
    "promoPrice": null,
    "pricePerUnit": "0.31 pieces",
    "image": "https://www.jumbo.com/dam-images/fit-in/360x360/Products/24092025_1758672107230_1758672112128_8712769024662_1.png",
    "available": true,
    "promoUntil": null
  },
  {
    "id": "405744STK",
    "title": "Swirl Vuilniszakken met Fixeerband 60 liter 10 stuks",
    "category": "Huishouden en dieren",
    "price": 3.36,
    "promoPrice": null,
    "pricePerUnit": "0.34 pieces",
    "image": "https://www.jumbo.com/dam-images/fit-in/360x360/Products/09052025_1746793968314_1746793973997_4008871215963_1.png",
    "available": true,
    "promoUntil": null
  },
  {
    "id": "624004FLS",
    "title": "Sourcy Vitaminwater Peer-Vlierbloesem Kamille 500ML",
    "category": "Frisdrank en sappen",
    "price": 1.75,
    "promoPrice": null,
    "pricePerUnit": "3.5 l",
    "image": "https://www.jumbo.com/dam-images/fit-in/360x360/Products/12092024_1726103943309_1726103949356_624004_FLS_08715600249415_C1N1.png",
    "available": true,
    "promoUntil": null
  },
  {
    "id": "506451ZK",
    "title": "Jumbo Jodekoeken Naturel 380 g",
    "category": "Koek, snoep, chocolade en chips",
    "price": 1.99,
    "promoPrice": null,
    "pricePerUnit": "5.24 kg",
    "image": "https://www.jumbo.com/dam-images/fit-in/360x360/Products/10082023_1691677710130_1691677737077_8718452646012_1.png",
    "available": true,
    "promoUntil": null
  },
  {
    "id": "508976ZK",
    "title": "Milky Way Minis luchtige chocolade repen uitdeelzak 333g",
    "category": "Koek, snoep, chocolade en chips",
    "price": 4.69,
    "promoPrice": null,
    "pricePerUnit": "14.08 kg",
    "image": "https://www.jumbo.com/dam-images/fit-in/360x360/Products/15052025_1747330435491_1747330461190_5000159561471_596.png",
    "available": true,
    "promoUntil": null
  },
  {
    "id": "427782FLS",
    "title": "Jumbo Bruisend Mineraal Water Zwarte Bes Smaak 1,5 L",
    "category": "Frisdrank en sappen",
    "price": 1.19,
    "promoPrice": null,
    "pricePerUnit": "0.79 l",
    "image": "https://www.jumbo.com/dam-images/fit-in/360x360/Products/14022024_1707872954545_1707872958965_8718452631353_1.png",
    "available": true,
    "promoUntil": null
  },
  {
    "id": "88492PAK",
    "title": "Hansaplast Classic 1 m x 6 cm",
    "category": "Drogisterij en baby",
    "price": 3.29,
    "promoPrice": null,
    "pricePerUnit": "0.33 pieces",
    "image": "https://www.jumbo.com/dam-images/fit-in/360x360/Products/27022024_1708999599345_1708999606418_88492_PAK_04005800175121_C1N1.png",
    "available": true,
    "promoUntil": null
  },
  {
    "id": "419426KGR",
    "title": "Beemster Belegen Stuk 435 g",
    "category": "Vleeswaren, kaas en tapas",
    "price": 8.48,
    "promoPrice": null,
    "pricePerUnit": "19.5 kg",
    "image": "https://www.jumbo.com/dam-images/fit-in/360x360/Products/09082023_1691596485787_1691596496918_2392348000000_1.png",
    "available": true,
    "promoUntil": null
  },
  {
    "id": "539053PAK",
    "title": "Amstel Radler Citroen Bier Blik 6 x 330ml",
    "category": "Bier en wijn",
    "price": 6.29,
    "promoPrice": null,
    "pricePerUnit": "3.18 l",
    "image": "https://www.jumbo.com/dam-images/fit-in/360x360/Products/07012025_1736267693708_1736267696910_8712000059453_1.png",
    "available": true,
    "promoUntil": null
  },
  {
    "id": "421532PAK",
    "title": "Jumbo Brokkenmix met Kip & Groenten voor Volwassen Honden 4 kg",
    "category": "Huishouden en dieren",
    "price": 7.99,
    "promoPrice": null,
    "pricePerUnit": "2.0 kg",
    "image": "https://www.jumbo.com/dam-images/fit-in/360x360/Products/09082023_1691588098031_1691588114089_8718452508822_1.png",
    "available": true,
    "promoUntil": null
  },
  {
    "id": "179702STK",
    "title": "Mora Mini's Funmix Specials 28 Stuks 553 g",
    "category": "Diepvries",
    "price": 7.09,
    "promoPrice": null,
    "pricePerUnit": "12.82 kg",
    "image": "https://www.jumbo.com/dam-images/fit-in/360x360/Products/23032024_1711167439806_1711167451327_179702_STK_08710861995552_C1N1_s04.png",
    "available": true,
    "promoUntil": null
  },
  {
    "id": "31606PAK",
    "title": "Iglo Spinazie met Boursin 450 g",
    "category": "Diepvries",
    "price": 3.28,
    "promoPrice": null,
    "pricePerUnit": "7.29 kg",
    "image": "https://www.jumbo.com/dam-images/fit-in/360x360/Products/03661405000537C1N1c735b2b3-7952-4e38-bc1d-72907237d594-1749022355810.png",
    "available": true,
    "promoUntil": null
  },
  {
    "id": "675812ZK",
    "title": "Kraakman Roombotercake 350 g",
    "category": "Koek, snoep, chocolade en chips",
    "price": 3.79,
    "promoPrice": null,
    "pricePerUnit": "10.83 kg",
    "image": "https://www.jumbo.com/dam-images/fit-in/360x360/Products/18022025_1739896394083_1739896404351_8717624896521_1.png",
    "available": true,
    "promoUntil": null
  },
  {
    "id": "33047FLS",
    "title": "Villa Maria - Sauvignon Blanc - 750 ML",
    "category": "Bier en wijn",
    "price": 9.99,
    "promoPrice": null,
    "pricePerUnit": "13.32 l",
    "image": "https://www.jumbo.com/dam-images/fit-in/360x360/Products/15032025_1742006032885_1742006034421_33047_FLS_09414416305528_C1N1.png",
    "available": true,
    "promoUntil": null
  },
  {
    "id": "674456FLS",
    "title": "Jumbo Fruitsiroop Peer met Appel 750ML",
    "category": "Frisdrank en sappen",
    "price": 3.39,
    "promoPrice": null,
    "pricePerUnit": "4.52 l",
    "image": "https://www.jumbo.com/dam-images/fit-in/360x360/Products/09072025_1752046390939_1752046404085_8718452889105_596.png",
    "available": true,
    "promoUntil": null
  },
  {
    "id": "580158FLS",
    "title": "Karvan Cévitam Zero Watermeloen & Aardbei Siroop 600 ml",
    "category": "Frisdrank en sappen",
    "price": 4.29,
    "promoPrice": null,
    "pricePerUnit": "7.15 l",
    "image": "https://www.jumbo.com/dam-images/fit-in/360x360/Products/19062025_1750295308284_1750295314783_580158_FLS_08710395948772_H1N1.png",
    "available": true,
    "promoUntil": null
  },
  {
    "id": "507804BAK",
    "title": "Jumbo Houmous Mango & Kokos 200 g",
    "category": "Vleeswaren, kaas en tapas",
    "price": 1.79,
    "promoPrice": null,
    "pricePerUnit": "8.95 kg",
    "image": "https://www.jumbo.com/dam-images/fit-in/360x360/Products/10082023_1691677395679_1691677400188_8718452670437_1.png",
    "available": true,
    "promoUntil": null
  },
  {
    "id": "494057ZK",
    "title": "Jumbo Reuze Garnalen 450 g",
    "category": "Diepvries",
    "price": 6.99,
    "promoPrice": null,
    "pricePerUnit": "15.53 kg",
    "image": "https://www.jumbo.com/dam-images/fit-in/360x360/Products/11082023_1691742799211_1691742817379_8718452581573_1.png",
    "available": true,
    "promoUntil": null
  },
  {
    "id": "676431FLS",
    "title": "Dreft MaxPower Lemon Vloeibaar Afwasmiddel 730ml",
    "category": "Huishouden en dieren",
    "price": 7.05,
    "promoPrice": null,
    "pricePerUnit": "9.66 l",
    "image": "https://www.jumbo.com/dam-images/fit-in/360x360/Products/22082025_1755820933154_1755820938147_8700216625050_1.png",
    "available": true,
    "promoUntil": null
  },
  {
    "id": "474823ZK",
    "title": "Frisia Twister Mallows 175 g",
    "category": "Koek, snoep, chocolade en chips",
    "price": 2.21,
    "promoPrice": null,
    "pricePerUnit": "12.63 kg",
    "image": "https://www.jumbo.com/dam-images/fit-in/360x360/Products/26082025_1756172342044_1756172364710_474823_ZK_08710497963321_C1N1.png",
    "available": true,
    "promoUntil": null
  },
  {
    "id": "232655FLS",
    "title": "Enjoy It Rosé Alcoholfree 0,75 L",
    "category": "Bier en wijn",
    "price": 4.29,
    "promoPrice": null,
    "pricePerUnit": "5.72 l",
    "image": "https://www.jumbo.com/dam-images/fit-in/360x360/Products/08092025_1757338394809_1757338397857_4003301084058_1.png",
    "available": true,
    "promoUntil": null
  },
  {
    "id": "208691ZK",
    "title": "Jumbo's Spaghetti 250 g",
    "category": "Wereldkeukens, kruiden, pasta en rijst",
    "price": 2.29,
    "promoPrice": null,
    "pricePerUnit": "9.16 kg",
    "image": "https://www.jumbo.com/dam-images/fit-in/360x360/Products/23092024_1727091276996_1727091286773_8718452832569_1.png",
    "available": true,
    "promoUntil": null
  },
  {
    "id": "644118DS",
    "title": "Honig Macaroni origineel 700g",
    "category": "Wereldkeukens, kruiden, pasta en rijst",
    "price": 1.78,
    "promoPrice": null,
    "pricePerUnit": "2.54 kg",
    "image": "https://www.jumbo.com/dam-images/fit-in/360x360/Products/19042025_1745025286478_1745025297293_644118_DS_08715700126418_H1N1.png",
    "available": true,
    "promoUntil": null
  },
  {
    "id": "372499STK",
    "title": "Propsac PMD Inzamelzakken 12 Stuks",
    "category": "Huishouden en dieren",
    "price": 1.49,
    "promoPrice": null,
    "pricePerUnit": "0.12 pieces",
    "image": "https://www.jumbo.com/dam-images/fit-in/360x360/Products/09082023_1691587015773_1691587022590_8710672894242_1.png",
    "available": true,
    "promoUntil": null
  },
  {
    "id": "439496ZK",
    "title": "Knorr Maaltijdmix Chili con Carne 42 g",
    "category": "Wereldkeukens, kruiden, pasta en rijst",
    "price": 1.69,
    "promoPrice": null,
    "pricePerUnit": "40.24 kg",
    "image": "https://www.jumbo.com/dam-images/fit-in/360x360/Products/09042024_1712669652397_1712669663217_8710522982587_1.png",
    "available": true,
    "promoUntil": null
  },
  {
    "id": "427628FLS",
    "title": "Finish Vaatwasser Verfrisser Citroen - 60 Wasbeurten - 1 Stuk",
    "category": "Huishouden en dieren",
    "price": 4.49,
    "promoPrice": null,
    "pricePerUnit": "4.49 pieces",
    "image": "https://www.jumbo.com/dam-images/fit-in/360x360/Products/10072025_1752113075067_1752113079074_427628_FLS_05410036307915_C1N1_R.png",
    "available": true,
    "promoUntil": null
  },
  {
    "id": "481251FLS",
    "title": "Cif CleanBoost Schuurmiddel Cream Original 750 ml",
    "category": "Huishouden en dieren",
    "price": 3.99,
    "promoPrice": null,
    "pricePerUnit": "5.32 l",
    "image": "https://www.jumbo.com/dam-images/fit-in/360x360/Products/15082025_1755226225344_1755226276099_481251_FLS_08720182346131_H1N1.png",
    "available": true,
    "promoUntil": null
  },
  {
    "id": "208855STK",
    "title": "Jumbo Oranje Pompoen Biologisch",
    "category": "Aardappelen, groente en fruit",
    "price": 2.78,
    "promoPrice": null,
    "pricePerUnit": "2.78 pieces",
    "image": "https://www.jumbo.com/dam-images/fit-in/360x360/Products/18092023_1695042104388_1695042114223_8718452107629_1.png",
    "available": true,
    "promoUntil": null
  },
  {
    "id": "702956ZK",
    "title": "Jumbo Aardappelen Kruimig/ Stamppot 600 g",
    "category": "Aardappelen, groente en fruit",
    "price": 1.49,
    "promoPrice": null,
    "pricePerUnit": "2.48 kg",
    "image": "https://www.jumbo.com/dam-images/fit-in/360x360/Products/03092025_1756906417275_1756906424857_8718452928200_1.png",
    "available": true,
    "promoUntil": null
  }
]