[
  {
    "id": "344912STK",
    "title": "Zendium Tandpasta Extra Fresh 75 ml",
    "category": "Drogisterij en baby",
    "price": 4.99,
    "promoPrice": null,
    "pricePerUnit": "66.53 l",
    "image": "https://www.jumbo.com/dam-images/fit-in/360x360/Products/13082025_1755048726796_1755048747688_344912_STK_08710604793575_H1N1.png",
    "available": true,
    "promoUntil": null
  },
  {
    "id": "565892DS",
    "title": "Knorr Wereldgerechten Foodtrips Taquitos 226 g",
    "category": "Wereldkeukens, kruiden, pasta en rijst",
    "price": 5.25,
    "promoPrice": null,
    "pricePerUnit": "23.23 kg",
    "image": "https://www.jumbo.com/dam-images/fit-in/360x360/Products/27032025_1743045101301_1743045169569_565892_DS_08720182652065_C1N1.png",
    "available": true,
    "promoUntil": null
  },
  {
    "id": "628740DS",
    "title": "Jumbo Wasmiddeldoekjes 20 Stuks",
    "category": "Huishouden en dieren",
    "price": 4.99,
    "promoPrice": null,
    "pricePerUnit": "0.25 pieces",
    "image": "https://www.jumbo.com/dam-images/fit-in/360x360/Products/03102024_1727920557715_1727920562725_628740_DS_08718452795444_C1N1_s01.png",
    "available": true,
    "promoUntil": null
  },
  {
    "id": "434731FLS",
    "title": "Jumbo Ice Tea Sparkling Original 500ML",
    "category": "Frisdrank en sappen",
    "price": 0.59,
    "promoPrice": null,
    "pricePerUnit": "1.18 l",
    "image": "https://www.jumbo.com/dam-images/fit-in/360x360/Products/09082023_1691589580895_1691589606319_8718452537464_1.png",
    "available": true,
    "promoUntil": null
  },
  {
    "id": "530017FLS",
    "title": "Cherry Bouquet Zero Sugar 1,5L",
    "category": "Frisdrank en sappen",
    "price": 2.99,
    "promoPrice": null,
    "pricePerUnit": "1.99 l",
    "image": "https://www.jumbo.com/dam-images/fit-in/360x360/Products/04072024_1720064558869_1720064563691_530017_FLS_08710642037730_H1N1.png",
    "available": true,
    "promoUntil": null
  },
  {
    "id": "382809FLS",
    "title": "Uchibori Rice Vinegar 360 ml",
    "category": "Wereldkeukens, kruiden, pasta en rijst",
    "price": 3.29,
    "promoPrice": null,
    "pricePerUnit": "9.14 l",
    "image": "https://www.jumbo.com/dam-images/fit-in/360x360/Products/17092024_1726580062120_1726580068078_4970285013353_1.png",
    "available": true,
    "promoUntil": null
  },
  {
    "id": "687708ZK",
    "title": "Croky Chips Explosions Sea Salt 150g",
    "category": "Koek, snoep, chocolade en chips",
    "price": 1.99,
    "promoPrice": null,
    "pricePerUnit": "13.27 kg",
    "image": "https://www.jumbo.com/dam-images/fit-in/360x360/Products/17062025_1750152846872_1750152863301_5414359962608_596.png",
    "available": true,
    "promoUntil": null
  },
  {
    "id": "645705KGR",
    "title": "Jumbo Filet d'Ardenne ca. 100 g",
    "category": "Vleeswaren, kaas en tapas",
    "price": 3.45,
    "promoPrice": null,
    "pricePerUnit": "34.5 kg",
    "image": "https://www.jumbo.com/dam-images/fit-in/360x360/Products/07072025_1751887997190_1751888003109_2353079000000_1.png",
    "available": true,
    "promoUntil": null
  },
  {
    "id": "283558STK",
    "title": "Jumbo Nasi Speciaal Mix 39 g",
    "category": "Wereldkeukens, kruiden, pasta en rijst",
    "price": 0.89,
    "promoPrice": null,
    "pricePerUnit": "22.82 kg",
    "image": "https://www.jumbo.com/dam-images/fit-in/360x360/Products/10082023_1691675030315_1691675064489_8718452376124_1.png",
    "available": true,
    "promoUntil": null
  },
  {
    "id": "177612STK",
    "title": "Citrosan Poeder voor hete citroendrank, 15 zakjes",
    "category": "Drogisterij en baby",
    "price": 13.49,
    "promoPrice": null,
    "pricePerUnit": "0.9 pieces",
    "image": "https://www.jumbo.com/dam-images/fit-in/360x360/Products/24092025_1758672091012_1758672104246_5000167046045_1.png",
    "available": true,
    "promoUntil": null
  },
  {
    "id": "687754ZK",
    "title": "Special Nuts Ongezouten Cashewnoten 200 g",
    "category": "Koek, snoep, chocolade en chips",
    "price": 2.39,
    "promoPrice": null,
    "pricePerUnit": "11.95 kg",
    "image": "https://www.jumbo.com/dam-images/fit-in/360x360/Products/07052025_1746631967618_1746631974340_8714073145149_1.png",
    "available": true,
    "promoUntil": null
  },
  {
    "id": "206740STK",
    "title": "Jumbo Large Inlegkruisjes 26 Stuks",
    "category": "Drogisterij en baby",
    "price": 0.89,
    "promoPrice": null,
    "pricePerUnit": "0.03 pieces",
    "image": "https://www.jumbo.com/dam-images/fit-in/360x360/Products/28092023_1695921250837_1695921265233_8718452693337_1.png",
    "available": true,
    "promoUntil": null
  },
  {
    "id": "235532STK",
    "title": "Grand'Italia Pasta Penne all'Uovo 500 g",
    "category": "Wereldkeukens, kruiden, pasta en rijst",
    "price": 2.56,
    "promoPrice": null,
    "pricePerUnit": "5.12 kg",
    "image": "https://www.jumbo.com/dam-images/fit-in/360x360/Products/25052024_1716603584455_1716603587917_235532_STK_08000050026113_H1N1.png",
    "available": true,
    "promoUntil": null
  },
  {
    "id": "237966STK",
    "title": "Verstegen Rozemarijn Gebroken 20 g",
    "category": "Wereldkeukens, kruiden, pasta en rijst",
    "price": 2.59,
    "promoPrice": null,
    "pricePerUnit": "129.5 kg",
    "image": "https://www.jumbo.com/dam-images/fit-in/360x360/Products/30082024_1724985072572_1724985076891_237966_STK_08712200757203_C1N1.png",
    "available": true,
    "promoUntil": null
  },
  {
    "id": "81923STK",
    "title": "Fluimucil hoestdrank forte, 200 ml (40 mg/ml)",
    "category": "Drogisterij en baby",
    "price": 12.99,
    "promoPrice": null,
    "pricePerUnit": "64.95 l",
    "image": "https://www.jumbo.com/dam-images/fit-in/360x360/Products/24092025_1758672060061_1758672065996_8717056281070_1.png",
    "available": true,
    "promoUntil": null
  },
  {
    "id": "227436PAK",
    "title": "Conimex Boemboe Nasi Goreng 95 g",
    "category": "Wereldkeukens, kruiden, pasta en rijst",
    "price": 1.87,
    "promoPrice": null,
    "pricePerUnit": "19.68 kg",
    "image": "https://www.jumbo.com/dam-images/fit-in/360x360/Products/15082025_1755220836057_1755220876779_227436_PAK_08711200403417_C1N1.png",
    "available": true,
    "promoUntil": null
  },
  {
    "id": "406139ZK",
    "title": "Slooow Bio Organic Rustieke Meergranen Baguette 250 g",
    "category": "Brood en gebak",
    "price": 2.45,
    "promoPrice": null,
    "pricePerUnit": "9.8 kg",
    "image": "https://www.jumbo.com/dam-images/fit-in/360x360/Products/28042025_1745850768024_1745850773291_8718564135282_1.png",
    "available": true,
    "promoUntil": null
  },
  {
    "id": "225234STK",
    "title": "Mora Vegetarische Draadjesvleesch Bitterballen 240 g",
    "category": "Diepvries",
    "price": 4.39,
    "promoPrice": null,
    "pricePerUnit": "18.29 kg",
    "image": "https://www.jumbo.com/dam-images/fit-in/360x360/Products/07052025_1746582636071_1746582645545_225234_STK_08710861999666_H1N1.png",
    "available": true,
    "promoUntil": null
  },
  {
    "id": "469607FLS",
    "title": "Spa TOUCH Bruisend Watermelon Kiwi 1L",
    "category": "Frisdrank en sappen",
    "price": 1.76,
    "promoPrice": null,
    "pricePerUnit": "1.76 l",
    "image": "https://www.jumbo.com/dam-images/fit-in/360x360/Products/23092025_1758591193716_1758591195722_469607_FLS_05410013163831_H1N1.png",
    "available": true,
    "promoUntil": null
  },
  {
    "id": "176572STK",
    "title": "Haribo Starmix 250 g",
    "category": "Koek, snoep, chocolade en chips",
    "price": 1.85,
    "promoPrice": null,
    "pricePerUnit": "7.4 kg",
    "image": "https://www.jumbo.com/dam-images/fit-in/360x360/Products/06092025_1757124041324_1757124058411_176572_STK_04001686726556_H1N1.png",
    "available": true,
    "promoUntil": null
  },
  {
    "id": "648134KGR",
    "title": "Jumbo Geitenkaas 50+ Oud ca. 180 g",
    "category": "Vleeswaren, kaas en tapas",
    "price": 5.11,
    "promoPrice": null,
    "pricePerUnit": "28.39 kg",
    "image": "https://www.jumbo.com/dam-images/fit-in/360x360/Products/26082025_1756218790030_1756218795380_2336036000000_1.png",
    "available": true,
    "promoUntil": null
  },
  {
    "id": "709500STK",
    "title": "Whiskas Adult Kattenbrokken Kip zak 7 kg",
    "category": "Huishouden en dieren",
    "price": 27.99,
    "promoPrice": null,
    "pricePerUnit": "4.0 kg",
    "image": "https://www.jumbo.com/dam-images/fit-in/360x360/Products/11072025_1752258785253_1752258800987_5900951259227_596.png",
    "available": true,
    "promoUntil": null
  },
  {
    "id": "576821DSL",
    "title": "6 x Organix Knijpfruit Haver, Appel, Banaan, Aardbei, Bosbes 12mnd",
    "category": "Drogisterij en baby",
    "price": 8.28,
    "promoPrice": null,
    "pricePerUnit": "13.8 kg",
    "image": "https://www.jumbo.com/dam-images/fit-in/360x360/Products/576821DSL19e03632a-4fb8-4ea9-8d94-add06a82f7d9-1711454243176.png",
    "available": true,
    "promoUntil": null
  },
  {
    "id": "505047DS",
    "title": "Autodrop Doorgedraaide Duo Mix 280 g",
    "category": "Koek, snoep, chocolade en chips",
    "price": 2.81,
    "promoPrice": null,
    "pricePerUnit": "10.04 kg",
    "image": "https://www.jumbo.com/dam-images/fit-in/360x360/Products/10042024_1712756113216_1712756123614_8710452401820_1.png",
    "available": true,
    "promoUntil": null
  },
  {
    "id": "610978FLS",
    "title": "La Trappe - Trappist Nillis - 0.0% Alcoholvrij - Fles - 330ML",
    "category": "Bier en wijn",
    "price": 1.99,
    "promoPrice": null,
    "pricePerUnit": "6.03 l",
    "image": "https://www.jumbo.com/dam-images/fit-in/360x360/Products/10042024_1712745253521_1712745257311_8711406000069_1.png",
    "available": true,
    "promoUntil": null
  },
  {
    "id": "533420FLS",
    "title": "Marcel's Green Soap allesreiniger Sinaasappel & Jasmijn - 750ml",
    "category": "Huishouden en dieren",
    "price": 3.49,
    "promoPrice": null,
    "pricePerUnit": "4.65 l",
    "image": "https://www.jumbo.com/dam-images/fit-in/360x360/Products/05082025_1754357215329_1754357218351_533420_FLS_08719189416046_C1N1.png",
    "available": true,
    "promoUntil": null
  },
  {
    "id": "680980TRA",
    "title": "Jumbo Sperziebonen Slavink met Krieltjes & Champignonsaus 500 g",
    "category": "Verse maaltijden en gemak",
    "price": 5.45,
    "promoPrice": null,
    "pricePerUnit": "10.9 kg",
    "image": "https://www.jumbo.com/dam-images/fit-in/360x360/Products/26042025_1745639325256_1745639329407_680980_TRA_08718452896288_C1N1.png",
    "available": true,
    "promoUntil": null
  },
  {
    "id": "610023FLS",
    "title": "Kasteel Rouge Fles 330ML",
    "category": "Bier en wijn",
    "price": 2.19,
    "promoPrice": null,
    "pricePerUnit": "6.64 l",
    "image": "https://www.jumbo.com/dam-images/fit-in/360x360/Products/11032025_1741696365920_1741696371443_5411081003654_1.png",
    "available": true,
    "promoUntil": null
  },
  {
    "id": "174978STK",
    "title": "Neutral Vloeibare Handzeep 0% 250 ml",
    "category": "Drogisterij en baby",
    "price": 4.35,
    "promoPrice": null,
    "pricePerUnit": "17.4 l",
    "image": "https://www.jumbo.com/dam-images/fit-in/360x360/Products/15082025_1755224568421_1755224592757_174978_STK_08710908412691_H1N1.png",
    "available": true,
    "promoUntil": null
  },
  {
    "id": "391873ZK",
    "title": "Jumbo Minikrieltjes Bistro 200 g",
    "category": "Aardappelen, groente en fruit",
    "price": 0.85,
    "promoPrice": null,
    "pricePerUnit": "4.25 kg",
    "image": "https://www.jumbo.com/dam-images/fit-in/360x360/Products/09072024_1720517717936_1720517723462_8718452819157_1.png",
    "available": true,
    "promoUntil": null
  },
  {
    "id": "628763ZK",
    "title": "Jumbo Taai Taai de Originele 500 g",
    "category": "Koek, snoep, chocolade en chips",
    "price": 1.99,
    "promoPrice": null,
    "pricePerUnit": "3.98 kg",
    "image": "https://www.jumbo.com/dam-images/fit-in/360x360/Products/04032025_1741116746949_1741116753424_8718452310746_1.png",
    "available": true,
    "promoUntil": null
  },
  {
    "id": "96004FLS",
    "title": "Fiorelli - Moscato - 750ML",
    "category": "Bier en wijn",
    "price": 4.99,
    "promoPrice": null,
    "pricePerUnit": "6.65 l",
    "image": "https://www.jumbo.com/dam-images/fit-in/360x360/Products/14022024_1707879697809_1707879700071_96004_FLS_08002915000023_C1N1.png",
    "available": true,
    "promoUntil": null
  },
  {
    "id": "381776STK",
    "title": "3G Professioneel Vloeibare Ontstopper 500 ml",
    "category": "Huishouden en dieren",
    "price": 2.65,
    "promoPrice": null,
    "pricePerUnit": "5.3 l",
    "image": "https://www.jumbo.com/dam-images/fit-in/360x360/Products/09082023_1691587396886_1691587404598_8712423030077_1.png",
    "available": true,
    "promoUntil": null
  },
  {
    "id": "669748FLS",
    "title": "Slimpie Ice Tea Green Smaak Siroop 300 ml",
    "category": "Frisdrank en sappen",
    "price": 1.99,
    "promoPrice": null,
    "pricePerUnit": "6.63 l",
    "image": "https://www.jumbo.com/dam-images/fit-in/360x360/Products/14062025_1749869565584_1749869575519_669748_FLS_08719214811556_C1N1.png",
    "available": true,
    "promoUntil": null
  },
  {
    "id": "666850BLK",
    "title": "Yaya Kombucha Ginger 330ML",
    "category": "Frisdrank en sappen",
    "price": 2.29,
    "promoPrice": null,
    "pricePerUnit": "6.94 l",
    "image": "https://www.jumbo.com/dam-images/fit-in/360x360/Products/21032025_1742571169156_1742571178474_8720387731220_1.png",
    "available": true,
    "promoUntil": null
  },
  {
    "id": "575940CUP",
    "title": "Jumbo Gezouten Macadamia's 90 g",
    "category": "Koek, snoep, chocolade en chips",
    "price": 3.21,
    "promoPrice": null,
    "pricePerUnit": "35.67 kg",
    "image": "https://www.jumbo.com/dam-images/fit-in/360x360/Products/06022024_1707237251941_1707237258879_8718452740093_1.png",
    "available": true,
    "promoUntil": null
  },
  {
    "id": "611244BAK",
    "title": "Jumbo Aziatische Keuken Balletjes Babi Ketjap 260 g",
    "category": "Verse maaltijden en gemak",
    "price": 3.59,
    "promoPrice": null,
    "pricePerUnit": "13.81 kg",
    "image": "https://www.jumbo.com/dam-images/fit-in/360x360/Products/19042024_1713526453189_1713526462127_8718452808021_1.png",
    "available": true,
    "promoUntil": null
  },
  {
    "id": "540494BLK",
    "title": "Nexba Kombucha Mixed Berry Blik 330 ML",
    "category": "Frisdrank en sappen",
    "price": 1.59,
    "promoPrice": null,
    "pricePerUnit": "4.82 l",
    "image": "https://www.jumbo.com/dam-images/fit-in/360x360/Products/14022024_1707872797178_1707872801252_5060770731134_1.png",
    "available": true,
    "promoUntil": null
  },
  {
    "id": "462323ZK",
    "title": "Jumbo Lekker Vrij van Gluten Meergranen Tortilla 160 g",
    "category": "Wereldkeukens, kruiden, pasta en rijst",
    "price": 2.89,
    "promoPrice": null,
    "pricePerUnit": "18.06 kg",
    "image": "https://www.jumbo.com/dam-images/fit-in/360x360/Products/29042025_1745919266764_1745919275553_8718452594610_1.png",
    "available": true,
    "promoUntil": null
  },
  {
    "id": "664651ZK",
    "title": "Venco Tikkels Mix van Drop & Fruit 245 g",
    "category": "Koek, snoep, chocolade en chips",
    "price": 2.56,
    "promoPrice": null,
    "pricePerUnit": "10.45 kg",
    "image": "https://www.jumbo.com/dam-images/fit-in/360x360/Products/31012025_1738285367026_1738285373122_8713800255502_1.png",
    "available": true,
    "promoUntil": null
  },
  {
    "id": "610241DS",
    "title": "Sultana Mueslireep Rood Fruit Smaak & Hazelnoot 5 Stuks 125 g",
    "category": "Koek, snoep, chocolade en chips",
    "price": 2.29,
    "promoPrice": null,
    "pricePerUnit": "18.32 kg",
    "image": "https://www.jumbo.com/dam-images/fit-in/360x360/Products/18012024_1705549002814_1705549008486_610241_DS_08710412044043_C1N1.png",
    "available": true,
    "promoUntil": null
  },
  {
    "id": "608040BLK",
    "title": "Red Bull Energy Drink Juneberrysmaak The Sea Blue Edition 250 ml",
    "category": "Frisdrank en sappen",
    "price": 1.69,
    "promoPrice": null,
    "pricePerUnit": "6.76 l",
    "image": "https://www.jumbo.com/dam-images/fit-in/360x360/Products/12122024_1734014862277_1734014865284_90456534_1.png",
    "available": true,
    "promoUntil": null
  },
  {
    "id": "622480FLS",
    "title": "Vanish Oxi Action Vlekverwijderaar Spray 500ML",
    "category": "Huishouden en dieren",
    "price": 7.99,
    "promoPrice": null,
    "pricePerUnit": "15.98 l",
    "image": "https://www.jumbo.com/dam-images/fit-in/360x360/Products/10072025_1752113278340_1752113281143_622480_FLS_08710552274591_A1N1.png",
    "available": true,
    "promoUntil": null
  },
  {
    "id": "616695BUS",
    "title": "Rexona Men Advanced Protection Anti-Transpirant Deodorant Spray Sensitive 150 ml",
    "category": "Drogisterij en baby",
    "price": 5.99,
    "promoPrice": null,
    "pricePerUnit": "39.93 l",
    "image": "https://www.jumbo.com/dam-images/fit-in/360x360/Products/08042025_1744079433380_1744079472802_616695_BUS_08720181446191_H1N1.png",
    "available": true,
    "promoUntil": null
  },
  {
    "id": "610228PAK",
    "title": "Sultana FruitBiscuits Mix 8-pak",
    "category": "Koek, snoep, chocolade en chips",
    "price": 3.95,
    "promoPrice": null,
    "pricePerUnit": "0.49 pieces",
    "image": "https://www.jumbo.com/dam-images/fit-in/360x360/Products/19092025_1758249479278_1758249487453_610228_PAK_08710412043947_H1N1.png",
    "available": true,
    "promoUntil": null
  },
  {
    "id": "218406STK",
    "title": "Jumbo Snack Kip Sushi 100 g",
    "category": "Huishouden en dieren",
    "price": 1.89,
    "promoPrice": null,
    "pricePerUnit": "18.9 kg",
    "image": "https://www.jumbo.com/dam-images/fit-in/360x360/Products/17032025_1742229208559_1742229215519_8718452584048_1.png",
    "available": true,
    "promoUntil": null
  },
  {
    "id": "679466FLS",
    "title": "Spa Touch Passion Fizz Smaak Bruisend 50 cl",
    "category": "Frisdrank en sappen",
    "price": 1.18,
    "promoPrice": null,
    "pricePerUnit": "2.36 l",
    "image": "https://www.jumbo.com/dam-images/fit-in/360x360/Products/13082025_1755051548595_1755051553732_679466_FLS_05410013815082_H1N1.png",
    "available": true,
    "promoUntil": null
  },
  {
    "id": "501894ZK",
    "title": "Jumbo Biologisch Ongebrande Paranoten 175 g",
    "category": "Aardappelen, groente en fruit",
    "price": 3.79,
    "promoPrice": null,
    "pricePerUnit": "21.66 kg",
    "image": "https://www.jumbo.com/dam-images/fit-in/360x360/Products/09082023_1691590664437_1691590674114_8718452633647_1.png",
    "available": true,
    "promoUntil": null
  },
  {
    "id": "568911ZK",
    "title": "Fruittella Mini Vegan Uitdeelzak 16 stuks",
    "category": "Koek, snoep, chocolade en chips",
    "price": 2.81,
    "promoPrice": null,
    "pricePerUnit": "14.05 kg",
    "image": "https://www.jumbo.com/dam-images/fit-in/360x360/Products/16102024_1729044885004_1729044903913_568911_ZK_08723400798033_C1N1.png",
    "available": true,
    "promoUntil": null
  },
  {
    "id": "154102PAK",
    "title": "Knorr Saus in Pak Kerriesaus 300 ml",
    "category": "Wereldkeukens, kruiden, pasta en rijst",
    "price": 2.66,
    "promoPrice": null,
    "pricePerUnit": "8.87 l",
    "image": "https://www.jumbo.com/dam-images/fit-in/360x360/Products/26042025_1745639220510_1745639304011_154102_PAK_08712100725692_H1N1.png",
    "available": true,
    "promoUntil": null
  },
  {
    "id": "506945ZK",
    "title": "Jumbo Reepjes in Saus 8 x 85 g",
    "category": "Huishouden en dieren",
    "price": 4.59,
    "promoPrice": null,
    "pricePerUnit": "0.57 pieces",
    "image": "https://www.jumbo.com/dam-images/fit-in/360x360/Products/506945_8718452654482_1_T1_506945ZK1691136789014.png",
    "available": true,
    "promoUntil": null
  },
  {
    "id": "675399TRA",
    "title": "Verdino Plant-Based Salami 80 g",
    "category": "Vleeswaren, kaas en tapas",
    "price": 2.99,
    "promoPrice": null,
    "pricePerUnit": "37.38 kg",
    "image": "https://www.jumbo.com/dam-images/fit-in/360x360/Products/12052025_1747012275529_1747012285211_675399_TRA_05941866614855_C1N1.png",
    "available": true,
    "promoUntil": null
  },
  {
    "id": "664909ZK",
    "title": "Venco Boerderijdrop Hard Zout 235 g",
    "category": "Koek, snoep, chocolade en chips",
    "price": 2.56,
    "promoPrice": null,
    "pricePerUnit": "10.89 kg",
    "image": "https://www.jumbo.com/dam-images/fit-in/360x360/Products/18012025_1737168359012_1737168367118_664909_ZK_08713800256141_H1N1.png",
    "available": true,
    "promoUntil": null
  },
  {
    "id": "528099CUP",
    "title": "Jumbo Kipsalade Thaise Stijl 150 g",
    "category": "Vleeswaren, kaas en tapas",
    "price": 2.19,
    "promoPrice": null,
    "pricePerUnit": "14.6 kg",
    "image": "https://www.jumbo.com/dam-images/fit-in/360x360/Products/14022024_1707873701005_1707873707739_8718452757879_1.png",
    "available": true,
    "promoUntil": null
  },
  {
    "id": "680073FLS",
    "title": "DermaXPro by Head & Shoulders Kalmeert Anti-roos shampoo 250ml met aloë vera",
    "category": "Drogisterij en baby",
    "price": 7.99,
    "promoPrice": null,
    "pricePerUnit": "31.96 l",
    "image": "https://www.jumbo.com/dam-images/fit-in/360x360/Products/15082025_1755216056702_1755216060402_8700216532440_1.png",
    "available": true,
    "promoUntil": null
  },
  {
    "id": "670045DS",
    "title": "Original Wagner Big Sensation Salami & BBQ 450 g",
    "category": "Diepvries",
    "price": 4.99,
    "promoPrice": null,
    "pricePerUnit": "11.09 kg",
    "image": "https://www.jumbo.com/dam-images/fit-in/360x360/Products/30012025_1738205378855_1738205386758_670045_DS_.png",
    "available": true,
    "promoUntil": null
  },
  {
    "id": "664902BLK",
    "title": "Charlie's Sparkling Water Cassis 330ML",
    "category": "Frisdrank en sappen",
    "price": 1.08,
    "promoPrice": null,
    "pricePerUnit": "3.27 l",
    "image": "https://www.jumbo.com/dam-images/fit-in/360x360/Products/08718858612093C1N12ccddc2e-7104-40d4-9ecf-fd198ce559bc-1735811904485.png",
    "available": true,
    "promoUntil": null
  },
  {
    "id": "183913STK",
    "title": "Tena Discreet Normal Verbanden 12 Stuks",
    "category": "Drogisterij en baby",
    "price": 4.79,
    "promoPrice": null,
    "pricePerUnit": "0.4 pieces",
    "image": "https://www.jumbo.com/dam-images/fit-in/360x360/Products/31122024_1735614627478_1735614629649_183913_STK_.png",
    "available": true,
    "promoUntil": null
  },
  {
    "id": "585520CUP",
    "title": "Jumbo Salted Caramel Roomijs 527 g",
    "category": "Diepvries",
    "price": 2.99,
    "promoPrice": null,
    "pricePerUnit": "2.99 l",
    "image": "https://www.jumbo.com/dam-images/fit-in/360x360/Products/24112023_1700836389949_1700836412575_8718452773978_1.png",
    "available": true,
    "promoUntil": null
  },
  {
    "id": "608726TRA",
    "title": "Jumbo Crèmepaté Naturel 150 g",
    "category": "Vleeswaren, kaas en tapas",
    "price": 1.49,
    "promoPrice": null,
    "pricePerUnit": "9.93 kg",
    "image": "https://www.jumbo.com/dam-images/fit-in/360x360/Products/12122024_1734014581263_1734014585157_8718452617524_1.png",
    "available": true,
    "promoUntil": null
  },
  {
    "id": "623998DS",
    "title": "Wilhelmina Pepermunt Suikervrij 3p Portrait 111g",
    "category": "Koek, snoep, chocolade en chips",
    "price": 1.97,
    "promoPrice": null,
    "pricePerUnit": "17.75 kg",
    "image": "https://www.jumbo.com/dam-images/fit-in/360x360/Products/05072024_1720146992526_1720147007162_623998_DS_08710559000162_C1N1.png",
    "available": true,
    "promoUntil": null
  },
  {
    "id": "673440FLS",
    "title": "Sonrisa - Bobal Rosado - 750ML",
    "category": "Bier en wijn",
    "price": 3.69,
    "promoPrice": null,
    "pricePerUnit": "4.92 l",
    "image": "https://www.jumbo.com/dam-images/fit-in/360x360/Products/11042025_1744378429016_1744378433202_8420202008062_1.png",
    "available": true,
    "promoUntil": null
  },
  {
    "id": "202836ZK",
    "title": "Fairtrade Original Thaise Bruine Rijstnoedels 225 g",
    "category": "Wereldkeukens, kruiden, pasta en rijst",
    "price": 3.13,
    "promoPrice": null,
    "pricePerUnit": "13.91 kg",
    "image": "https://www.jumbo.com/dam-images/fit-in/360x360/Products/28032025_1743132920189_1743132925265_202836_ZK_08711741353882_C1N1.png",
    "available": true,
    "promoUntil": null
  },
  {
    "id": "176733POT",
    "title": "Go-Tan Djahé Gember 30g",
    "category": "Wereldkeukens, kruiden, pasta en rijst",
    "price": 1.89,
    "promoPrice": null,
    "pricePerUnit": "63.0 kg",
    "image": "https://www.jumbo.com/dam-images/fit-in/360x360/Products/20122023_1703042066111_1703042071273_176733_POT_08710605092431_C1N1.png",
    "available": true,
    "promoUntil": null
  },
  {
    "id": "667150PAK",
    "title": "Van de Boom Peer Siroop  0,75L",
    "category": "Frisdrank en sappen",
    "price": 2.99,
    "promoPrice": null,
    "pricePerUnit": "3.99 l",
    "image": "https://www.jumbo.com/dam-images/fit-in/360x360/Products/04092025_1756996412263_1756996423410_8720157402749_596.png",
    "available": true,
    "promoUntil": null
  },
  {
    "id": "26247PAK",
    "title": "Al'Fez Moroccan Spiced Couscous 200 g",
    "category": "Wereldkeukens, kruiden, pasta en rijst",
    "price": 2.89,
    "promoPrice": null,
    "pricePerUnit": "14.45 kg",
    "image": "https://www.jumbo.com/dam-images/fit-in/360x360/Products/14122024_1734153033326_1734153045167_26247_PAK_05010338103262_H1N1.png",
    "available": true,
    "promoUntil": null
  },
  {
    "id": "558487BLK",
    "title": "MC Brown & Son - Rum & Cola - 250ML",
    "category": "Bier en wijn",
    "price": 1.89,
    "promoPrice": null,
    "pricePerUnit": "7.56 l",
    "image": "https://www.jumbo.com/dam-images/fit-in/360x360/Products/558487_4062073012355_1_T1_207744BLK1691079056708.png",
    "available": true,
    "promoUntil": null
  },
  {
    "id": "640545KGR",
    "title": "Jumbo Kaiser Jagdwurst ca. 100 g",
    "category": "Vleeswaren, kaas en tapas",
    "price": 2.0,
    "promoPrice": null,
    "pricePerUnit": "20.0 kg",
    "image": "https://www.jumbo.com/dam-images/fit-in/360x360/Products/09092025_1757421317907_1757421321923_2369013000000_1.png",
    "available": true,
    "promoUntil": null
  },
  {
    "id": "595072ZK",
    "title": "Bibigo Gyoza Mandu Kimchi & Chicken 300 g",
    "category": "Diepvries",
    "price": 4.49,
    "promoPrice": null,
    "pricePerUnit": "14.97 kg",
    "image": "https://www.jumbo.com/dam-images/fit-in/360x360/Products/10092024_1725935931066_1725935934506_595072_ZK_04016337911212_A1N1.png",
    "available": true,
    "promoUntil": null
  },
  {
    "id": "714814KGR",
    "title": "Jumbo Ovengebakken Kipfilet Provencaals ca. 110 g",
    "category": "Vleeswaren, kaas en tapas",
    "price": 2.0,
    "promoPrice": null,
    "pricePerUnit": "17.39 kg",
    "image": "https://www.jumbo.com/dam-images/fit-in/360x360/Products/20082025_1755714774338_1755714780789_2308067000000_1.png",
    "available": true,
    "promoUntil": null
  },
  {
    "id": "682998ZK",
    "title": "Whiskas Temptations Kattensnacks met Kip & Kaas 60 g",
    "category": "Huishouden en dieren",
    "price": 2.37,
    "promoPrice": null,
    "pricePerUnit": "39.5 kg",
    "image": "https://www.jumbo.com/dam-images/fit-in/360x360/Products/31032025_1743413561766_1743413578877_5998749146187_596.png",
    "available": true,
    "promoUntil": null
  },
  {
    "id": "161912DS",
    "title": "Verkade Ovengebakken Shuttels Kaas | Ui 150 g",
    "category": "Koek, snoep, chocolade en chips",
    "price": 1.65,
    "promoPrice": null,
    "pricePerUnit": "11.0 kg",
    "image": "https://www.jumbo.com/dam-images/fit-in/360x360/Products/01032025_1740800382911_1740800389371_161912_DS_08710412973657_H1N1.png",
    "available": true,
    "promoUntil": null
  },
  {
    "id": "663395FLS",
    "title": "NIVEA Q10 Verstevigende Body Lotion - +72 uur hydratatie - 250ml",
    "category": "Drogisterij en baby",
    "price": 12.19,
    "promoPrice": null,
    "pricePerUnit": "48.76 l",
    "image": "https://www.jumbo.com/dam-images/fit-in/360x360/Products/20052025_1747744435152_1747744437761_4006000084404_1.png",
    "available": true,
    "promoUntil": null
  },
  {
    "id": "149035PAK",
    "title": "Jumbo Schelpenzand 2,2 kg",
    "category": "Huishouden en dieren",
    "price": 2.49,
    "promoPrice": null,
    "pricePerUnit": "1.13 kg",
    "image": "https://www.jumbo.com/dam-images/fit-in/360x360/Products/10082023_1691674905151_1691674919350_8718452065066_1.png",
    "available": true,
    "promoUntil": null
  },
  {
    "id": "680328STK",
    "title": "HEMA Ovenwant Stip Groen 1 Stuk",
    "category": "Non-food en servicebalie",
    "price": 4.99,
    "promoPrice": null,
    "pricePerUnit": "4.99 pieces",
    "image": "https://www.jumbo.com/dam-images/fit-in/360x360/Products/17022025_1739808654393_1739808661641_680328_STK_08720354561737_C1N1.png",
    "available": true,
    "promoUntil": null
  },
  {
    "id": "428486KGR",
    "title": "Jumbo Preskop ca. 120 g",
    "category": "Vleeswaren, kaas en tapas",
    "price": 2.12,
    "promoPrice": null,
    "pricePerUnit": "17.69 kg",
    "image": "https://www.jumbo.com/dam-images/fit-in/360x360/Products/428486_2335818000000_1_T1_428486KGR1691166527322.png",
    "available": true,
    "promoUntil": null
  },
  {
    "id": "677590ZK",
    "title": "Pampers Premium Protection Pants Maat 6, 15 Luierbroekjes",
    "category": "Drogisterij en baby",
    "price": 13.99,
    "promoPrice": null,
    "pricePerUnit": "0.93 pieces",
    "image": "https://www.jumbo.com/dam-images/fit-in/360x360/Products/14082025_1755192783131_1755192789240_8700216679275_1.png",
    "available": true,
    "promoUntil": null
  },
  {
    "id": "66797STK",
    "title": "Toppits Lunchzakjes 1 L 50 Stuks",
    "category": "Huishouden en dieren",
    "price": 2.9,
    "promoPrice": null,
    "pricePerUnit": "0.06 pieces",
    "image": "https://www.jumbo.com/dam-images/fit-in/360x360/Products/24062025_1750728024152_1750728029397_66797_STK_.png",
    "available": true,
    "promoUntil": null
  },
  {
    "id": "589652ZK",
    "title": "Pampers Harmonie Aqua Babydoekjes x 48",
    "category": "Drogisterij en baby",
    "price": 3.39,
    "promoPrice": null,
    "pricePerUnit": "0.07 pieces",
    "image": "https://www.jumbo.com/dam-images/fit-in/360x360/Products/23092025_1758585735648_1758585740126_8006540458563_1.png",
    "available": true,
    "promoUntil": null
  },
  {
    "id": "431128FLS",
    "title": "Rivella Cranberry Fles 0,5L",
    "category": "Frisdrank en sappen",
    "price": 1.75,
    "promoPrice": null,
    "pricePerUnit": "3.5 l",
    "image": "https://www.jumbo.com/dam-images/fit-in/360x360/Products/09122023_1702099545764_1702099552084_431128_FLS_08715600243291_C1N1.png",
    "available": true,
    "promoUntil": null
  },
  {
    "id": "479207TRL",
    "title": "Nestlé PyjamaPapje® Vanille 6+ Baby Pap 4 x 3 stuks",
    "category": "Drogisterij en baby",
    "price": 12.36,
    "promoPrice": null,
    "pricePerUnit": "3.89 kg",
    "image": "https://www.jumbo.com/dam-images/fit-in/360x360/Products/479207TRL1efcdc44f-08f4-4429-a437-3d2896990b0e-1710775790700.png",
    "available": true,
    "promoUntil": null
  },
  {
    "id": "661970BLK",
    "title": "Red Bull Energy Drink Sugar Free Green Edition 250ML",
    "category": "Frisdrank en sappen",
    "price": 1.69,
    "promoPrice": null,
    "pricePerUnit": "6.76 l",
    "image": "https://www.jumbo.com/dam-images/fit-in/360x360/Products/22012025_1737516644942_1737516651149_661970_BLK_00000090474231_C1N1.png",
    "available": true,
    "promoUntil": null
  },
  {
    "id": "664655ZK",
    "title": "Venco Droptoppers Krakend & Zacht 215 g",
    "category": "Koek, snoep, chocolade en chips",
    "price": 2.56,
    "promoPrice": null,
    "pricePerUnit": "11.91 kg",
    "image": "https://www.jumbo.com/dam-images/fit-in/360x360/Products/17012025_1737079985667_1737079995603_664655_ZK_08713800255427_H1N1.png",
    "available": true,
    "promoUntil": null
  },
  {
    "id": "589342ZK",
    "title": "Jumbo Luchtige Hot Krokantjes Mix 200 g",
    "category": "Koek, snoep, chocolade en chips",
    "price": 2.0,
    "promoPrice": null,
    "pricePerUnit": "10.0 kg",
    "image": "https://www.jumbo.com/dam-images/fit-in/360x360/Products/03082024_1722650265313_1722650282784_589342_ZK_08718452741816_C1N1.png",
    "available": true,
    "promoUntil": null
  },
  {
    "id": "672201ZK",
    "title": "Jumbo Sous-vide Gegrilde Groente Paprika & Courgette 350g",
    "category": "Aardappelen, groente en fruit",
    "price": 4.49,
    "promoPrice": null,
    "pricePerUnit": "12.83 kg",
    "image": "https://www.jumbo.com/dam-images/fit-in/360x360/Products/30072024_1722349995344_1722350001956_8718452817993_1.png",
    "available": true,
    "promoUntil": null
  },
  {
    "id": "481162FLS",
    "title": "O2 LIFE Watermelon Lemon 750 ml",
    "category": "Frisdrank en sappen",
    "price": 1.85,
    "promoPrice": null,
    "pricePerUnit": "2.47 l",
    "image": "https://www.jumbo.com/dam-images/fit-in/360x360/Products/28072025_1753706036757_1753706045566_8718104461130_1.png",
    "available": true,
    "promoUntil": null
  },
  {
    "id": "631883FLS",
    "title": "Dubro Badkamer Reiniger spray 650ml",
    "category": "Huishouden en dieren",
    "price": 3.99,
    "promoPrice": null,
    "pricePerUnit": "6.14 l",
    "image": "https://www.jumbo.com/dam-images/fit-in/360x360/Products/10072025_1752136364150_1752136366162_8003650026286_1.png",
    "available": true,
    "promoUntil": null
  },
  {
    "id": "560259DS",
    "title": "Lassie Volkoren Couscous biologisch 275 g",
    "category": "Wereldkeukens, kruiden, pasta en rijst",
    "price": 1.97,
    "promoPrice": null,
    "pricePerUnit": "7.16 kg",
    "image": "https://www.jumbo.com/dam-images/fit-in/360x360/Products/02102024_1727838288509_1727838295326_560259_DS_08718781601959_H1N1.png",
    "available": true,
    "promoUntil": null
  },
  {
    "id": "675672DS",
    "title": "Doritos Nachos to Go Salted & JIMMY’s Cheese 190g",
    "category": "Koek, snoep, chocolade en chips",
    "price": 3.49,
    "promoPrice": null,
    "pricePerUnit": "18.37 kg",
    "image": "https://www.jumbo.com/dam-images/fit-in/360x360/Products/18082025_1755527557353_1755527562197_8713276032157_1.png",
    "available": true,
    "promoUntil": null
  },
  {
    "id": "269064STK",
    "title": "Jumbo Roomijs Mango Passievrucht 521 g",
    "category": "Diepvries",
    "price": 3.99,
    "promoPrice": null,
    "pricePerUnit": "4.43 l",
    "image": "https://www.jumbo.com/dam-images/fit-in/360x360/Products/27082024_1724769269285_1724769274900_8718452774722_1.png",
    "available": true,
    "promoUntil": null
  },
  {
    "id": "480535ZK",
    "title": "Willy Nacho Tortilla Chips Salted 450 g",
    "category": "Wereldkeukens, kruiden, pasta en rijst",
    "price": 3.09,
    "promoPrice": null,
    "pricePerUnit": "6.87 kg",
    "image": "https://www.jumbo.com/dam-images/fit-in/360x360/Products/09082023_1691592585669_1691592600673_8719324820240_1.png",
    "available": true,
    "promoUntil": null
  },
  {
    "id": "646798FLS",
    "title": "Karvan Cevitam Aardbei Zero 900ML",
    "category": "Frisdrank en sappen",
    "price": 5.99,
    "promoPrice": null,
    "pricePerUnit": "6.66 l",
    "image": "https://www.jumbo.com/dam-images/fit-in/360x360/Products/06082025_1754442758232_1754442766132_646798_FLS_08715700126180_H1N1.png",
    "available": true,
    "promoUntil": null
  },
  {
    "id": "597861ZK",
    "title": "Jumbo Cashew Dry Roasted Gezouten 125 g",
    "category": "Koek, snoep, chocolade en chips",
    "price": 2.39,
    "promoPrice": null,
    "pricePerUnit": "19.12 kg",
    "image": "https://www.jumbo.com/dam-images/fit-in/360x360/Products/23112023_1700746392514_1700746416382_8718452788545_1.png",
    "available": true,
    "promoUntil": null
  },
  {
    "id": "608473PAK",
    "title": "Jumbo Frikandelbroodjes 2 Stuks",
    "category": "Brood en gebak",
    "price": 4.75,
    "promoPrice": null,
    "pricePerUnit": "14.84 kg",
    "image": "https://www.jumbo.com/dam-images/fit-in/360x360/Products/20062025_1750415585655_1750415590664_8718452909827_1.png",
    "available": true,
    "promoUntil": null
  },
  {
    "id": "699431FLS",
    "title": "Listerine Total Care Tandbescherming Mondspoeling 6 in 1 Effect 500ML",
    "category": "Drogisterij en baby",
    "price": 7.99,
    "promoPrice": null,
    "pricePerUnit": "15.98 l",
    "image": "https://www.jumbo.com/dam-images/fit-in/360x360/Products/24082023_1692846128596_1692846129834_566922_FLS_.png",
    "available": true,
    "promoUntil": null
  },
  {
    "id": "571915KGR",
    "title": "Jumbo Leerdammer Maasdammer Kaas 45+ ca. 500 g",
    "category": "Vleeswaren, kaas en tapas",
    "price": 9.99,
    "promoPrice": null,
    "pricePerUnit": "19.99 kg",
    "image": "https://www.jumbo.com/dam-images/fit-in/360x360/Products/571915_2348858000000_1_T1_42179KGR1691065187641.png",
    "available": true,
    "promoUntil": null
  },
  {
    "id": "628094ZK",
    "title": "BioToday Citroen Amandelkoeken 200 g",
    "category": "Koek, snoep, chocolade en chips",
    "price": 3.99,
    "promoPrice": null,
    "pricePerUnit": "19.95 kg",
    "image": "https://www.jumbo.com/dam-images/fit-in/360x360/Products/09092025_1757410418237_1757410425200_8718858932320_1.png",
    "available": true,
    "promoUntil": null
  },
  {
    "id": "681412POT",
    "title": "Jumbo's Tomaat & Mascarpone Pastasaus 350 g",
    "category": "Wereldkeukens, kruiden, pasta en rijst",
    "price": 2.99,
    "promoPrice": null,
    "pricePerUnit": "8.54 kg",
    "image": "https://www.jumbo.com/dam-images/fit-in/360x360/Products/06052025_1746538407785_1746538413228_8718452895052_1.png",
    "available": true,
    "promoUntil": null
  },
  {
    "id": "172239POT",
    "title": "Olvarit 8+ Maanden Tomaat Ham Macaroni 200g",
    "category": "Drogisterij en baby",
    "price": 1.48,
    "promoPrice": null,
    "pricePerUnit": "7.4 kg",
    "image": "https://www.jumbo.com/dam-images/fit-in/360x360/Products/10112023_1699608791688_1699608808022_5900852926365_1.png",
    "available": true,
    "promoUntil": null
  },
  {
    "id": "364126DS",
    "title": "Lindt EXCELLENCE Karamel Zeezout pure chocoladereep 100 gram",
    "category": "Koek, snoep, chocolade en chips",
    "price": 3.95,
    "promoPrice": null,
    "pricePerUnit": "39.5 kg",
    "image": "https://www.jumbo.com/dam-images/fit-in/360x360/Products/17122024_1734449659762_1734449664680_3046920027281_1.png",
    "available": true,
    "promoUntil": null
  },
  {
    "id": "377225PAK",
    "title": "Lotus Biscoff speculoos koek sandwich vanille 150 g",
    "category": "Koek, snoep, chocolade en chips",
    "price": 1.87,
    "promoPrice": null,
    "pricePerUnit": "12.47 kg",
    "image": "https://www.jumbo.com/dam-images/fit-in/360x360/Products/08062024_1717817709035_1717817711141_377225_PAK_05410126006377_C1N1.png",
    "available": true,
    "promoUntil": null
  },
  {
    "id": "641384KGR",
    "title": "Jumbo Bloedworst ca. 105 g",
    "category": "Vleeswaren, kaas en tapas",
    "price": 1.5,
    "promoPrice": null,
    "pricePerUnit": "14.29 kg",
    "image": "https://www.jumbo.com/dam-images/fit-in/360x360/Products/29012025_1738168390943_1738168402842_2349034000000_1.png",
    "available": true,
    "promoUntil": null
  },
  {
    "id": "632377STK",
    "title": "Jumbo Grana Padano Flakes 80 g",
    "category": "Vleeswaren, kaas en tapas",
    "price": 2.46,
    "promoPrice": null,
    "pricePerUnit": "30.75 kg",
    "image": "https://www.jumbo.com/dam-images/fit-in/360x360/Products/03122024_1733240041132_1733240048760_8718452839056_1.png",
    "available": true,
    "promoUntil": null
  },
  {
    "id": "568638ZK",
    "title": "Sportlife Extramint Suikervrije kauwgom 4 x 18 g",
    "category": "Koek, snoep, chocolade en chips",
    "price": 3.46,
    "promoPrice": null,
    "pricePerUnit": "48.06 kg",
    "image": "https://www.jumbo.com/dam-images/fit-in/360x360/Products/28052025_1748442791469_1748442798255_8711400409219_1.png",
    "available": true,
    "promoUntil": null
  },
  {
    "id": "181443STK",
    "title": "Tony's Chocolonely Wit 28% Framboos Knettersuiker Chocolade Reep 180 g",
    "category": "Koek, snoep, chocolade en chips",
    "price": 4.03,
    "promoPrice": null,
    "pricePerUnit": "22.39 kg",
    "image": "https://www.jumbo.com/dam-images/fit-in/360x360/Products/25062024_1719277879624_1719277884309_181443_STK_08717677337828_C1N1.png",
    "available": true,
    "promoUntil": null
  },
  {
    "id": "422895FLS",
    "title": "Weihenstephaner - Hefeweissbier Alcoholvrij - 0.5% - Fles - 500ML",
    "category": "Bier en wijn",
    "price": 1.69,
    "promoPrice": null,
    "pricePerUnit": "3.38 l",
    "image": "https://www.jumbo.com/dam-images/fit-in/360x360/Products/09082023_1691585252433_1691585259303_4105120003705_1.png",
    "available": true,
    "promoUntil": null
  },
  {
    "id": "657054KGR",
    "title": "Jumbo Gelderse Gekookte Worst ca. 250 g",
    "category": "Vleeswaren, kaas en tapas",
    "price": 3.16,
    "promoPrice": null,
    "pricePerUnit": "12.65 kg",
    "image": "https://www.jumbo.com/dam-images/fit-in/360x360/Products/09092025_1757421321433_1757421324632_2324546000000_1.png",
    "available": true,
    "promoUntil": null
  },
  {
    "id": "50472PAK",
    "title": "Saitaku Sushi Rice 500 g",
    "category": "Wereldkeukens, kruiden, pasta en rijst",
    "price": 3.51,
    "promoPrice": null,
    "pricePerUnit": "7.02 kg",
    "image": "https://www.jumbo.com/dam-images/fit-in/360x360/Products/07082025_1754529807986_1754529814521_50472_PAK_05060194790069_C1N1.png",
    "available": true,
    "promoUntil": null
  },
  {
    "id": "681206DS",
    "title": "Gillette Venus Smooth Sensitive Voor Vrouwen 1 Handvat + 2 Navulmesjes",
    "category": "Drogisterij en baby",
    "price": 14.99,
    "promoPrice": null,
    "pricePerUnit": "14.99 pieces",
    "image": "https://www.jumbo.com/dam-images/fit-in/360x360/Products/15082025_1755216161743_1755216166778_8700216487689_1.png",
    "available": true,
    "promoUntil": null
  },
  {
    "id": "677980BUS",
    "title": "Axe Deodorant Bodyspray Marine 150 ML",
    "category": "Drogisterij en baby",
    "price": 7.49,
    "promoPrice": null,
    "pricePerUnit": "49.93 l",
    "image": "https://www.jumbo.com/dam-images/fit-in/360x360/Products/05022025_1738762016575_1738762044307_677980_BUS_08712561249638_C1N1.png",
    "available": true,
    "promoUntil": null
  },
  {
    "id": "590998DS",
    "title": "Lekker&Anders Street Food Lahmacun Turkish Pizza 2 x 180 g",
    "category": "Diepvries",
    "price": 2.99,
    "promoPrice": null,
    "pricePerUnit": "1.5 pieces",
    "image": "https://www.jumbo.com/dam-images/fit-in/360x360/Products/18112024_1731922355533_1731922367140_4026279922252_1.png",
    "available": true,
    "promoUntil": null
  },
  {
    "id": "600165PAK",
    "title": "Jumbo Tintelfris Appel-Perzik Smaak 6 x 200ML",
    "category": "Frisdrank en sappen",
    "price": 1.79,
    "promoPrice": null,
    "pricePerUnit": "1.49 l",
    "image": "https://www.jumbo.com/dam-images/fit-in/360x360/Products/17012024_1705505710718_1705505724718_8718452776863_1.png",
    "available": true,
    "promoUntil": null
  },
  {
    "id": "218430STK",
    "title": "Autodrop Bekkentrekkend Zure Cadillacs 270 g",
    "category": "Koek, snoep, chocolade en chips",
    "price": 2.79,
    "promoPrice": null,
    "pricePerUnit": "10.33 kg",
    "image": "https://www.jumbo.com/dam-images/fit-in/360x360/Products/12032025_1741751093529_1741751101173_218430_STK_08710452400175_C1N1.png",
    "available": true,
    "promoUntil": null
  },
  {
    "id": "213927STK",
    "title": "Felix Inhome Sensations Diervoeder 1 kg",
    "category": "Huishouden en dieren",
    "price": 4.27,
    "promoPrice": null,
    "pricePerUnit": "4.27 kg",
    "image": "https://www.jumbo.com/dam-images/fit-in/360x360/Products/01082025_1754014487816_1754014503308_213927_STK_08445291022256_C1N1_s01.png",
    "available": true,
    "promoUntil": null
  },
  {
    "id": "351199PAK",
    "title": "KITKAT Chunky White",
    "category": "Koek, snoep, chocolade en chips",
    "price": 3.95,
    "promoPrice": null,
    "pricePerUnit": "24.69 kg",
    "image": "https://www.jumbo.com/dam-images/fit-in/360x360/Products/06122024_1733499176013_1733499205970_7613038427782_1.png",
    "available": true,
    "promoUntil": null
  },
  {
    "id": "479976FK",
    "title": "Schwarzkopf Shampoo Elke Dag 400 ML",
    "category": "Drogisterij en baby",
    "price": 3.59,
    "promoPrice": null,
    "pricePerUnit": "8.98 l",
    "image": "https://www.jumbo.com/dam-images/fit-in/360x360/Products/09082023_1691589155425_1691589164666_5410091763305_1.png",
    "available": true,
    "promoUntil": null
  },
  {
    "id": "629063BAK",
    "title": "Kraakman Roomboter Grote Romeo 5 Stuks",
    "category": "Koek, snoep, chocolade en chips",
    "price": 3.75,
    "promoPrice": null,
    "pricePerUnit": "0.75 pieces",
    "image": "https://www.jumbo.com/dam-images/fit-in/360x360/Products/25112024_1732545257444_1732545262731_8716827160187_1.png",
    "available": true,
    "promoUntil": null
  },
  {
    "id": "700259ZK",
    "title": "Boerderij Chips Zeezout 150 g",
    "category": "Koek, snoep, chocolade en chips",
    "price": 2.29,
    "promoPrice": null,
    "pricePerUnit": "15.27 kg",
    "image": "https://www.jumbo.com/dam-images/fit-in/360x360/Products/25072025_1753432374657_1753432379181_8718247991976_1.png",
    "available": true,
    "promoUntil": null
  },
  {
    "id": "450265PAK",
    "title": "Duvel - 6.66% Blond - Fles - 4 x 330ML",
    "category": "Bier en wijn",
    "price": 7.99,
    "promoPrice": null,
    "pricePerUnit": "6.05 l",
    "image": "https://www.jumbo.com/dam-images/fit-in/360x360/Products/09082023_1691589745778_1691590203661_5411681408019_180.png",
    "available": true,
    "promoUntil": null
  },
  {
    "id": "182377STK",
    "title": "Jumbo Laurierblad 2 g",
    "category": "Wereldkeukens, kruiden, pasta en rijst",
    "price": 1.42,
    "promoPrice": null,
    "pricePerUnit": "710.0 kg",
    "image": "https://www.jumbo.com/dam-images/fit-in/360x360/Products/09082023_1691581023327_1691581039051_8718452203543_1.png",
    "available": true,
    "promoUntil": null
  },
  {
    "id": "172266POT",
    "title": "Olvarit 8+ Maanden Wortel Kip Aardappel 200g",
    "category": "Drogisterij en baby",
    "price": 1.48,
    "promoPrice": null,
    "pricePerUnit": "7.4 kg",
    "image": "https://www.jumbo.com/dam-images/fit-in/360x360/Products/10112023_1699608791375_1699608800593_5900852926624_1.png",
    "available": true,
    "promoUntil": null
  },
  {
    "id": "57660FLS",
    "title": "Osborne - Sherry Cream - 750ML",
    "category": "Bier en wijn",
    "price": 6.49,
    "promoPrice": null,
    "pricePerUnit": "8.65 l",
    "image": "https://www.jumbo.com/dam-images/fit-in/360x360/Products/10082023_1691674902895_1691674911884_8410337044035_1.png",
    "available": true,
    "promoUntil": null
  },
  {
    "id": "613419CUP",
    "title": "Ben & Jerry's IJs Spectacu-love 465ml",
    "category": "Diepvries",
    "price": 7.29,
    "promoPrice": null,
    "pricePerUnit": "15.68 l",
    "image": "https://www.jumbo.com/dam-images/fit-in/360x360/Products/15072025_1752577909237_1752577939106_613419_CUP_08711327629394_H1N1.png",
    "available": true,
    "promoUntil": null
  },
  {
    "id": "673190PAK",
    "title": "Nestlé Pirulo Mango 5 Stuks",
    "category": "Diepvries",
    "price": 4.19,
    "promoPrice": null,
    "pricePerUnit": "11.97 l",
    "image": "https://www.jumbo.com/dam-images/fit-in/360x360/Products/31012025_1738297361762_1738297373113_673190_PAK_.png",
    "available": true,
    "promoUntil": null
  },
  {
    "id": "661938PAK",
    "title": "Jumbo Ice Tea Green Granaatappel Framboos 1L",
    "category": "Frisdrank en sappen",
    "price": 1.19,
    "promoPrice": null,
    "pricePerUnit": "1.19 l",
    "image": "https://www.jumbo.com/dam-images/fit-in/360x360/Products/12122024_1734014983862_1734014994298_8718452873722_596.png",
    "available": true,
    "promoUntil": null
  },
  {
    "id": "237617STK",
    "title": "Jumbo Roomboter Amandelstaaf met Amandelspijs 250 g",
    "category": "Koek, snoep, chocolade en chips",
    "price": 2.79,
    "promoPrice": null,
    "pricePerUnit": "11.16 kg",
    "image": "https://www.jumbo.com/dam-images/fit-in/360x360/Products/23072025_1753273979896_1753273990559_8718452941872_596.png",
    "available": true,
    "promoUntil": null
  },
  {
    "id": "678182DS",
    "title": "Biotex Voorwas Bleu 750g",
    "category": "Huishouden en dieren",
    "price": 5.99,
    "promoPrice": null,
    "pricePerUnit": "0.54 wb",
    "image": "https://www.jumbo.com/dam-images/fit-in/360x360/Products/05022025_1738771807150_1738771849559_678182_DS_08720181627071_C1N1.png",
    "available": true,
    "promoUntil": null
  },
  {
    "id": "66079FLS",
    "title": "Quevedo - Tawny Porto - 750ML",
    "category": "Bier en wijn",
    "price": 8.79,
    "promoPrice": null,
    "pricePerUnit": "11.72 l",
    "image": "https://www.jumbo.com/dam-images/fit-in/360x360/Products/66079_5605891962038_1_T1_66079FLS1691393214013.png",
    "available": true,
    "promoUntil": null
  },
  {
    "id": "648175KGR",
    "title": "Jumbo President Brie Kaas 60+ ca. 200 g",
    "category": "Vleeswaren, kaas en tapas",
    "price": 4.12,
    "promoPrice": null,
    "pricePerUnit": "20.59 kg",
    "image": "https://www.jumbo.com/dam-images/fit-in/360x360/Products/09082023_1691587040518_1691587045422_2333451000000_1.png",
    "available": true,
    "promoUntil": null
  },
  {
    "id": "269542STK",
    "title": "Jumbo Huiswijn - Robuust - Australië - Shiraz - 250ML",
    "category": "Bier en wijn",
    "price": 2.29,
    "promoPrice": null,
    "pricePerUnit": "9.16 l",
    "image": "https://www.jumbo.com/dam-images/fit-in/360x360/Products/18092023_1695043371845_1695043374029_8718452380664_1.png",
    "available": true,
    "promoUntil": null
  },
  {
    "id": "294490STK",
    "title": "Jumbo Hooi 1 kg",
    "category": "Huishouden en dieren",
    "price": 1.99,
    "promoPrice": null,
    "pricePerUnit": "1.99 kg",
    "image": "https://www.jumbo.com/dam-images/fit-in/360x360/Products/09082023_1691585940391_1691585946622_8718452368389_1.png",
    "available": true,
    "promoUntil": null
  },
  {
    "id": "154991DS",
    "title": "Gourmet Gold Selectie Kattenvoer natvoer met Tonijn, Lever, Kalkoen en Rund",
    "category": "Huishouden en dieren",
    "price": 4.81,
    "promoPrice": null,
    "pricePerUnit": "7.07 kg",
    "image": "https://www.jumbo.com/dam-images/fit-in/360x360/Products/23092025_1758595736177_1758595780452_154991_DS_07613035149809_C1N1_s03.png",
    "available": true,
    "promoUntil": null
  },
  {
    "id": "534741BLK",
    "title": "Bacardi­ - Razz & Up - 250ml",
    "category": "Bier en wijn",
    "price": 2.49,
    "promoPrice": null,
    "pricePerUnit": "9.96 l",
    "image": "https://www.jumbo.com/dam-images/fit-in/360x360/Products/21062025_1750468848867_1750468851873_534741_BLK_07610113020623_C1N1.png",
    "available": true,
    "promoUntil": null
  },
  {
    "id": "630451ZK",
    "title": "Bibigo Gyoza Beef Bulgogi & Groenten 300g",
    "category": "Diepvries",
    "price": 4.29,
    "promoPrice": null,
    "pricePerUnit": "14.3 kg",
    "image": "https://www.jumbo.com/dam-images/fit-in/360x360/Products/22052024_1716371261585_1716371280705_630451_ZK_04016337911472_C1N1.png",
    "available": true,
    "promoUntil": null
  },
  {
    "id": "396483ZK",
    "title": "Klene Drop Zoete Mix Suikervrij 175g",
    "category": "Koek, snoep, chocolade en chips",
    "price": 3.04,
    "promoPrice": null,
    "pricePerUnit": "17.37 kg",
    "image": "https://www.jumbo.com/dam-images/fit-in/360x360/Products/07072025_1751902634572_1751902638164_8723400792819_1.png",
    "available": true,
    "promoUntil": null
  },
  {
    "id": "490316FLS",
    "title": "Crystal Clear Framboos Bosbes Smaak Drank 0,5 L",
    "category": "Frisdrank en sappen",
    "price": 1.59,
    "promoPrice": null,
    "pricePerUnit": "3.18 l",
    "image": "https://www.jumbo.com/dam-images/fit-in/360x360/Products/14022025_1739500965389_1739500974544_490316_FLS_08715600246452_H1N1.png",
    "available": true,
    "promoUntil": null
  },
  {
    "id": "479058POT",
    "title": "Barilla Pesto alla Genovese con Basilico Fresco 190 g",
    "category": "Wereldkeukens, kruiden, pasta en rijst",
    "price": 4.19,
    "promoPrice": null,
    "pricePerUnit": "22.05 kg",
    "image": "https://www.jumbo.com/dam-images/fit-in/360x360/Products/26032024_1711423099498_1711423106842_479058_POT_08076809513753_H1N1.png",
    "available": true,
    "promoUntil": null
  },
  {
    "id": "537954FLS",
    "title": "Neutral 0% Showergel Parfumvrije 250 ml",
    "category": "Drogisterij en baby",
    "price": 5.79,
    "promoPrice": null,
    "pricePerUnit": "23.16 l",
    "image": "https://www.jumbo.com/dam-images/fit-in/360x360/Products/11072025_1752199015718_1752199037734_537954_FLS_08720181330018_C1N1.png",
    "available": true,
    "promoUntil": null
  },
  {
    "id": "205037STK",
    "title": "Olvarit 8+ Maanden Pompoen Kip Rijst 200g",
    "category": "Drogisterij en baby",
    "price": 1.48,
    "promoPrice": null,
    "pricePerUnit": "7.4 kg",
    "image": "https://www.jumbo.com/dam-images/fit-in/360x360/Products/07122023_1701916098815_1701916104293_205037_STK_05900852033490_C1N1.png",
    "available": true,
    "promoUntil": null
  },
  {
    "id": "419415PAK",
    "title": "FELIX® Original Vis Selectie in Gelei Kattenvoer 12x85g",
    "category": "Huishouden en dieren",
    "price": 5.18,
    "promoPrice": null,
    "pricePerUnit": "5.08 kg",
    "image": "https://www.jumbo.com/dam-images/fit-in/360x360/Products/23092025_1758595370858_1758595414706_419415_PAK_07613039850022_C1N1_s02.png",
    "available": true,
    "promoUntil": null
  },
  {
    "id": "89045PAK",
    "title": "Nutrilon A.R. 1 - Baby 0-6 Maanden 800g",
    "category": "Drogisterij en baby",
    "price": 22.66,
    "promoPrice": null,
    "pricePerUnit": "28.33 kg",
    "image": "https://www.jumbo.com/dam-images/fit-in/360x360/Products/23092025_1758598647765_1758598654522_89045_PAK_08712400110143_C1N1.png",
    "available": true,
    "promoUntil": null
  },
  {
    "id": "237943STK",
    "title": "Verstegen Kerrie 40 g",
    "category": "Wereldkeukens, kruiden, pasta en rijst",
    "price": 2.99,
    "promoPrice": null,
    "pricePerUnit": "74.75 kg",
    "image": "https://www.jumbo.com/dam-images/fit-in/360x360/Products/30082024_1724984534081_1724984541154_237943_STK_08712200020178_C1N1.png",
    "available": true,
    "promoUntil": null
  },
  {
    "id": "163521FLS",
    "title": "Jumbo Fresh Douchegel 250 ml",
    "category": "Drogisterij en baby",
    "price": 0.99,
    "promoPrice": null,
    "pricePerUnit": "3.96 l",
    "image": "https://www.jumbo.com/dam-images/fit-in/360x360/Products/163521_8718452616039_1_T1_163521FLS1691071500392.png",
    "available": true,
    "promoUntil": null
  },
  {
    "id": "197584ZK",
    "title": "Saitaku Nori Snack 10 g",
    "category": "Wereldkeukens, kruiden, pasta en rijst",
    "price": 2.72,
    "promoPrice": null,
    "pricePerUnit": "272.0 kg",
    "image": "https://www.jumbo.com/dam-images/fit-in/360x360/Products/07082025_1754529301663_1754529307098_197584_ZK_05060194791530_C1N1.png",
    "available": true,
    "promoUntil": null
  },
  {
    "id": "678836TRA",
    "title": "Muscle Meat High Protein Meals Kipfilet Piri Piri Mediterraanse Gratin Spieropbouw 450 g",
    "category": "Diepvries",
    "price": 6.79,
    "promoPrice": null,
    "pricePerUnit": "15.09 kg",
    "image": "https://www.jumbo.com/dam-images/fit-in/360x360/Products/05092025_1757064774942_1757064785038_8720726497206_1.png",
    "available": true,
    "promoUntil": null
  },
  {
    "id": "641081KGR",
    "title": "Jumbo Brabantse Metworst ca. 125 g",
    "category": "Vleeswaren, kaas en tapas",
    "price": 2.74,
    "promoPrice": null,
    "pricePerUnit": "21.92 kg",
    "image": "https://www.jumbo.com/dam-images/fit-in/360x360/Products/04072025_1751617997826_1751618005493_2336045000000_1.png",
    "available": true,
    "promoUntil": null
  },
  {
    "id": "143033POT",
    "title": "Verstegen Mix Cajun 225 g",
    "category": "Wereldkeukens, kruiden, pasta en rijst",
    "price": 4.84,
    "promoPrice": null,
    "pricePerUnit": "21.51 kg",
    "image": "https://www.jumbo.com/dam-images/fit-in/360x360/Products/23082025_1755911843668_1755911847560_143033_POT_08712200543929_C1N1.png",
    "available": true,
    "promoUntil": null
  },
  {
    "id": "681936RP",
    "title": "Verkade Puur Voordeelreep 180 g",
    "category": "Koek, snoep, chocolade en chips",
    "price": 4.06,
    "promoPrice": null,
    "pricePerUnit": "22.56 kg",
    "image": "https://www.jumbo.com/dam-images/fit-in/360x360/Products/15052025_1747277354362_1747277359125_681936_RP_08710412041325_H1N1.png",
    "available": true,
    "promoUntil": null
  },
  {
    "id": "644630ZK",
    "title": "Galbani Grana Padano DOP Kaas 60 g",
    "category": "Vleeswaren, kaas en tapas",
    "price": 2.09,
    "promoPrice": null,
    "pricePerUnit": "34.83 kg",
    "image": "https://www.jumbo.com/dam-images/fit-in/360x360/Products/12122024_1734021187373_1734021195968_8000430393361_1.png",
    "available": true,
    "promoUntil": null
  },
  {
    "id": "447792FLS",
    "title": "Jumbo Granaatappel Afwasmiddel 500 ml",
    "category": "Huishouden en dieren",
    "price": 1.29,
    "promoPrice": null,
    "pricePerUnit": "2.58 l",
    "image": "https://www.jumbo.com/dam-images/fit-in/360x360/Products/09082023_1691596486646_1691596489035_8718452564163_1.png",
    "available": true,
    "promoUntil": null
  },
  {
    "id": "675893CUP",
    "title": "Ben & Jerry's Peanut Butter Cup 100ML",
    "category": "Diepvries",
    "price": 2.49,
    "promoPrice": null,
    "pricePerUnit": "24.9 l",
    "image": "https://www.jumbo.com/dam-images/fit-in/360x360/Products/15072025_1752577910048_1752577943960_675893_CUP_08712100677144_C1N1.png",
    "available": true,
    "promoUntil": null
  },
  {
    "id": "453585FLS",
    "title": "Jumbo Navulverpakking Wit 1,485 L 27 Wasbeurten",
    "category": "Huishouden en dieren",
    "price": 2.69,
    "promoPrice": null,
    "pricePerUnit": "0.1 wb",
    "image": "https://www.jumbo.com/dam-images/fit-in/360x360/Products/09082023_1691587629933_1691587642054_8718452489787_1.png",
    "available": true,
    "promoUntil": null
  },
  {
    "id": "675876CUP",
    "title": "Hertog IJssalon IJs Pistache 825 ml",
    "category": "Diepvries",
    "price": 5.79,
    "promoPrice": null,
    "pricePerUnit": "7.02 l",
    "image": "https://www.jumbo.com/dam-images/fit-in/360x360/Products/04092025_1756948151977_1756948267407_675876_CUP_08711327672420_C1N1.png",
    "available": true,
    "promoUntil": null
  },
  {
    "id": "595734ZK",
    "title": "Jumbo Rauwkost Pittig 150 g",
    "category": "Aardappelen, groente en fruit",
    "price": 2.29,
    "promoPrice": null,
    "pricePerUnit": "15.27 kg",
    "image": "https://www.jumbo.com/dam-images/fit-in/360x360/Products/16072024_1721144060200_1721144071102_8718452788675_1.png",
    "available": true,
    "promoUntil": null
  },
  {
    "id": "620573ZK",
    "title": "Always Discreet Verband Voor Urineverlies",
    "category": "Drogisterij en baby",
    "price": 5.49,
    "promoPrice": null,
    "pricePerUnit": "0.69 pieces",
    "image": "https://www.jumbo.com/dam-images/fit-in/360x360/Products/14082025_1755200014609_1755200018590_8700216332262_1.png",
    "available": true,
    "promoUntil": null
  },
  {
    "id": "531521BKR",
    "title": "La Place Verse Soep Indiase Stijl Linzen 500 g",
    "category": "Verse maaltijden en gemak",
    "price": 3.79,
    "promoPrice": null,
    "pricePerUnit": "7.58 kg",
    "image": "https://www.jumbo.com/dam-images/fit-in/360x360/Products/08022025_1738976418066_1738976431183_8718452678228_1.png",
    "available": true,
    "promoUntil": null
  },
  {
    "id": "670483DS",
    "title": "Beckers Hamburgers 4 Stuks",
    "category": "Diepvries",
    "price": 1.79,
    "promoPrice": null,
    "pricePerUnit": "0.45 pieces",
    "image": "https://www.jumbo.com/dam-images/fit-in/360x360/Products/19122024_1734615954152_1734615963776_670483_DS_08710555153817_C1N1.png",
    "available": true,
    "promoUntil": null
  },
  {
    "id": "611275DS",
    "title": "Jumbo Salade Poké Bowl Tonijn 350 g",
    "category": "Verse maaltijden en gemak",
    "price": 5.29,
    "promoPrice": null,
    "pricePerUnit": "16.03 kg",
    "image": "https://www.jumbo.com/dam-images/fit-in/360x360/Products/30042025_1746023548229_1746023554516_8718452891870_1.png",
    "available": true,
    "promoUntil": null
  },
  {
    "id": "340558DS",
    "title": "Jumbo Kipsatékroketten 4 Stuks",
    "category": "Diepvries",
    "price": 2.25,
    "promoPrice": null,
    "pricePerUnit": "8.04 kg",
    "image": "https://www.jumbo.com/dam-images/fit-in/360x360/Products/07022024_1707320102640_1707320126782_8718452767120_596.png",
    "available": true,
    "promoUntil": null
  },
  {
    "id": "458818STK",
    "title": "Jumbo Kurkuma Koenjit 100 g",
    "category": "Aardappelen, groente en fruit",
    "price": 1.99,
    "promoPrice": null,
    "pricePerUnit": "19.9 kg",
    "image": "https://www.jumbo.com/dam-images/fit-in/360x360/Products/29092023_1695995410077_1695995423779_8718452612345_1.png",
    "available": true,
    "promoUntil": null
  },
  {
    "id": "578145BAK",
    "title": "Jumbo Pastasalade Feta 350 g",
    "category": "Verse maaltijden en gemak",
    "price": 4.0,
    "promoPrice": null,
    "pricePerUnit": "11.43 kg",
    "image": "https://www.jumbo.com/dam-images/fit-in/360x360/Products/12052025_1747064006290_1747064013336_8718452913350_1.png",
    "available": true,
    "promoUntil": null
  },
  {
    "id": "298239DS",
    "title": "LU Mikado koekje omhuld met melkchocolade 75 g",
    "category": "Koek, snoep, chocolade en chips",
    "price": 1.96,
    "promoPrice": null,
    "pricePerUnit": "28.0 kg",
    "image": "https://www.jumbo.com/dam-images/fit-in/360x360/Products/20092025_1758332751580_1758332755901_298239_DS_03017760363396_C1N1_s02.png",
    "available": true,
    "promoUntil": null
  },
  {
    "id": "442999ZK",
    "title": "Conimex Kroepoek Cassave 75 g",
    "category": "Wereldkeukens, kruiden, pasta en rijst",
    "price": 1.5,
    "promoPrice": null,
    "pricePerUnit": "20.0 kg",
    "image": "https://www.jumbo.com/dam-images/fit-in/360x360/Products/16072025_1752630968644_1752631012920_442999_ZK_08710522975589_C1N1.png",
    "available": true,
    "promoUntil": null
  },
  {
    "id": "612430CUP",
    "title": "Kips Tuinkruiden Pate 125g",
    "category": "Vleeswaren, kaas en tapas",
    "price": 2.19,
    "promoPrice": null,
    "pricePerUnit": "17.52 kg",
    "image": "https://www.jumbo.com/dam-images/fit-in/360x360/Products/26052025_1748226306593_1748226314936_612430_CUP_08710991004995_C1N1.png",
    "available": true,
    "promoUntil": null
  },
  {
    "id": "564846DS",
    "title": "Klok waspoeder Wit 18 Wasbeurten",
    "category": "Huishouden en dieren",
    "price": 8.49,
    "promoPrice": null,
    "pricePerUnit": "0.47 wb",
    "image": "https://www.jumbo.com/dam-images/fit-in/360x360/Products/29092023_1695957889137_1695957915474_564846_DS_08710585749400_C1N1.png",
    "available": true,
    "promoUntil": null
  },
  {
    "id": "575455DS",
    "title": "Jumbo 3-in-1 Folie 15 Meter",
    "category": "Huishouden en dieren",
    "price": 1.39,
    "promoPrice": null,
    "pricePerUnit": "0.09 pieces",
    "image": "https://www.jumbo.com/dam-images/fit-in/360x360/Products/09082023_1691595445310_1691595446887_8718452700134_1.png",
    "available": true,
    "promoUntil": null
  },
  {
    "id": "338581STK",
    "title": "Rummo Penne Rigate Glutenvrij ?66 400 g",
    "category": "Wereldkeukens, kruiden, pasta en rijst",
    "price": 3.79,
    "promoPrice": null,
    "pricePerUnit": "9.48 kg",
    "image": "https://www.jumbo.com/dam-images/fit-in/360x360/Products/09082023_1691586624232_1691586637843_8008343880664_1.png",
    "available": true,
    "promoUntil": null
  },
  {
    "id": "295217ZK",
    "title": "Jumbo Lekker Vrij van Gluten Spaghetti 500 g",
    "category": "Wereldkeukens, kruiden, pasta en rijst",
    "price": 1.39,
    "promoPrice": null,
    "pricePerUnit": "2.78 kg",
    "image": "https://www.jumbo.com/dam-images/fit-in/360x360/Products/09082023_1691586114240_1691586121656_8718452410071_1.png",
    "available": true,
    "promoUntil": null
  },
  {
    "id": "589793FLS",
    "title": "Jumbo Cola Vanille Smaak Zero Sugar 1L",
    "category": "Frisdrank en sappen",
    "price": 1.29,
    "promoPrice": null,
    "pricePerUnit": "1.29 l",
    "image": "https://www.jumbo.com/dam-images/fit-in/360x360/Products/24042025_1745490746554_1745490754359_8718452771172_596.png",
    "available": true,
    "promoUntil": null
  },
  {
    "id": "566085FLS",
    "title": "Tinto Dulce - Ravela Zoete Rode - 750ML",
    "category": "Bier en wijn",
    "price": 4.29,
    "promoPrice": null,
    "pricePerUnit": "5.72 l",
    "image": "https://www.jumbo.com/dam-images/fit-in/360x360/Products/26022025_1740538066554_1740538067093_566085_FLS_08710102625972_H1N1.png",
    "available": true,
    "promoUntil": null
  },
  {
    "id": "583091PAK",
    "title": "Jumbo Helder Gember- en Citroen Smaak 1,5 L",
    "category": "Frisdrank en sappen",
    "price": 1.49,
    "promoPrice": null,
    "pricePerUnit": "0.99 l",
    "image": "https://www.jumbo.com/dam-images/fit-in/360x360/Products/07062024_1717767320630_1717767336096_8718452773060_596.png",
    "available": true,
    "promoUntil": null
  },
  {
    "id": "685826PAK",
    "title": "Jumbo's Melkchocolade Caramel Zeezout 140 g",
    "category": "Koek, snoep, chocolade en chips",
    "price": 2.99,
    "promoPrice": null,
    "pricePerUnit": "21.36 kg",
    "image": "https://www.jumbo.com/dam-images/fit-in/360x360/Products/21052025_1747812848121_1747812860391_8718452871162_596.png",
    "available": true,
    "promoUntil": null
  },
  {
    "id": "626539KGR",
    "title": "Jumbo Pain d'Ardenne ca. 110 g",
    "category": "Vleeswaren, kaas en tapas",
    "price": 2.8,
    "promoPrice": null,
    "pricePerUnit": "25.5 kg",
    "image": "https://www.jumbo.com/dam-images/fit-in/360x360/Products/30012025_1738251168008_1738251177338_2348589000000_1.png",
    "available": true,
    "promoUntil": null
  },
  {
    "id": "646508ZK",
    "title": "Paolo Grissini Cruncy Basilicum en Knoflook 150 g",
    "category": "Wereldkeukens, kruiden, pasta en rijst",
    "price": 2.37,
    "promoPrice": null,
    "pricePerUnit": "15.8 kg",
    "image": "https://www.jumbo.com/dam-images/fit-in/360x360/Products/10122024_1733844800627_1733844808439_8718247445318_1.png",
    "available": true,
    "promoUntil": null
  },
  {
    "id": "676472ZK",
    "title": "Venco Engelsedrop Zacht Zoet 200g",
    "category": "Koek, snoep, chocolade en chips",
    "price": 2.56,
    "promoPrice": null,
    "pricePerUnit": "12.8 kg",
    "image": "https://www.jumbo.com/dam-images/fit-in/360x360/Products/31012025_1738285368457_1738285390910_8713800256295_1.png",
    "available": true,
    "promoUntil": null
  },
  {
    "id": "471632ZK",
    "title": "FELIX® Party Mix Seaside met Zalm-, Koolvis- & Forelsmaak - Kattensnacks - 200g",
    "category": "Huishouden en dieren",
    "price": 4.64,
    "promoPrice": null,
    "pricePerUnit": "23.2 kg",
    "image": "https://www.jumbo.com/dam-images/fit-in/360x360/Products/23092025_1758599654543_1758599703397_471632_ZK_07613287595416_C1N1_s02.png",
    "available": true,
    "promoUntil": null
  },
  {
    "id": "505056STK",
    "title": "Nurofen Ibuprofen Fastine liquid caps 400 mg, 20 stuks",
    "category": "Drogisterij en baby",
    "price": 9.49,
    "promoPrice": null,
    "pricePerUnit": "1355.71 kg",
    "image": "https://www.jumbo.com/dam-images/fit-in/360x360/Products/24092025_1758672092610_1758672098346_5000158105485_1.png",
    "available": true,
    "promoUntil": null
  },
  {
    "id": "195727STK",
    "title": "Jumbo Oester Saus 175 ml",
    "category": "Wereldkeukens, kruiden, pasta en rijst",
    "price": 1.51,
    "promoPrice": null,
    "pricePerUnit": "8.63 l",
    "image": "https://www.jumbo.com/dam-images/fit-in/360x360/Products/09082023_1691584855310_1691584874555_8718452261789_1.png",
    "available": true,
    "promoUntil": null
  },
  {
    "id": "261723STK",
    "title": "Witte Reus Pro Nature Munt Eucalyptus 50 g",
    "category": "Huishouden en dieren",
    "price": 3.69,
    "promoPrice": null,
    "pricePerUnit": "73.8 kg",
    "image": "https://www.jumbo.com/dam-images/fit-in/360x360/Products/10072024_1720578594436_1720578597605_261723_STK_05410091749248_C1N1.png",
    "available": true,
    "promoUntil": null
  },
  {
    "id": "503829ZK",
    "title": "Look-O-Look Foammmies Cola-Lemon 180g",
    "category": "Koek, snoep, chocolade en chips",
    "price": 2.49,
    "promoPrice": null,
    "pricePerUnit": "13.83 kg",
    "image": "https://www.jumbo.com/dam-images/fit-in/360x360/Products/07072025_1751902618787_1751902624572_8713600501861_1.png",
    "available": true,
    "promoUntil": null
  },
  {
    "id": "502185DS",
    "title": "Fisherman's Friend Mint Suikervrij 3 Pack 3 x 25 g",
    "category": "Koek, snoep, chocolade en chips",
    "price": 3.36,
    "promoPrice": null,
    "pricePerUnit": "44.8 kg",
    "image": "https://www.jumbo.com/dam-images/fit-in/360x360/Products/30042025_1745980501402_1745980504541_502185_DS_05000357103756_C1N1.png",
    "available": true,
    "promoUntil": null
  },
  {
    "id": "683126DS",
    "title": "Jumbo Kleine Salade Meditteraanse Stijl 200 g",
    "category": "Verse maaltijden en gemak",
    "price": 3.49,
    "promoPrice": null,
    "pricePerUnit": "17.45 kg",
    "image": "https://www.jumbo.com/dam-images/fit-in/360x360/Products/25042025_1745588008969_1745588014760_8718452891719_1.png",
    "available": true,
    "promoUntil": null
  },
  {
    "id": "677502DS",
    "title": "Rennie Suikervrij Kauwtablet bij brandend maagzuur, 72 stuks",
    "category": "Drogisterij en baby",
    "price": 10.09,
    "promoPrice": null,
    "pricePerUnit": "0.14 pieces",
    "image": "https://www.jumbo.com/dam-images/fit-in/360x360/Products/31052025_1748649712756_1748649719354_8713091025648_1.png",
    "available": true,
    "promoUntil": null
  },
  {
    "id": "532495STK",
    "title": "Boursin Garlic & Herbs Roomkaas  80 g",
    "category": "Vleeswaren, kaas en tapas",
    "price": 2.19,
    "promoPrice": null,
    "pricePerUnit": "27.38 kg",
    "image": "https://www.jumbo.com/dam-images/fit-in/360x360/Products/07042025_1743993186198_1743993190102_3175460000024_1.png",
    "available": true,
    "promoUntil": null
  },
  {
    "id": "79143FLS",
    "title": "Waterval - Cinsault - Pinotage - 750ML",
    "category": "Bier en wijn",
    "price": 5.29,
    "promoPrice": null,
    "pricePerUnit": "7.05 l",
    "image": "https://www.jumbo.com/dam-images/fit-in/360x360/Products/09082023_1691591743984_1691591747225_6001506900591_1.png",
    "available": true,
    "promoUntil": null
  },
  {
    "id": "203373ZK",
    "title": "Iglo Roerbak Sensatie Tagliatelle Zalm 450 g",
    "category": "Diepvries",
    "price": 5.5,
    "promoPrice": null,
    "pricePerUnit": "12.22 kg",
    "image": "https://www.jumbo.com/dam-images/fit-in/360x360/Products/02082025_1754097471437_1754097482411_203373_ZK_08717774268216_C1N1.png",
    "available": true,
    "promoUntil": null
  },
  {
    "id": "577144ZK",
    "title": "Hak Uit de Oven Gevulde Paprika 550 g",
    "category": "Wereldkeukens, kruiden, pasta en rijst",
    "price": 2.99,
    "promoPrice": null,
    "pricePerUnit": "5.44 kg",
    "image": "https://www.jumbo.com/dam-images/fit-in/360x360/Products/03072025_1751508059781_1751508088697_577144_ZK_08720600621574_H1N1.png",
    "available": true,
    "promoUntil": null
  },
  {
    "id": "569256ZK",
    "title": "Puuur Visch Garnalen Oven & Airfryer 360 g",
    "category": "Diepvries",
    "price": 6.25,
    "promoPrice": null,
    "pricePerUnit": "17.36 kg",
    "image": "https://www.jumbo.com/dam-images/fit-in/360x360/Products/14022024_1707872892751_1707872903936_8719326805863_1.png",
    "available": true,
    "promoUntil": null
  },
  {
    "id": "546907ZK",
    "title": "Harlekijntjes Zachte Honing Drop 300 g",
    "category": "Koek, snoep, chocolade en chips",
    "price": 1.87,
    "promoPrice": null,
    "pricePerUnit": "6.23 kg",
    "image": "https://www.jumbo.com/dam-images/fit-in/360x360/Products/09082023_1691592281797_1691592310917_8717524965860_1.png",
    "available": true,
    "promoUntil": null
  },
  {
    "id": "610227DS",
    "title": "Sultana Havermoutsticks Chocolade",
    "category": "Koek, snoep, chocolade en chips",
    "price": 2.27,
    "promoPrice": null,
    "pricePerUnit": "15.13 kg",
    "image": "https://www.jumbo.com/dam-images/fit-in/360x360/Products/17012024_1705520048891_1705520062500_8710412044029_1.png",
    "available": true,
    "promoUntil": null
  },
  {
    "id": "567944FLS",
    "title": "Dettol Original Wasgel 250 ml",
    "category": "Drogisterij en baby",
    "price": 2.99,
    "promoPrice": null,
    "pricePerUnit": "11.96 l",
    "image": "https://www.jumbo.com/dam-images/fit-in/360x360/Products/30032025_1743299834720_1743299841868_567944_FLS_05410036314739_C1N1.png",
    "available": true,
    "promoUntil": null
  },
  {
    "id": "419930ZK",
    "title": "Perfect Fit - Adult - Indoor - Kattenbrokken - Kip - 750g",
    "category": "Huishouden en dieren",
    "price": 5.27,
    "promoPrice": null,
    "pricePerUnit": "7.03 kg",
    "image": "https://www.jumbo.com/dam-images/fit-in/360x360/Products/27092024_1727405889794_1727405893959_419930_ZK_05900951307553_H1N1.png",
    "available": true,
    "promoUntil": null
  },
  {
    "id": "182205POT",
    "title": "Jumbo Peper 4 Seizoenen 150 g",
    "category": "Wereldkeukens, kruiden, pasta en rijst",
    "price": 5.79,
    "promoPrice": null,
    "pricePerUnit": "38.6 kg",
    "image": "https://www.jumbo.com/dam-images/fit-in/360x360/Products/09082023_1691581022459_1691581035754_8718452203741_1.png",
    "available": true,
    "promoUntil": null
  },
  {
    "id": "705649PAK",
    "title": "Verkade Specials Chocorondjes Karamel 153 g",
    "category": "Koek, snoep, chocolade en chips",
    "price": 2.79,
    "promoPrice": 2.09,
    "pricePerUnit": "13.66 kg",
    "image": "https://www.jumbo.com/dam-images/fit-in/360x360/Products/10072025_1752113583715_1752113588865_705649_PAK_08710412045422_H1N1.png",
    "available": true,
    "promoUntil": "di 7 okt"
  },
  {
    "id": "678884TUB",
    "title": "Oral-B Pro-Expert Gevoeligheid Calm Sensation Tandpasta 75ml",
    "category": "Drogisterij en baby",
    "price": 4.89,
    "promoPrice": null,
    "pricePerUnit": "65.2 l",
    "image": "https://www.jumbo.com/dam-images/fit-in/360x360/Products/18092025_1758153734862_1758153738283_8700216667562_1.png",
    "available": true,
    "promoUntil": null
  },
  {
    "id": "92634ZK",
    "title": "Silvo Mix voor Gehakt 40 g",
    "category": "Wereldkeukens, kruiden, pasta en rijst",
    "price": 1.88,
    "promoPrice": null,
    "pricePerUnit": "47.0 kg",
    "image": "https://www.jumbo.com/dam-images/fit-in/360x360/Products/24062024_1719235998929_1719236023298_8715500041898_596.png",
    "available": true,
    "promoUntil": null
  },
  {
    "id": "30906PAK",
    "title": "Compaxo Goudanaartje 200 g",
    "category": "Vleeswaren, kaas en tapas",
    "price": 2.81,
    "promoPrice": null,
    "pricePerUnit": "14.05 kg",
    "image": "https://www.jumbo.com/dam-images/fit-in/360x360/Products/09082023_1691591459501_1691591463553_8710939000591_1.png",
    "available": true,
    "promoUntil": null
  },
  {
    "id": "422654DS",
    "title": "Lassie Orzo 275 g",
    "category": "Wereldkeukens, kruiden, pasta en rijst",
    "price": 1.48,
    "promoPrice": null,
    "pricePerUnit": "5.38 kg",
    "image": "https://www.jumbo.com/dam-images/fit-in/360x360/Products/10062025_1749519259415_1749519262628_422654_DS_08718781601447_H1N1.png",
    "available": true,
    "promoUntil": null
  },
  {
    "id": "75128PAK",
    "title": "Wella Haarspray Ultra Sterk 250 ml",
    "category": "Drogisterij en baby",
    "price": 3.95,
    "promoPrice": null,
    "pricePerUnit": "15.8 l",
    "image": "https://www.jumbo.com/dam-images/fit-in/360x360/Products/09082023_1691579016222_1691579025005_4056800922994_1.png",
    "available": true,
    "promoUntil": null
  },
  {
    "id": "171454POT",
    "title": "Olvarit 6+ Maanden Pompoen Kip Aardappel 200g",
    "category": "Drogisterij en baby",
    "price": 1.48,
    "promoPrice": null,
    "pricePerUnit": "7.4 kg",
    "image": "https://www.jumbo.com/dam-images/fit-in/360x360/Products/10112023_1699608790846_1699608799863_5900852926648_1.png",
    "available": true,
    "promoUntil": null
  },
  {
    "id": "686018DS",
    "title": "Jumbo Maaltijdsalade Kip Pesto 450 g",
    "category": "Verse maaltijden en gemak",
    "price": 5.0,
    "promoPrice": null,
    "pricePerUnit": "12.5 kg",
    "image": "https://www.jumbo.com/dam-images/fit-in/360x360/Products/12032025_1741797188834_1741797197715_8718452902392_1.png",
    "available": true,
    "promoUntil": null
  },
  {
    "id": "685553FLS",
    "title": "Axe Showergel Aqua Bergamot 225 ML",
    "category": "Drogisterij en baby",
    "price": 6.39,
    "promoPrice": null,
    "pricePerUnit": "28.4 l",
    "image": "https://www.jumbo.com/dam-images/fit-in/360x360/Products/03062025_1748913415559_1748913449821_685553_FLS_08720181601927_H1N1.png",
    "available": true,
    "promoUntil": null
  },
  {
    "id": "618424DS",
    "title": "Jumbo Cantaloupe Meloen 200 g",
    "category": "Aardappelen, groente en fruit",
    "price": 2.5,
    "promoPrice": null,
    "pricePerUnit": "12.5 kg",
    "image": "https://www.jumbo.com/dam-images/fit-in/360x360/Products/01052024_1714559649407_1714559655573_8718452835652_1.png",
    "available": true,
    "promoUntil": null
  },
  {
    "id": "72382POT",
    "title": "Galbani Ricotta Cremosa 250 g",
    "category": "Vleeswaren, kaas en tapas",
    "price": 2.99,
    "promoPrice": null,
    "pricePerUnit": "11.96 kg",
    "image": "https://www.jumbo.com/dam-images/fit-in/360x360/Products/24042025_1745508806948_1745508817802_8000430194012_1.png",
    "available": true,
    "promoUntil": null
  },
  {
    "id": "97972ZK",
    "title": "Jumbo Mix Mosselgroente 400 g",
    "category": "Aardappelen, groente en fruit",
    "price": 2.09,
    "promoPrice": null,
    "pricePerUnit": "5.23 kg",
    "image": "https://www.jumbo.com/dam-images/fit-in/360x360/Products/05062024_1717601667232_1717601677865_8718452776573_1.png",
    "available": true,
    "promoUntil": null
  },
  {
    "id": "715879BAK",
    "title": "XXL Rib Burger 210 g",
    "category": "Verse maaltijden en gemak",
    "price": 2.99,
    "promoPrice": null,
    "pricePerUnit": "14.24 kg",
    "image": "https://www.jumbo.com/dam-images/fit-in/360x360/Products/07052025_1746628386763_1746628392550_4132500003833_1.png",
    "available": true,
    "promoUntil": null
  },
  {
    "id": "544735BLK",
    "title": "Gordon's - London Dry Gin & Tonic - 250ML",
    "category": "Bier en wijn",
    "price": 2.29,
    "promoPrice": null,
    "pricePerUnit": "9.16 l",
    "image": "https://www.jumbo.com/dam-images/fit-in/360x360/Products/15032024_1710471193340_1710471195832_544735_BLK_08711300999902_C1N1.png",
    "available": true,
    "promoUntil": null
  },
  {
    "id": "673427FLS",
    "title": "Barton & Guestier - Crémant de Bordeaux Brut - 750ML",
    "category": "Bier en wijn",
    "price": 9.99,
    "promoPrice": null,
    "pricePerUnit": "13.32 l",
    "image": "https://www.jumbo.com/dam-images/fit-in/360x360/Products/11042025_1744378428999_1744378432964_3035131123684_1.png",
    "available": true,
    "promoUntil": null
  },
  {
    "id": "304402PAK",
    "title": "Barilla Spaghetti n°5 500 g",
    "category": "Wereldkeukens, kruiden, pasta en rijst",
    "price": 2.19,
    "promoPrice": null,
    "pricePerUnit": "4.38 kg",
    "image": "https://www.jumbo.com/dam-images/fit-in/360x360/Products/09082023_1691591685835_1691591690506_8076800195057_1.png",
    "available": true,
    "promoUntil": null
  },
  {
    "id": "680880ZK",
    "title": "Jumbo Bruin Brood Spelt 300 g",
    "category": "Brood en gebak",
    "price": 1.69,
    "promoPrice": null,
    "pricePerUnit": "5.63 kg",
    "image": "https://www.jumbo.com/dam-images/fit-in/360x360/Products/03092025_1756906417214_1756906422956_8718452916115_1.png",
    "available": true,
    "promoUntil": null
  },
  {
    "id": "69743POT",
    "title": "Koh Thai Groene curry pasta",
    "category": "Wereldkeukens, kruiden, pasta en rijst",
    "price": 3.46,
    "promoPrice": null,
    "pricePerUnit": "15.38 kg",
    "image": "https://www.jumbo.com/dam-images/fit-in/360x360/Products/04072024_1720055192574_1720055200769_69743_POT_08717662260841_C1N1.png",
    "available": true,
    "promoUntil": null
  },
  {
    "id": "685938DS",
    "title": "HGX Fruitvliegjesval Navulling 40ML",
    "category": "Non-food en servicebalie",
    "price": 9.29,
    "promoPrice": null,
    "pricePerUnit": "232.25 l",
    "image": "https://www.jumbo.com/dam-images/fit-in/360x360/Products/11032025_1741706549049_1741706553436_685938_DS_00000087352726_C1N1.png",
    "available": true,
    "promoUntil": null
  },
  {
    "id": "407760ZK",
    "title": "Slooow Bio Organic Rustieke Crispy Pistolets 360 g",
    "category": "Brood en gebak",
    "price": 2.79,
    "promoPrice": null,
    "pricePerUnit": "7.75 kg",
    "image": "https://www.jumbo.com/dam-images/fit-in/360x360/Products/10062025_1749565988656_1749565996101_8718564135251_1.png",
    "available": true,
    "promoUntil": null
  },
  {
    "id": "537147BLK",
    "title": "Passoã - Mixed with Orange Juice - 250ML",
    "category": "Bier en wijn",
    "price": 2.19,
    "promoPrice": null,
    "pricePerUnit": "8.76 l",
    "image": "https://www.jumbo.com/dam-images/fit-in/360x360/Products/24112023_1700796510816_1700796525255_537147_BLK_08716000970329_C1N1.png",
    "available": true,
    "promoUntil": null
  },
  {
    "id": "432255FLS",
    "title": "Fuze Tea Black Iced Tea Peach Hibiscus 400 ml",
    "category": "Frisdrank en sappen",
    "price": 1.45,
    "promoPrice": null,
    "pricePerUnit": "3.63 l",
    "image": "https://www.jumbo.com/dam-images/fit-in/360x360/Products/13082024_1723511610979_1723511620302_432255_FLS_05000112648102_H1N1.png",
    "available": true,
    "promoUntil": null
  },
  {
    "id": "492451FLS",
    "title": "Lambrusco - Rosso - 750ML",
    "category": "Bier en wijn",
    "price": 2.49,
    "promoPrice": null,
    "pricePerUnit": "3.32 l",
    "image": "https://www.jumbo.com/dam-images/fit-in/360x360/Products/09082023_1691586975253_1691586980183_8003295007282_1.png",
    "available": true,
    "promoUntil": null
  },
  {
    "id": "33195FLS",
    "title": "Quinta da Trovisca - Ruby Port - 750ML",
    "category": "Bier en wijn",
    "price": 6.99,
    "promoPrice": null,
    "pricePerUnit": "9.32 l",
    "image": "https://www.jumbo.com/dam-images/fit-in/360x360/Products/10082023_1691675025124_1691675059341_5605891982098_1.png",
    "available": true,
    "promoUntil": null
  },
  {
    "id": "396255DS",
    "title": "Knoppers Coconut Bar 5 x 40 g",
    "category": "Koek, snoep, chocolade en chips",
    "price": 2.76,
    "promoPrice": null,
    "pricePerUnit": "13.8 kg",
    "image": "https://www.jumbo.com/dam-images/fit-in/360x360/Products/01032024_1709289247938_1709289253882_4014400929379_1.png",
    "available": true,
    "promoUntil": null
  },
  {
    "id": "237960STK",
    "title": "Verstegen Paprikapoeder Pikant 35 g",
    "category": "Wereldkeukens, kruiden, pasta en rijst",
    "price": 2.99,
    "promoPrice": null,
    "pricePerUnit": "85.43 kg",
    "image": "https://www.jumbo.com/dam-images/fit-in/360x360/Products/26082025_1756171932830_1756171936712_237960_STK_08712200091109_C1N1.png",
    "available": true,
    "promoUntil": null
  },
  {
    "id": "575120DS",
    "title": "Oral-B Pro Kids Elektrische Tandenborstel",
    "category": "Drogisterij en baby",
    "price": 39.99,
    "promoPrice": null,
    "pricePerUnit": "39.99 pieces",
    "image": "https://www.jumbo.com/dam-images/fit-in/360x360/Products/05092025_1757038925047_1757038926455_575120_DS_08006540772409_C1N1.png",
    "available": true,
    "promoUntil": null
  },
  {
    "id": "687352ZK",
    "title": "Bolletje Kruidnoten de Originele 950 g",
    "category": "Koek, snoep, chocolade en chips",
    "price": 3.99,
    "promoPrice": null,
    "pricePerUnit": "4.2 kg",
    "image": "https://www.jumbo.com/dam-images/fit-in/360x360/Products/21072025_1753108367524_1753108376674_8710482535038_1.png",
    "available": true,
    "promoUntil": null
  },
  {
    "id": "439655ZK",
    "title": "Knorr Maaltijdmix Bami 35 g",
    "category": "Wereldkeukens, kruiden, pasta en rijst",
    "price": 1.69,
    "promoPrice": null,
    "pricePerUnit": "48.29 kg",
    "image": "https://www.jumbo.com/dam-images/fit-in/360x360/Products/03062025_1748946834026_1748946843001_8710522979594_1.png",
    "available": true,
    "promoUntil": null
  },
  {
    "id": "233318STK",
    "title": "Douwe Egberts Lungo 10 Sterk 20 Capsules 104 g",
    "category": "Koffie en thee",
    "price": 5.79,
    "promoPrice": null,
    "pricePerUnit": "0.29 pieces",
    "image": "https://www.jumbo.com/dam-images/fit-in/360x360/Products/02042025_1743554012799_1743554019391_8711000425091_1.png",
    "available": false,
    "promoUntil": null
  },
  {
    "id": "163492CUP",
    "title": "Jumbo Salade Ei met Prei 150 g",
    "category": "Vleeswaren, kaas en tapas",
    "price": 2.19,
    "promoPrice": null,
    "pricePerUnit": "14.6 kg",
    "image": "https://www.jumbo.com/dam-images/fit-in/360x360/Products/14022024_1707873714114_1707873719498_8718452757787_1.png",
    "available": true,
    "promoUntil": null
  },
  {
    "id": "225584STK",
    "title": "Zonnatura Biologische Vegetarische Pate Naturel 125 g",
    "category": "Vleeswaren, kaas en tapas",
    "price": 4.25,
    "promoPrice": null,
    "pricePerUnit": "34.0 kg",
    "image": "https://www.jumbo.com/dam-images/fit-in/360x360/Products/26082024_1724661254386_1724661261090_8711812421601_1.png",
    "available": true,
    "promoUntil": null
  },
  {
    "id": "136897DSL",
    "title": "St. Michael – Riesling Nahe 6 x 750 ml",
    "category": "Bier en wijn",
    "price": 29.94,
    "promoPrice": null,
    "pricePerUnit": "6.65 l",
    "image": "https://www.jumbo.com/dam-images/fit-in/360x360/Products/136897DSL-1692279234222.png",
    "available": true,
    "promoUntil": null
  },
  {
    "id": "271425FLS",
    "title": "Jumbo Huiswijn - Robuust - Chili - Carménère - 250ML",
    "category": "Bier en wijn",
    "price": 2.29,
    "promoPrice": null,
    "pricePerUnit": "9.16 l",
    "image": "https://www.jumbo.com/dam-images/fit-in/360x360/Products/18092023_1695043433704_1695043435436_8718452381012_1.png",
    "available": true,
    "promoUntil": null
  },
  {
    "id": "398383ZK",
    "title": "Jumbo Chips Sweet Chili Flavour Grof Geribbeld 150 g",
    "category": "Koek, snoep, chocolade en chips",
    "price": 1.59,
    "promoPrice": null,
    "pricePerUnit": "10.6 kg",
    "image": "https://www.jumbo.com/dam-images/fit-in/360x360/Products/10102023_1696937581967_1696937586783_8718452502110_1.png",
    "available": true,
    "promoUntil": null
  },
  {
    "id": "638042DS",
    "title": "Holie's Crunchy Bar Nuts & Seeds 3 x 2 x 20 g",
    "category": "Koek, snoep, chocolade en chips",
    "price": 3.22,
    "promoPrice": null,
    "pricePerUnit": "26.83 kg",
    "image": "https://www.jumbo.com/dam-images/fit-in/360x360/Products/12022025_1739327184941_1739327192038_638042_DS_08720256082620_C1N1.png",
    "available": true,
    "promoUntil": null
  },
  {
    "id": "143078POT",
    "title": "Verstegen Kardemom Gemalen 32 g",
    "category": "Wereldkeukens, kruiden, pasta en rijst",
    "price": 5.63,
    "promoPrice": null,
    "pricePerUnit": "175.94 kg",
    "image": "https://www.jumbo.com/dam-images/fit-in/360x360/Products/30082024_1724980152942_1724980160995_143078_POT_08712200065520_C1N1.png",
    "available": true,
    "promoUntil": null
  },
  {
    "id": "678405ZK",
    "title": "Dermaris Mini Broodjes Kruidenboter 250 g",
    "category": "Brood en gebak",
    "price": 2.49,
    "promoPrice": null,
    "pricePerUnit": "9.96 kg",
    "image": "https://www.jumbo.com/dam-images/fit-in/360x360/Products/27052025_1748349169136_1748349177909_4260634275014_1.png",
    "available": true,
    "promoUntil": null
  },
  {
    "id": "473261BOX",
    "title": "Kleenex Balsam Zakdoeken 3-Laags 64 Stuks",
    "category": "Drogisterij en baby",
    "price": 2.39,
    "promoPrice": null,
    "pricePerUnit": "0.04 pieces",
    "image": "https://www.jumbo.com/dam-images/fit-in/360x360/Products/02042025_1743559437533_1743559440364_473261_BOX_05029053579504_C1N1.png",
    "available": true,
    "promoUntil": null
  },
  {
    "id": "629540BLS",
    "title": "Glorix Power Clean Toiletblok Citroen 2 stuks",
    "category": "Huishouden en dieren",
    "price": 7.79,
    "promoPrice": null,
    "pricePerUnit": "3.9 pieces",
    "image": "https://www.jumbo.com/dam-images/fit-in/360x360/Products/12092025_1757639857440_1757639896875_629540_BLS_08720182903839_H1N1.png",
    "available": false,
    "promoUntil": null
  },
  {
    "id": "553729ZK",
    "title": "Candyman Manna Plofrijst 200 g",
    "category": "Koek, snoep, chocolade en chips",
    "price": 1.89,
    "promoPrice": null,
    "pricePerUnit": "9.45 kg",
    "image": "https://www.jumbo.com/dam-images/fit-in/360x360/Products/12122023_1702354790264_1702354795023_553729_ZK_08719700009481_C1N1.png",
    "available": true,
    "promoUntil": null
  },
  {
    "id": "689590KGR",
    "title": "Jumbo Mortadella met Pistache ca. 100 g",
    "category": "Vleeswaren, kaas en tapas",
    "price": 2.29,
    "promoPrice": null,
    "pricePerUnit": "22.9 kg",
    "image": "https://www.jumbo.com/dam-images/fit-in/360x360/Products/09082023_1691586740911_1691586777647_2333233000000_1.png",
    "available": true,
    "promoUntil": null
  },
  {
    "id": "218404STK",
    "title": "Jumbo Snack Kip Strips 170 g",
    "category": "Huishouden en dieren",
    "price": 3.28,
    "promoPrice": null,
    "pricePerUnit": "19.29 kg",
    "image": "https://www.jumbo.com/dam-images/fit-in/360x360/Products/17032025_1742229208461_1742229227829_8718452584000_1.png",
    "available": true,
    "promoUntil": null
  },
  {
    "id": "161627PAK",
    "title": "Jumbo Biologisch Tuinkers Kiemgroente 20 g",
    "category": "Aardappelen, groente en fruit",
    "price": 1.35,
    "promoPrice": null,
    "pricePerUnit": "1.35 pieces",
    "image": "https://www.jumbo.com/dam-images/fit-in/360x360/Products/17032025_1742229208197_1742229214254_8718452647699_1.png",
    "available": true,
    "promoUntil": null
  },
  {
    "id": "640405FLS",
    "title": "HG ECO Citroenzuur Ontkalker 500ml",
    "category": "Huishouden en dieren",
    "price": 5.89,
    "promoPrice": null,
    "pricePerUnit": "11.78 l",
    "image": "https://www.jumbo.com/dam-images/fit-in/360x360/Products/24122024_1735010887793_1735010892121_640405_FLS_08711577271671_C1N1.png",
    "available": true,
    "promoUntil": null
  },
  {
    "id": "194845TA",
    "title": "Céréal Minder Suikers Melkchocolade Praliné 100 g",
    "category": "Koek, snoep, chocolade en chips",
    "price": 2.29,
    "promoPrice": null,
    "pricePerUnit": "22.9 kg",
    "image": "https://www.jumbo.com/dam-images/fit-in/360x360/Products/24072025_1753345982100_1753345985626_5410063000391_1.png",
    "available": true,
    "promoUntil": null
  },
  {
    "id": "182187POT",
    "title": "Jumbo Komijnzaad Gemalen 35 g",
    "category": "Wereldkeukens, kruiden, pasta en rijst",
    "price": 2.09,
    "promoPrice": null,
    "pricePerUnit": "59.71 kg",
    "image": "https://www.jumbo.com/dam-images/fit-in/360x360/Products/12122024_1734014401148_1734014405631_87337334_1.png",
    "available": true,
    "promoUntil": null
  },
  {
    "id": "684429ZK",
    "title": "MAGGI Braadstomen Braadzak met Kruidenmix Kip Knoflook 28g",
    "category": "Wereldkeukens, kruiden, pasta en rijst",
    "price": 1.99,
    "promoPrice": null,
    "pricePerUnit": "71.07 kg",
    "image": "https://www.jumbo.com/dam-images/fit-in/360x360/Products/12052025_1747035893794_1747035946026_684429_ZK_08445291507968_C1N1_s01.png",
    "available": true,
    "promoUntil": null
  },
  {
    "id": "578021CUP",
    "title": "Jumbo Gezouten Cashewnoten 130 g",
    "category": "Koek, snoep, chocolade en chips",
    "price": 3.05,
    "promoPrice": null,
    "pricePerUnit": "23.46 kg",
    "image": "https://www.jumbo.com/dam-images/fit-in/360x360/Products/14022024_1707873701721_1707873705362_8718452739691_1.png",
    "available": true,
    "promoUntil": null
  },
  {
    "id": "187747POT",
    "title": "Verstegen Bruschetta Rosso 45 g",
    "category": "Wereldkeukens, kruiden, pasta en rijst",
    "price": 4.19,
    "promoPrice": null,
    "pricePerUnit": "93.11 kg",
    "image": "https://www.jumbo.com/dam-images/fit-in/360x360/Products/25022025_1740455147864_1740455154696_187747_POT_08712200977441_C1N1.png",
    "available": true,
    "promoUntil": null
  },
  {
    "id": "15941PAK",
    "title": "Mora Kip Oriëntal Style Loempia 150 g",
    "category": "Diepvries",
    "price": 1.79,
    "promoPrice": null,
    "pricePerUnit": "11.93 kg",
    "image": "https://www.jumbo.com/dam-images/fit-in/360x360/Products/12042024_1712885742168_1712885751921_15941_PAK_08710861992988_C1N1_s04.png",
    "available": true,
    "promoUntil": null
  },
  {
    "id": "621397STK",
    "title": "Jumbo Luierbroekjes Maat 6 15+ kg 18 Stuks",
    "category": "Drogisterij en baby",
    "price": 4.89,
    "promoPrice": null,
    "pricePerUnit": "0.27 pieces",
    "image": "https://www.jumbo.com/dam-images/fit-in/360x360/Products/12122024_1734014684792_1734014691418_8718452668274_1.png",
    "available": true,
    "promoUntil": null
  },
  {
    "id": "586497FLS",
    "title": "Les Fiefs de Lagrange - Cabernet Sauvignon - 750ML",
    "category": "Bier en wijn",
    "price": 24.99,
    "promoPrice": null,
    "pricePerUnit": "33.32 l",
    "image": "https://www.jumbo.com/dam-images/fit-in/360x360/Products/30042024_1714463353758_1714463356516_3760172719687_1.png",
    "available": true,
    "promoUntil": null
  },
  {
    "id": "640434DS",
    "title": "HG X Fruitvliegjesval 20 ml",
    "category": "Non-food en servicebalie",
    "price": 7.89,
    "promoPrice": null,
    "pricePerUnit": "394.5 l",
    "image": "https://www.jumbo.com/dam-images/fit-in/360x360/Products/08711577212988C1N1a7f4f7d2-4d5b-48dc-a35d-a8f7fd1d24ba-1741251979557.png",
    "available": true,
    "promoUntil": null
  },
  {
    "id": "61135PAK",
    "title": "Verkade Originals Frou Frou Vanille 150 g",
    "category": "Koek, snoep, chocolade en chips",
    "price": 1.78,
    "promoPrice": null,
    "pricePerUnit": "11.87 kg",
    "image": "https://www.jumbo.com/dam-images/fit-in/360x360/Products/03012025_1735871149108_1735871154192_61135_PAK_08710412237933_H1N1.png",
    "available": true,
    "promoUntil": null
  },
  {
    "id": "478657DS",
    "title": "Dr. Oetker Casa di Mama Pizza Tonno 435 g",
    "category": "Diepvries",
    "price": 4.39,
    "promoPrice": null,
    "pricePerUnit": "10.09 kg",
    "image": "https://www.jumbo.com/dam-images/fit-in/360x360/Products/17042025_1744855689427_1744855697473_478657_DS_04001724038719_C1N1_s04.png",
    "available": true,
    "promoUntil": null
  },
  {
    "id": "689677KGR",
    "title": "Jumbo Runderlever Gelardeerd 100g",
    "category": "Vleeswaren, kaas en tapas",
    "price": 2.5,
    "promoPrice": null,
    "pricePerUnit": "22.73 kg",
    "image": "https://www.jumbo.com/dam-images/fit-in/360x360/Products/05022024_1707150792774_1707150806625_2349030000000_1.png",
    "available": true,
    "promoUntil": null
  },
  {
    "id": "521812FLS",
    "title": "Marques del Silvo - Rioja Gran Reserva - 750 ML",
    "category": "Bier en wijn",
    "price": 14.99,
    "promoPrice": null,
    "pricePerUnit": "19.99 l",
    "image": "https://www.jumbo.com/dam-images/fit-in/360x360/Products/07102024_1728300855135_1728300858326_8437019906214_1.png",
    "available": true,
    "promoUntil": null
  },
  {
    "id": "182382STK",
    "title": "Jumbo Kaneel Warm & Kruidig 10 g",
    "category": "Wereldkeukens, kruiden, pasta en rijst",
    "price": 1.14,
    "promoPrice": null,
    "pricePerUnit": "114.0 kg",
    "image": "https://www.jumbo.com/dam-images/fit-in/360x360/Products/09082023_1691584437192_1691584446318_8718452203529_1.png",
    "available": true,
    "promoUntil": null
  },
  {
    "id": "367273KGR",
    "title": "Jumbo Notenpaté ca. 170 g",
    "category": "Vleeswaren, kaas en tapas",
    "price": 3.14,
    "promoPrice": null,
    "pricePerUnit": "18.5 kg",
    "image": "https://www.jumbo.com/dam-images/fit-in/360x360/Products/09092025_1757421313497_1757421320063_2333437000000_1.png",
    "available": true,
    "promoUntil": null
  },
  {
    "id": "471630ZK",
    "title": "FELIX® Crispies met Zalm- & Forelsmaak - Kattensnacks - 45g",
    "category": "Huishouden en dieren",
    "price": 1.95,
    "promoPrice": null,
    "pricePerUnit": "43.33 kg",
    "image": "https://www.jumbo.com/dam-images/fit-in/360x360/Products/23092025_1758599726136_1758599748593_471630_ZK_07613287596345_C1N1_s02.png",
    "available": true,
    "promoUntil": null
  },
  {
    "id": "490318FLS",
    "title": "SPA FRUIT Niet-Bruisende Fruitige Frisdrank Raspberry Blackcurrant 40 cl",
    "category": "Frisdrank en sappen",
    "price": 1.45,
    "promoPrice": null,
    "pricePerUnit": "3.63 l",
    "image": "https://www.jumbo.com/dam-images/fit-in/360x360/Products/13082025_1755048396613_1755048401508_490318_FLS_05410013811503_H1N1.png",
    "available": true,
    "promoUntil": null
  },
  {
    "id": "637462ZK",
    "title": "Lamb Weston Rustic Fries 750g",
    "category": "Diepvries",
    "price": 2.96,
    "promoPrice": null,
    "pricePerUnit": "3.95 kg",
    "image": "https://www.jumbo.com/dam-images/fit-in/360x360/Products/22082024_1724294969770_1724294975162_637462_ZK_08711571093354_C1N1.png",
    "available": true,
    "promoUntil": null
  },
  {
    "id": "178202ZK",
    "title": "Topking Vlam Panini 1 Stuk 210 g",
    "category": "Brood en gebak",
    "price": 3.59,
    "promoPrice": null,
    "pricePerUnit": "17.1 kg",
    "image": "https://www.jumbo.com/dam-images/fit-in/360x360/Products/08082025_1754617470768_1754617486874_178202_ZK_08711103880711_A1N1.png",
    "available": true,
    "promoUntil": null
  },
  {
    "id": "477299FLS",
    "title": "Somersby Blackberry Flavoured Sparkling Cider 330ML",
    "category": "Bier en wijn",
    "price": 1.79,
    "promoPrice": null,
    "pricePerUnit": "5.42 l",
    "image": "https://www.jumbo.com/dam-images/fit-in/360x360/Products/20092025_1758337885891_1758337889158_477299_FLS_03858887585410_C1N1.png",
    "available": true,
    "promoUntil": null
  },
  {
    "id": "170045ZK",
    "title": "Bolletje Kruidnoten de Originele 500 g",
    "category": "Koek, snoep, chocolade en chips",
    "price": 2.59,
    "promoPrice": null,
    "pricePerUnit": "5.18 kg",
    "image": "https://www.jumbo.com/dam-images/fit-in/360x360/Products/17052024_1715910464981_1715910479649_170045_ZK_08710482532761_C1N1.png",
    "available": true,
    "promoUntil": null
  },
  {
    "id": "212149STK",
    "title": "Jumbo Gesneden Koolraap 400 g",
    "category": "Aardappelen, groente en fruit",
    "price": 1.99,
    "promoPrice": null,
    "pricePerUnit": "4.98 kg",
    "image": "https://www.jumbo.com/dam-images/fit-in/360x360/Products/30092024_1727706762854_1727706769192_8718452798674_1.png",
    "available": true,
    "promoUntil": null
  },
  {
    "id": "669647ZK",
    "title": "Snacktural Bruschetta Knoflook en Peterselie 150 g",
    "category": "Vleeswaren, kaas en tapas",
    "price": 2.09,
    "promoPrice": null,
    "pricePerUnit": "13.93 kg",
    "image": "https://www.jumbo.com/dam-images/fit-in/360x360/Products/21022025_1740133965425_1740133976337_8436551192727_1.png",
    "available": true,
    "promoUntil": null
  },
  {
    "id": "133787DS",
    "title": "Ola IJs Festini Peer 12 stuks 12 x 50ml ",
    "category": "Diepvries",
    "price": 4.39,
    "promoPrice": null,
    "pricePerUnit": "7.32 l",
    "image": "https://www.jumbo.com/dam-images/fit-in/360x360/Products/15082025_1755226334448_1755226414424_133787_DS_08710447032756_H1N1.png",
    "available": true,
    "promoUntil": null
  },
  {
    "id": "635605DS",
    "title": "Jumbo Pureersoep Rode Paprika 460 g",
    "category": "Aardappelen, groente en fruit",
    "price": 4.29,
    "promoPrice": null,
    "pricePerUnit": "9.33 kg",
    "image": "https://www.jumbo.com/dam-images/fit-in/360x360/Products/19082024_1724077999155_1724078006732_8718452852147_1.png",
    "available": true,
    "promoUntil": null
  },
  {
    "id": "677638DS",
    "title": "Strepsils Sinaasappel & Vitamine C zuigtabbletten bij keelpijn, 36 stuks",
    "category": "Drogisterij en baby",
    "price": 9.99,
    "promoPrice": null,
    "pricePerUnit": "86.87 kg",
    "image": "https://www.jumbo.com/dam-images/fit-in/360x360/Products/23052025_1747958497760_1747958524745_5000158105171_1.png",
    "available": true,
    "promoUntil": null
  },
  {
    "id": "419450PAK",
    "title": "FELIX® Dubbel Zo Lekker Mix Selectie in Gelei Kattenvoer 12x85g",
    "category": "Huishouden en dieren",
    "price": 6.29,
    "promoPrice": null,
    "pricePerUnit": "6.17 kg",
    "image": "https://www.jumbo.com/dam-images/fit-in/360x360/Products/23092025_1758593601582_1758593659338_419450_PAK_07613039850282_C1N1_s02.png",
    "available": true,
    "promoUntil": null
  },
  {
    "id": "659641DS",
    "title": "Jumbo Biologisch Frambozen 250 g",
    "category": "Diepvries",
    "price": 3.99,
    "promoPrice": null,
    "pricePerUnit": "15.96 kg",
    "image": "https://www.jumbo.com/dam-images/fit-in/360x360/Products/03122024_1733225556397_1733225575304_8718452888900_596.png",
    "available": true,
    "promoUntil": null
  },
  {
    "id": "229333STK",
    "title": "Original Wagner Big City Pizza with Mozzarella & Edam Cheese #Amsterdam 410 g",
    "category": "Diepvries",
    "price": 3.99,
    "promoPrice": null,
    "pricePerUnit": "9.73 kg",
    "image": "https://www.jumbo.com/dam-images/fit-in/360x360/Products/10082023_1691678359537_1691678375586_7613036643641_1.png",
    "available": true,
    "promoUntil": null
  },
  {
    "id": "673781ZK",
    "title": "Jumbo Wokgroente Shanghai Stijl 400 g",
    "category": "Aardappelen, groente en fruit",
    "price": 2.99,
    "promoPrice": null,
    "pricePerUnit": "7.48 kg",
    "image": "https://www.jumbo.com/dam-images/fit-in/360x360/Products/26032025_1743006791021_1743006799367_8718452892570_1.png",
    "available": true,
    "promoUntil": null
  },
  {
    "id": "145735PAK",
    "title": "Fairtrade Original Thaise Groene Curry 70 g",
    "category": "Wereldkeukens, kruiden, pasta en rijst",
    "price": 2.15,
    "promoPrice": null,
    "pricePerUnit": "30.71 kg",
    "image": "https://www.jumbo.com/dam-images/fit-in/360x360/Products/29092023_1695995394043_1695995405523_8711741353646_1.png",
    "available": true,
    "promoUntil": null
  },
  {
    "id": "625535PAK",
    "title": "Heinz Tomato Frito® basilicum",
    "category": "Wereldkeukens, kruiden, pasta en rijst",
    "price": 1.48,
    "promoPrice": null,
    "pricePerUnit": "4.23 kg",
    "image": "https://www.jumbo.com/dam-images/fit-in/360x360/Products/17042025_1744861374165_1744861383869_625535_PAK_08410066142934_H1N1.png",
    "available": true,
    "promoUntil": null
  },
  {
    "id": "622808CUP",
    "title": "Jumbo Kaasblokjes Chili Jong 45+ 100 g",
    "category": "Vleeswaren, kaas en tapas",
    "price": 2.49,
    "promoPrice": null,
    "pricePerUnit": "24.9 kg",
    "image": "https://www.jumbo.com/dam-images/fit-in/360x360/Products/26062024_1719412468511_1719412476984_8718452836734_1.png",
    "available": true,
    "promoUntil": null
  },
  {
    "id": "689592ZK",
    "title": "Jumbo Rozemarijn 15 g",
    "category": "Aardappelen, groente en fruit",
    "price": 1.19,
    "promoPrice": null,
    "pricePerUnit": "79.33 kg",
    "image": "https://www.jumbo.com/dam-images/fit-in/360x360/Products/12062025_1749742493686_1749742498530_8718452897001_1.png",
    "available": true,
    "promoUntil": null
  },
  {
    "id": "568874ZK",
    "title": "Italiano Luchtige Drop Quattro's 140 g",
    "category": "Koek, snoep, chocolade en chips",
    "price": 2.27,
    "promoPrice": null,
    "pricePerUnit": "16.21 kg",
    "image": "https://www.jumbo.com/dam-images/fit-in/360x360/Products/14022024_1707872893292_1707872910043_8719700009542_1.png",
    "available": true,
    "promoUntil": null
  },
  {
    "id": "188369DSL",
    "title": "The Wanted Zin - Zinfandel from Old Vines 6 x 750 ml",
    "category": "Bier en wijn",
    "price": 47.94,
    "promoPrice": null,
    "pricePerUnit": "10.65 l",
    "image": "https://www.jumbo.com/dam-images/fit-in/360x360/Products/188369DSL-1692282515393.png",
    "available": true,
    "promoUntil": null
  },
  {
    "id": "672222BLK",
    "title": "Fanta Tutti Frutti Taste Limited Edition 250 ml",
    "category": "Frisdrank en sappen",
    "price": 0.85,
    "promoPrice": null,
    "pricePerUnit": "3.4 l",
    "image": "https://www.jumbo.com/dam-images/fit-in/360x360/Products/10012025_1736477514529_1736477521707_672222_BLK_05000112680812_H1N1.png",
    "available": true,
    "promoUntil": null
  },
  {
    "id": "49602STK",
    "title": "Original Wagner Sensazione Speciale met Champignons, Salami en Gekookte Ham 360 g",
    "category": "Diepvries",
    "price": 3.99,
    "promoPrice": null,
    "pricePerUnit": "11.08 kg",
    "image": "https://www.jumbo.com/dam-images/fit-in/360x360/Products/14022024_1707872591629_1707872635991_4009233016815_1.png",
    "available": true,
    "promoUntil": null
  },
  {
    "id": "674636BLK",
    "title": "Monster Energy Ultra Fiesta Mango Zero Sugar 500 ml",
    "category": "Frisdrank en sappen",
    "price": 2.29,
    "promoPrice": null,
    "pricePerUnit": "4.58 l",
    "image": "https://www.jumbo.com/dam-images/fit-in/360x360/Products/11022025_1739242508962_1739242515136_674636_BLK_05060947543058_H1N1.png",
    "available": true,
    "promoUntil": null
  },
  {
    "id": "415389DS",
    "title": "Sensodyne Repair & Protect Whitening Tandpasta voor gevoelige tanden 75 ml",
    "category": "Drogisterij en baby",
    "price": 7.29,
    "promoPrice": null,
    "pricePerUnit": "97.2 l",
    "image": "https://www.jumbo.com/dam-images/fit-in/360x360/Products/27052025_1748311214127_1748311216126_415389_DS_05054563097958_C1N1.png",
    "available": true,
    "promoUntil": null
  },
  {
    "id": "442296ZK",
    "title": "Kokki Djawa Boemboe Saté Hot 500 g",
    "category": "Wereldkeukens, kruiden, pasta en rijst",
    "price": 4.29,
    "promoPrice": null,
    "pricePerUnit": "8.58 kg",
    "image": "https://www.jumbo.com/dam-images/fit-in/360x360/Products/20122023_1703053052523_1703053066395_442296_ZK_08710161532266_C1N1.png",
    "available": true,
    "promoUntil": null
  },
  {
    "id": "513171DS",
    "title": "Jumbo Biologisch 3 Kleuren Quinoa 275 g",
    "category": "Wereldkeukens, kruiden, pasta en rijst",
    "price": 2.04,
    "promoPrice": null,
    "pricePerUnit": "7.42 kg",
    "image": "https://www.jumbo.com/dam-images/fit-in/360x360/Products/09082023_1691590732486_1691590758286_8718452665235_1.png",
    "available": true,
    "promoUntil": null
  },
  {
    "id": "480004PAK",
    "title": "Always Discreet Inlegkruisjes Voor Urineverlies Normal X28",
    "category": "Drogisterij en baby",
    "price": 3.89,
    "promoPrice": null,
    "pricePerUnit": "0.14 pieces",
    "image": "https://www.jumbo.com/dam-images/fit-in/360x360/Products/14082025_1755200014368_1755200019037_4015400675464_1.png",
    "available": true,
    "promoUntil": null
  },
  {
    "id": "232704STK",
    "title": "Lassie BIO Zilvervliesrijst 375g",
    "category": "Wereldkeukens, kruiden, pasta en rijst",
    "price": 2.27,
    "promoPrice": null,
    "pricePerUnit": "6.05 kg",
    "image": "https://www.jumbo.com/dam-images/fit-in/360x360/Products/02102024_1727832826490_1727832832875_232704_STK_08718781601102_H1N1.png",
    "available": true,
    "promoUntil": null
  },
  {
    "id": "671225STK",
    "title": "HEMA Keukendoek Uni Frisgroen",
    "category": "Non-food en servicebalie",
    "price": 2.49,
    "promoPrice": null,
    "pricePerUnit": "2.49 pieces",
    "image": "https://www.jumbo.com/dam-images/fit-in/360x360/Products/24122024_1735038560305_1735038565561_671225_STK_08720354932117_C1N1.png",
    "available": true,
    "promoUntil": null
  },
  {
    "id": "418811PAK",
    "title": "Président l'Ovale 200 g",
    "category": "Vleeswaren, kaas en tapas",
    "price": 3.75,
    "promoPrice": null,
    "pricePerUnit": "18.75 kg",
    "image": "https://www.jumbo.com/dam-images/fit-in/360x360/Products/05122024_1733394796144_1733394802626_3228024200238_1.png",
    "available": true,
    "promoUntil": null
  },
  {
    "id": "575074RP",
    "title": "NESTLÉ L'ATELIER Pure chocoladereep amandel & bosbes",
    "category": "Koek, snoep, chocolade en chips",
    "price": 4.35,
    "promoPrice": null,
    "pricePerUnit": "29.0 kg",
    "image": "https://www.jumbo.com/dam-images/fit-in/360x360/Products/31072024_1722433096372_1722433101837_8445290552860_1.png",
    "available": true,
    "promoUntil": null
  },
  {
    "id": "383790ZK",
    "title": "Jumbo Volledig Diervoeder Katten Gesteriliseerd Kip & Rijst 800 g",
    "category": "Huishouden en dieren",
    "price": 4.41,
    "promoPrice": null,
    "pricePerUnit": "5.51 kg",
    "image": "https://www.jumbo.com/dam-images/fit-in/360x360/Products/09082023_1691587558862_1691587583473_8718452476770_1.png",
    "available": true,
    "promoUntil": null
  },
  {
    "id": "183623POT",
    "title": "Jumbo Zout Fijn 94 g",
    "category": "Wereldkeukens, kruiden, pasta en rijst",
    "price": 1.68,
    "promoPrice": null,
    "pricePerUnit": "17.87 kg",
    "image": "https://www.jumbo.com/dam-images/fit-in/360x360/Products/12122024_1734014421748_1734014425290_87337297_1.png",
    "available": true,
    "promoUntil": null
  },
  {
    "id": "542981DSL",
    "title": "Whiskas 7+ Natvoer - Classic - Selectie in saus - maaltijdzakjes 4 x 12 x 85 g",
    "category": "Huishouden en dieren",
    "price": 22.88,
    "promoPrice": null,
    "pricePerUnit": "0.48 pieces",
    "image": "https://www.jumbo.com/dam-images/fit-in/360x360/Products/542981DSL-1692282759255.png",
    "available": true,
    "promoUntil": null
  },
  {
    "id": "571479FLS",
    "title": "Omo Vloeibaar Wasmiddel Kleur XXL 75 wasbeurten",
    "category": "Huishouden en dieren",
    "price": 18.5,
    "promoPrice": null,
    "pricePerUnit": "0.25 wb",
    "image": "https://www.jumbo.com/dam-images/fit-in/360x360/Products/14032025_1741918643182_1741918668176_571479_FLS_08720181392665_C1N1.png",
    "available": true,
    "promoUntil": null
  },
  {
    "id": "703102DS",
    "title": "Pick Up! Original 4 Stuks",
    "category": "Koek, snoep, chocolade en chips",
    "price": 2.79,
    "promoPrice": null,
    "pricePerUnit": "24.91 kg",
    "image": "https://www.jumbo.com/dam-images/fit-in/360x360/Products/04062025_1749040941843_1749040947100_703102_DS_04017100264610_C1N1.png",
    "available": true,
    "promoUntil": null
  },
  {
    "id": "612495CUP",
    "title": "Hertog IJs IJssalon Aardbei-Meringue Vanille 825 ml",
    "category": "Diepvries",
    "price": 5.29,
    "promoPrice": null,
    "pricePerUnit": "6.41 l",
    "image": "https://www.jumbo.com/dam-images/fit-in/360x360/Products/10052025_1746842038444_1746842081601_612495_CUP_08711327619623_H1N1.png",
    "available": true,
    "promoUntil": null
  },
  {
    "id": "662661DS",
    "title": "Kinder Duo 12 Stuks",
    "category": "Koek, snoep, chocolade en chips",
    "price": 3.95,
    "promoPrice": null,
    "pricePerUnit": "26.33 kg",
    "image": "https://www.jumbo.com/dam-images/fit-in/360x360/Products/28112024_1732822441294_1732822444104_8000500385807_1.png",
    "available": true,
    "promoUntil": null
  },
  {
    "id": "159927ZK",
    "title": "Maoam Pinballs 230 g",
    "category": "Koek, snoep, chocolade en chips",
    "price": 2.23,
    "promoPrice": null,
    "pricePerUnit": "9.7 kg",
    "image": "https://www.jumbo.com/dam-images/fit-in/360x360/Products/20062025_1750444446360_1750444452331_4001686579954_1.png",
    "available": true,
    "promoUntil": null
  },
  {
    "id": "454954DS",
    "title": "Nature Valley Crunchy Variety Pack 5 x 42 g",
    "category": "Koek, snoep, chocolade en chips",
    "price": 2.9,
    "promoPrice": null,
    "pricePerUnit": "13.81 kg",
    "image": "https://www.jumbo.com/dam-images/fit-in/360x360/Products/23112023_1700739183001_1700739197093_8410076600455_1.png",
    "available": true,
    "promoUntil": null
  },
  {
    "id": "443941PAK",
    "title": "Haust Krokant Toast 100 g",
    "category": "Koek, snoep, chocolade en chips",
    "price": 1.29,
    "promoPrice": null,
    "pricePerUnit": "12.9 kg",
    "image": "https://www.jumbo.com/dam-images/fit-in/360x360/Products/09082023_1691588189734_1691588335020_8710445024135_1.png",
    "available": true,
    "promoUntil": null
  },
  {
    "id": "543628PAK",
    "title": "Whiskas 1+ Kattenvoer- Tasty Mix - Keuze van de Chef in saus - maaltijdzakjes 12x85g",
    "category": "Huishouden en dieren",
    "price": 5.72,
    "promoPrice": null,
    "pricePerUnit": "0.48 pieces",
    "image": "https://www.jumbo.com/dam-images/fit-in/360x360/Products/29072025_1753755750768_1753755756074_543628_PAK_04770608262051_H1N1.png",
    "available": true,
    "promoUntil": null
  },
  {
    "id": "609777ZK",
    "title": "Pampers Harmonie Protect & Care Babydoekjes x 44",
    "category": "Drogisterij en baby",
    "price": 3.39,
    "promoPrice": null,
    "pricePerUnit": "0.08 pieces",
    "image": "https://www.jumbo.com/dam-images/fit-in/360x360/Products/01092025_1756684820440_1756684824435_8700216250641_1.png",
    "available": true,
    "promoUntil": null
  },
  {
    "id": "166958FLS",
    "title": "Jumbo Lenzenvloeistof Zachte Lenzen 250 ml",
    "category": "Drogisterij en baby",
    "price": 3.59,
    "promoPrice": null,
    "pricePerUnit": "14.36 l",
    "image": "https://www.jumbo.com/dam-images/fit-in/360x360/Products/28092023_1695919764877_1695919772072_8718452139750_1.png",
    "available": true,
    "promoUntil": null
  },
  {
    "id": "712706DS",
    "title": "Whiskas 1+ Kattenvoer - Vis Selectie in Gelei - Maaltijdzakjes Multipack 80 x 85g",
    "category": "Huishouden en dieren",
    "price": 35.99,
    "promoPrice": null,
    "pricePerUnit": "5.29 kg",
    "image": "https://www.jumbo.com/dam-images/fit-in/360x360/Products/06082025_1754508759818_1754508772407_4008429171789_596.png",
    "available": true,
    "promoUntil": null
  },
  {
    "id": "648108KGR",
    "title": "Jumbo Schapenkaas 50+ Jong ca. 300 g",
    "category": "Vleeswaren, kaas en tapas",
    "price": 6.6,
    "promoPrice": null,
    "pricePerUnit": "22.0 kg",
    "image": "https://www.jumbo.com/dam-images/fit-in/360x360/Products/22072024_1721659044009_1721659052204_2348766000000_1.png",
    "available": true,
    "promoUntil": null
  },
  {
    "id": "616226ZK",
    "title": "Lazy Vegan Italian Risotto 400g",
    "category": "Diepvries",
    "price": 5.73,
    "promoPrice": null,
    "pricePerUnit": "14.33 kg",
    "image": "https://www.jumbo.com/dam-images/fit-in/360x360/Products/30112024_1732935408464_1732935416803_616226_ZK_08719747260456_C1N1.png",
    "available": true,
    "promoUntil": null
  },
  {
    "id": "163373POT",
    "title": "Flower Brand Sambal Oelek 375 g",
    "category": "Wereldkeukens, kruiden, pasta en rijst",
    "price": 2.79,
    "promoPrice": null,
    "pricePerUnit": "7.44 kg",
    "image": "https://www.jumbo.com/dam-images/fit-in/360x360/Products/10082023_1691674957405_1691675007217_8710161004244_1.png",
    "available": true,
    "promoUntil": null
  },
  {
    "id": "536509PAK",
    "title": "Bud - Pils - Blik - 6 x 330ML",
    "category": "Bier en wijn",
    "price": 7.59,
    "promoPrice": 5.69,
    "pricePerUnit": "2.87 l",
    "image": "https://www.jumbo.com/dam-images/fit-in/360x360/Products/294790PAK-1692362304144.png",
    "available": true,
    "promoUntil": "di 30 sep"
  },
  {
    "id": "553431BLK",
    "title": "Brouwerij 't IJ - IJwit - Blik - 330ML",
    "category": "Bier en wijn",
    "price": 2.75,
    "promoPrice": null,
    "pricePerUnit": "8.33 l",
    "image": "https://www.jumbo.com/dam-images/fit-in/360x360/Products/01082025_1754011277249_1754011281689_553431_BLK_08717545262696_C1N1.png",
    "available": true,
    "promoUntil": null
  },
  {
    "id": "151140DS",
    "title": "Jumbo Kaaswafelblokjes 100 g",
    "category": "Koek, snoep, chocolade en chips",
    "price": 2.47,
    "promoPrice": null,
    "pricePerUnit": "24.7 kg",
    "image": "https://www.jumbo.com/dam-images/fit-in/360x360/Products/10032025_1741617246895_1741617252821_8711715896568_1.png",
    "available": true,
    "promoUntil": null
  },
  {
    "id": "698771FLS",
    "title": "Andrélon Conditioner Oil & Care 250 ml",
    "category": "Drogisterij en baby",
    "price": 6.49,
    "promoPrice": null,
    "pricePerUnit": "32.45 l",
    "image": "https://www.jumbo.com/dam-images/fit-in/360x360/Products/07062025_1749258483722_1749258508323_698771_FLS_08720181619304_H1N1.png",
    "available": true,
    "promoUntil": null
  },
  {
    "id": "484490FLS",
    "title": "Mezzacorona - Pinot Grigio - 375ML",
    "category": "Bier en wijn",
    "price": 4.49,
    "promoPrice": null,
    "pricePerUnit": "11.97 l",
    "image": "https://www.jumbo.com/dam-images/fit-in/360x360/Products/09092025_1757383506788_1757383508226_484490_FLS_08004305002822_A1N1.png",
    "available": true,
    "promoUntil": null
  },
  {
    "id": "618987BLS",
    "title": "Oral-B Glamorous White Tandpasta 150ml",
    "category": "Drogisterij en baby",
    "price": 9.99,
    "promoPrice": null,
    "pricePerUnit": "66.6 l",
    "image": "https://www.jumbo.com/dam-images/fit-in/360x360/Products/18062025_1750246464981_1750246469758_8006540882092_1.png",
    "available": true,
    "promoUntil": null
  },
  {
    "id": "206427FLS",
    "title": "Bundaberg Blood Orange 375 ml",
    "category": "Frisdrank en sappen",
    "price": 2.49,
    "promoPrice": null,
    "pricePerUnit": "6.64 l",
    "image": "https://www.jumbo.com/dam-images/fit-in/360x360/Products/18092023_1695030346508_1695030352582_9311493002640_1.png",
    "available": true,
    "promoUntil": null
  },
  {
    "id": "405695ZK",
    "title": "Jumbo Aardappelpartjes BBQ Stijl met Schil 450 g",
    "category": "Aardappelen, groente en fruit",
    "price": 1.49,
    "promoPrice": null,
    "pricePerUnit": "3.31 kg",
    "image": "https://www.jumbo.com/dam-images/fit-in/360x360/Products/18062024_1718724830002_1718724837834_8718452819218_1.png",
    "available": true,
    "promoUntil": null
  },
  {
    "id": "184048SC",
    "title": "Jumbo Pittig Cayenne Pepers 50 g",
    "category": "Wereldkeukens, kruiden, pasta en rijst",
    "price": 1.59,
    "promoPrice": null,
    "pricePerUnit": "31.8 kg",
    "image": "https://www.jumbo.com/dam-images/fit-in/360x360/Products/29092023_1695994871950_1695994875536_8718452237661_1.png",
    "available": true,
    "promoUntil": null
  },
  {
    "id": "235279ZK",
    "title": "Strooigoedmix Kruidnoten Gemixt met Snoepgoed 3 kg",
    "category": "",
    "price": 11.49,
    "promoPrice": null,
    "pricePerUnit": "3.83 kg",
    "image": "https://www.jumbo.com/dam-images/fit-in/360x360/Products/09082024_1723166405335_1723166410147_235279_ZK_08711513616030_C1N1.png",
    "available": true,
    "promoUntil": null
  },
  {
    "id": "681934RP",
    "title": "Verkade Melk Voordeelreep 180 g",
    "category": "Koek, snoep, chocolade en chips",
    "price": 4.06,
    "promoPrice": null,
    "pricePerUnit": "22.56 kg",
    "image": "https://www.jumbo.com/dam-images/fit-in/360x360/Products/14052025_1747189276561_1747189281422_681934_RP_08710412041288_H1N1.png",
    "available": true,
    "promoUntil": null
  },
  {
    "id": "693473DS",
    "title": "Eurosalad Rode Bieten Salade 200 g",
    "category": "Aardappelen, groente en fruit",
    "price": 2.99,
    "promoPrice": null,
    "pricePerUnit": "14.95 kg",
    "image": "https://www.jumbo.com/dam-images/fit-in/360x360/Products/09082023_1691586885240_1691586897188_8718481863145_1.png",
    "available": true,
    "promoUntil": null
  },
  {
    "id": "459992BAK",
    "title": "Jumbo Beenhamsalade 150 g",
    "category": "Vleeswaren, kaas en tapas",
    "price": 2.35,
    "promoPrice": null,
    "pricePerUnit": "15.67 kg",
    "image": "https://www.jumbo.com/dam-images/fit-in/360x360/Products/18062025_1750257313514_1750257321937_8718452610983_1.png",
    "available": true,
    "promoUntil": null
  },
  {
    "id": "567941POT",
    "title": "Rummo Sugo Al Basilico 340 g",
    "category": "Wereldkeukens, kruiden, pasta en rijst",
    "price": 2.89,
    "promoPrice": null,
    "pricePerUnit": "8.5 kg",
    "image": "https://www.jumbo.com/dam-images/fit-in/360x360/Products/14022024_1707873140177_1707873146909_8008343299671_1.png",
    "available": true,
    "promoUntil": null
  },
  {
    "id": "582101FLS",
    "title": "KWV - Chenin Blanc - 750ML",
    "category": "Bier en wijn",
    "price": 7.99,
    "promoPrice": null,
    "pricePerUnit": "10.65 l",
    "image": "https://www.jumbo.com/dam-images/fit-in/360x360/Products/07112023_1699360683506_1699360686389_6002323025207_1.png",
    "available": true,
    "promoUntil": null
  },
  {
    "id": "683139PAK",
    "title": "Sheba Kattenvoer Délices du Jour - Vis Selectie in saus Natvoer - 6 x 50 g",
    "category": "Huishouden en dieren",
    "price": 3.65,
    "promoPrice": null,
    "pricePerUnit": "12.17 kg",
    "image": "https://www.jumbo.com/dam-images/fit-in/360x360/Products/28042025_1745847228725_1745847242291_4770608267384_596.png",
    "available": true,
    "promoUntil": null
  },
  {
    "id": "510793ZK",
    "title": "Rummo Riccioli № 54 500 g",
    "category": "Wereldkeukens, kruiden, pasta en rijst",
    "price": 2.79,
    "promoPrice": null,
    "pricePerUnit": "5.58 kg",
    "image": "https://www.jumbo.com/dam-images/fit-in/360x360/Products/08022024_1707359768548_1707359778217_8008343200547_1.png",
    "available": true,
    "promoUntil": null
  },
  {
    "id": "331921PAK",
    "title": "Jumbo Zandkoekjes met Hazelnoot 200 g",
    "category": "Koek, snoep, chocolade en chips",
    "price": 2.81,
    "promoPrice": null,
    "pricePerUnit": "14.05 kg",
    "image": "https://www.jumbo.com/dam-images/fit-in/360x360/Products/09082023_1691586623555_1691586629061_8718452427864_1.png",
    "available": true,
    "promoUntil": null
  },
  {
    "id": "670382PAK",
    "title": "Van de Boom Appel 6 x 0,2 L",
    "category": "Frisdrank en sappen",
    "price": 2.99,
    "promoPrice": null,
    "pricePerUnit": "2.49 l",
    "image": "https://www.jumbo.com/dam-images/fit-in/360x360/Products/26022025_1740565970878_1740565994638_8720157465256_596.png",
    "available": true,
    "promoUntil": null
  },
  {
    "id": "26113ZK",
    "title": "Toko Lien Rempejek Pindakoeken 200 g",
    "category": "Wereldkeukens, kruiden, pasta en rijst",
    "price": 2.99,
    "promoPrice": null,
    "pricePerUnit": "14.95 kg",
    "image": "https://www.jumbo.com/dam-images/fit-in/360x360/Products/09082023_1691587937166_1691587966911_8712544110245_1.png",
    "available": true,
    "promoUntil": null
  },
  {
    "id": "666855FLS",
    "title": "Royal Club Pink Grapefruit 0% 1L",
    "category": "Frisdrank en sappen",
    "price": 2.49,
    "promoPrice": null,
    "pricePerUnit": "2.49 l",
    "image": "https://www.jumbo.com/dam-images/fit-in/360x360/Products/22082025_1755826146462_1755826153046_666855_FLS_08715600249569_H1N1.png",
    "available": true,
    "promoUntil": null
  },
  {
    "id": "580733ZK",
    "title": "Amoy Udon Thick Noodles 300 g",
    "category": "Wereldkeukens, kruiden, pasta en rijst",
    "price": 2.96,
    "promoPrice": null,
    "pricePerUnit": "9.87 kg",
    "image": "https://www.jumbo.com/dam-images/fit-in/360x360/Products/20022025_1740020389058_1740020393812_580733_ZK_05000111043106_C1N1.png",
    "available": true,
    "promoUntil": null
  },
  {
    "id": "705063DS",
    "title": "Parodontax Fluoride Tandpasta 75 ML",
    "category": "Drogisterij en baby",
    "price": 5.79,
    "promoPrice": null,
    "pricePerUnit": "77.2 l",
    "image": "https://www.jumbo.com/dam-images/fit-in/360x360/Products/16062025_1750072245864_1750072247865_705063_DS_05054563265685_C1N1.png",
    "available": true,
    "promoUntil": null
  },
  {
    "id": "523333FLS",
    "title": "innocent super smoothie green antioxidant 750ml",
    "category": "Frisdrank en sappen",
    "price": 3.99,
    "promoPrice": null,
    "pricePerUnit": "5.32 l",
    "image": "https://www.jumbo.com/dam-images/fit-in/360x360/Products/11042025_1744360406083_1744360409239_5038862239745_1.png",
    "available": true,
    "promoUntil": null
  },
  {
    "id": "214904KGR",
    "title": "Jumbo Filet de Saxe ca. 100 g",
    "category": "Vleeswaren, kaas en tapas",
    "price": 2.99,
    "promoPrice": null,
    "pricePerUnit": "29.9 kg",
    "image": "https://www.jumbo.com/dam-images/fit-in/360x360/Products/09082023_1691587039080_1691587049507_2333776000000_1.png",
    "available": true,
    "promoUntil": null
  },
  {
    "id": "539056PAK",
    "title": "Warsteiner Premium Beer Blikken 6 x 330 ml",
    "category": "Bier en wijn",
    "price": 6.49,
    "promoPrice": null,
    "pricePerUnit": "3.28 l",
    "image": "https://www.jumbo.com/dam-images/fit-in/360x360/Products/08102024_1728401588103_1728401593171_4000856396438_1.png",
    "available": true,
    "promoUntil": null
  },
  {
    "id": "575126ZK",
    "title": "Conimex Pasta Thaise Rode Curry 90 g",
    "category": "Wereldkeukens, kruiden, pasta en rijst",
    "price": 2.76,
    "promoPrice": null,
    "pricePerUnit": "30.67 kg",
    "image": "https://www.jumbo.com/dam-images/fit-in/360x360/Products/07082025_1754528644103_1754528697362_575126_ZK_08720182602343_H1N1.png",
    "available": true,
    "promoUntil": null
  },
  {
    "id": "640745FLS",
    "title": "HG Toiletgel Extreem Sterk 500ML",
    "category": "Huishouden en dieren",
    "price": 7.39,
    "promoPrice": null,
    "pricePerUnit": "14.78 l",
    "image": "https://www.jumbo.com/dam-images/fit-in/360x360/Products/17072024_1721198750630_1721198755240_640745_FLS_08711577094683_C1N1.png",
    "available": true,
    "promoUntil": null
  },
  {
    "id": "70000PAK",
    "title": "Van Der Meulen Rice Toast Spring Onion 2 x 15 Stuks 65 g",
    "category": "Koek, snoep, chocolade en chips",
    "price": 1.77,
    "promoPrice": null,
    "pricePerUnit": "27.23 kg",
    "image": "https://www.jumbo.com/dam-images/fit-in/360x360/Products/31012024_1706673420296_1706673424592_70000_PAK_08710649150128_C1N1.png",
    "available": true,
    "promoUntil": null
  },
  {
    "id": "678618STK",
    "title": "HEMA Zeef RVS Dot 1 Stuk",
    "category": "Non-food en servicebalie",
    "price": 6.59,
    "promoPrice": null,
    "pricePerUnit": "6.59 pieces",
    "image": "https://www.jumbo.com/dam-images/fit-in/360x360/Products/07022025_1738939953884_1738939959460_678618_STK_08720354519677_C1N1.png",
    "available": true,
    "promoUntil": null
  },
  {
    "id": "672336PAK",
    "title": "Sultana FruitBiscuits Appel 5 Stuks 218 g",
    "category": "Koek, snoep, chocolade en chips",
    "price": 2.25,
    "promoPrice": null,
    "pricePerUnit": "10.32 kg",
    "image": "https://www.jumbo.com/dam-images/fit-in/360x360/Products/27022025_1740627335263_1740627341219_672336_PAK_08710412045644_H1N1.png",
    "available": true,
    "promoUntil": null
  },
  {
    "id": "637460ZK",
    "title": "Lamb Weston Ziggy Fries Seasoned 750g",
    "category": "Diepvries",
    "price": 2.96,
    "promoPrice": null,
    "pricePerUnit": "3.95 kg",
    "image": "https://www.jumbo.com/dam-images/fit-in/360x360/Products/30072024_1722303535556_1722303541941_637460_ZK_08711571093415_C1N1_R.png",
    "available": true,
    "promoUntil": null
  },
  {
    "id": "613998ZK",
    "title": "Jumbo Pinda's Ongezouten Voordeelverpakking 500 g",
    "category": "Koek, snoep, chocolade en chips",
    "price": 1.19,
    "promoPrice": null,
    "pricePerUnit": "2.38 kg",
    "image": "https://www.jumbo.com/dam-images/fit-in/360x360/Products/05062024_1717601668100_1717601681585_8718452830633_596.png",
    "available": false,
    "promoUntil": null
  },
  {
    "id": "454089NET",
    "title": "Jumbo Biologische Sjalotten 250 g",
    "category": "Aardappelen, groente en fruit",
    "price": 1.29,
    "promoPrice": null,
    "pricePerUnit": "5.16 kg",
    "image": "https://www.jumbo.com/dam-images/fit-in/360x360/Products/09082023_1691589326873_1691589333212_8718452592685_1.png",
    "available": true,
    "promoUntil": null
  },
  {
    "id": "639528STK",
    "title": "Lezziz Kip Kerrie Salade 150 g",
    "category": "Vleeswaren, kaas en tapas",
    "price": 2.69,
    "promoPrice": null,
    "pricePerUnit": "17.93 kg",
    "image": "https://www.jumbo.com/dam-images/fit-in/360x360/Products/16062025_1750062805398_1750062811040_5425004949004_1.png",
    "available": true,
    "promoUntil": null
  },
  {
    "id": "381261STK",
    "title": "Jumbo Stofzuigerzakken met Filter 4 Stuks",
    "category": "Huishouden en dieren",
    "price": 4.54,
    "promoPrice": null,
    "pricePerUnit": "1.14 pieces",
    "image": "https://www.jumbo.com/dam-images/fit-in/360x360/Products/09082023_1691587307492_1691587316634_8718452468393_1.png",
    "available": true,
    "promoUntil": null
  },
  {
    "id": "708817DS",
    "title": "Milka Party Mix Chocolaatjes Assortiment 143g",
    "category": "Koek, snoep, chocolade en chips",
    "price": 4.95,
    "promoPrice": null,
    "pricePerUnit": "34.62 kg",
    "image": "https://www.jumbo.com/dam-images/fit-in/360x360/Products/12072025_1752288481643_1752288556718_708817_DS_07622202306396_H1N1_s01.png",
    "available": true,
    "promoUntil": null
  },
  {
    "id": "603741BLS",
    "title": "Jumbo Fijn Tandenstokers 100 Stuks",
    "category": "Drogisterij en baby",
    "price": 1.49,
    "promoPrice": null,
    "pricePerUnit": "0.01 pieces",
    "image": "https://www.jumbo.com/dam-images/fit-in/360x360/Products/17012024_1705505711206_1705505722083_8718452776160_1.png",
    "available": true,
    "promoUntil": null
  },
  {
    "id": "194550STK",
    "title": "Saitaku Shiro Miso Paste 300 g",
    "category": "Wereldkeukens, kruiden, pasta en rijst",
    "price": 7.91,
    "promoPrice": null,
    "pricePerUnit": "26.37 kg",
    "image": "https://www.jumbo.com/dam-images/fit-in/360x360/Products/16032024_1710556657468_1710556665687_194550_STK_05060194791820_C1N1.png",
    "available": true,
    "promoUntil": null
  },
  {
    "id": "677586ZK",
    "title": "Pampers Baby-Dry Pants Luierbroekjes Maat 7, 18 Luierbroekjes",
    "category": "Drogisterij en baby",
    "price": 15.49,
    "promoPrice": null,
    "pricePerUnit": "0.86 pieces",
    "image": "https://www.jumbo.com/dam-images/fit-in/360x360/Products/14082025_1755196423347_1755196428646_8700216670647_1.png",
    "available": true,
    "promoUntil": null
  },
  {
    "id": "386408DS",
    "title": "Nutella B-Ready 6 Stuks 132 g",
    "category": "Koek, snoep, chocolade en chips",
    "price": 3.39,
    "promoPrice": null,
    "pricePerUnit": "25.68 kg",
    "image": "https://www.jumbo.com/dam-images/fit-in/360x360/Products/01032024_1709325187495_1709325196501_8000500227848_1.png",
    "available": true,
    "promoUntil": null
  },
  {
    "id": "99170FLS",
    "title": "Alpaca - Merlot - 750ML",
    "category": "Bier en wijn",
    "price": 4.79,
    "promoPrice": null,
    "pricePerUnit": "6.39 l",
    "image": "https://www.jumbo.com/dam-images/fit-in/360x360/Products/22072024_1721640978099_1721640980502_7804436720272_1.png",
    "available": true,
    "promoUntil": null
  },
  {
    "id": "233189FLS",
    "title": "Casa Florilor - Sauvignon Blanc - Pinot Grigio - 750ML",
    "category": "Bier en wijn",
    "price": 6.99,
    "promoPrice": null,
    "pricePerUnit": "9.32 l",
    "image": "https://www.jumbo.com/dam-images/fit-in/360x360/Products/12012024_1705029793764_1705029795437_233189_FLS_05942084507097_C1N1.png",
    "available": true,
    "promoUntil": null
  },
  {
    "id": "687715ZK",
    "title": "Chio Heart Breakers Cheese Onion 125 g",
    "category": "Koek, snoep, chocolade en chips",
    "price": 1.99,
    "promoPrice": null,
    "pricePerUnit": "15.92 kg",
    "image": "https://www.jumbo.com/dam-images/fit-in/360x360/Products/21052025_1747816448279_1747816456211_8710532474911_1.png",
    "available": true,
    "promoUntil": null
  },
  {
    "id": "237946STK",
    "title": "Verstegen Gember Gemalen 26 g",
    "category": "Wereldkeukens, kruiden, pasta en rijst",
    "price": 2.96,
    "promoPrice": null,
    "pricePerUnit": "113.85 kg",
    "image": "https://www.jumbo.com/dam-images/fit-in/360x360/Products/26082025_1756171376894_1756171380888_237946_STK_08712200074515_C1N1.png",
    "available": true,
    "promoUntil": null
  },
  {
    "id": "664933ZK",
    "title": "Red Band Tum Tum Zacht Zoet 230 g",
    "category": "Koek, snoep, chocolade en chips",
    "price": 2.56,
    "promoPrice": null,
    "pricePerUnit": "11.13 kg",
    "image": "https://www.jumbo.com/dam-images/fit-in/360x360/Products/01022025_1738379817273_1738379828369_664933_ZK_08713800255878_H1N1.png",
    "available": true,
    "promoUntil": null
  },
  {
    "id": "163941ROL",
    "title": "Tante Fanny Vers Spelt Pizzadeeg 400 g",
    "category": "Wereldkeukens, kruiden, pasta en rijst",
    "price": 2.99,
    "promoPrice": null,
    "pricePerUnit": "7.48 kg",
    "image": "https://www.jumbo.com/dam-images/fit-in/360x360/Products/09082023_1691587682631_1691587692539_9120003413582_1.png",
    "available": true,
    "promoUntil": null
  },
  {
    "id": "613391ZK",
    "title": "Duyvis Tijgernootjes Flamin Hot Pinda Noten 275 gr",
    "category": "Koek, snoep, chocolade en chips",
    "price": 3.29,
    "promoPrice": null,
    "pricePerUnit": "11.96 kg",
    "image": "https://www.jumbo.com/dam-images/fit-in/360x360/Products/14082025_1755181995947_1755182002299_8710398529800_1.png",
    "available": true,
    "promoUntil": null
  },
  {
    "id": "648213FLS",
    "title": "Whiskas Cat Milk 200 ml",
    "category": "Huishouden en dieren",
    "price": 1.17,
    "promoPrice": null,
    "pricePerUnit": "5.85 l",
    "image": "https://www.jumbo.com/dam-images/fit-in/360x360/Products/12122024_1734014822725_1734014831680_50045426_596.png",
    "available": true,
    "promoUntil": null
  },
  {
    "id": "343137ZK",
    "title": "Fruitfunk Fruit Bites Strawberry & Apple 10 x 10 g",
    "category": "Koek, snoep, chocolade en chips",
    "price": 3.09,
    "promoPrice": null,
    "pricePerUnit": "30.9 kg",
    "image": "https://www.jumbo.com/dam-images/fit-in/360x360/Products/12122024_1734014461167_1734014471318_8719189354614_1.png",
    "available": true,
    "promoUntil": null
  },
  {
    "id": "482720ZK",
    "title": "Chio Borrel Bites Mix Asian 200 g",
    "category": "Koek, snoep, chocolade en chips",
    "price": 2.39,
    "promoPrice": null,
    "pricePerUnit": "11.95 kg",
    "image": "https://www.jumbo.com/dam-images/fit-in/360x360/Products/26022025_1740569589048_1740569601410_8710532466619_1.png",
    "available": true,
    "promoUntil": null
  },
  {
    "id": "288284DS",
    "title": "Libresse String Inlegkruisjes 30 Stuks",
    "category": "Drogisterij en baby",
    "price": 2.89,
    "promoPrice": null,
    "pricePerUnit": "0.1 pieces",
    "image": "https://www.jumbo.com/dam-images/fit-in/360x360/Products/09082023_1691586882520_1691586885635_7310791193892_1.png",
    "available": true,
    "promoUntil": null
  },
  {
    "id": "616654FLS",
    "title": "Palmolive Naturals Olive & Melk Duchegel 250ML",
    "category": "Drogisterij en baby",
    "price": 3.79,
    "promoPrice": null,
    "pricePerUnit": "15.16 l",
    "image": "https://www.jumbo.com/dam-images/fit-in/360x360/Products/26042024_1714094469230_1714094472466_616654_FLS_08718951636316_C1N1.png",
    "available": true,
    "promoUntil": null
  },
  {
    "id": "170022BLK",
    "title": "Gourmet Gold Luxe Mix Kattenvoer nat met Zeevis",
    "category": "Huishouden en dieren",
    "price": 0.81,
    "promoPrice": null,
    "pricePerUnit": "9.53 kg",
    "image": "https://www.jumbo.com/dam-images/fit-in/360x360/Products/04072025_1751595575927_1751595629525_170022_BLK_07613032946791_C1N1_s01.png",
    "available": true,
    "promoUntil": null
  },
  {
    "id": "667429STK",
    "title": "HEMA Servetten 33X33 Hart 20 Stuks",
    "category": "Non-food en servicebalie",
    "price": 1.99,
    "promoPrice": null,
    "pricePerUnit": "0.1 pieces",
    "image": "https://www.jumbo.com/dam-images/fit-in/360x360/Products/04122024_1733304045144_1733304049759_667429_STK_08720354508787_C1N1.png",
    "available": true,
    "promoUntil": null
  },
  {
    "id": "594183DS",
    "title": "B'tween Nuts & Choc Notenmix met Melk en Pure Chocolade 3 x 32g",
    "category": "Koek, snoep, chocolade en chips",
    "price": 3.45,
    "promoPrice": null,
    "pricePerUnit": "35.94 kg",
    "image": "https://www.jumbo.com/dam-images/fit-in/360x360/Products/27022025_1740631639440_1740631661202_594183_DS_08713500081005_H1N1.png",
    "available": true,
    "promoUntil": null
  },
  {
    "id": "442449STK",
    "title": "Jumbo Honing Smaak Drop Suikervrij 100 g",
    "category": "Koek, snoep, chocolade en chips",
    "price": 1.21,
    "promoPrice": null,
    "pricePerUnit": "12.1 kg",
    "image": "https://www.jumbo.com/dam-images/fit-in/360x360/Products/09082023_1691588747085_1691588760979_8718452549924_1.png",
    "available": true,
    "promoUntil": null
  },
  {
    "id": "550475DS",
    "title": "Queens Pangalicious Pikant Gekruid 2 Stuks 250 g",
    "category": "Diepvries",
    "price": 3.49,
    "promoPrice": null,
    "pricePerUnit": "13.96 kg",
    "image": "https://www.jumbo.com/dam-images/fit-in/360x360/Products/09082023_1691592582572_1691592593113_8710247096415_1.png",
    "available": true,
    "promoUntil": null
  },
  {
    "id": "678378ZK",
    "title": "HEMA Enveloppen Zelfklevende Sluiting C6 40 Stuks",
    "category": "Non-food en servicebalie",
    "price": 2.49,
    "promoPrice": null,
    "pricePerUnit": "0.06 pieces",
    "image": "https://www.jumbo.com/dam-images/fit-in/360x360/Products/09082023_1691586930956_1691586942400_8713475333468_1.png",
    "available": true,
    "promoUntil": null
  },
  {
    "id": "176577STK",
    "title": "Haribo Kindermix 250 g",
    "category": "Koek, snoep, chocolade en chips",
    "price": 2.17,
    "promoPrice": null,
    "pricePerUnit": "8.68 kg",
    "image": "https://www.jumbo.com/dam-images/fit-in/360x360/Products/29042025_1745896337201_1745896352216_176577_STK_04001686719602_H1N1.png",
    "available": true,
    "promoUntil": null
  },
  {
    "id": "647418FLS",
    "title": "Sabor Dulce Licor Cocos 0,7 L",
    "category": "Bier en wijn",
    "price": 5.99,
    "promoPrice": null,
    "pricePerUnit": "8.56 l",
    "image": "https://www.jumbo.com/dam-images/fit-in/360x360/Products/24102024_1729776787352_1729776790766_5414145032157_1.png",
    "available": true,
    "promoUntil": null
  },
  {
    "id": "169521DS",
    "title": "HONIG Mie Nestjes Fijn 500 g",
    "category": "Wereldkeukens, kruiden, pasta en rijst",
    "price": 1.97,
    "promoPrice": null,
    "pricePerUnit": "3.94 kg",
    "image": "https://www.jumbo.com/dam-images/fit-in/360x360/Products/08042025_1744076424336_1744076437309_169521_DS_08714700996960_H1N1.png",
    "available": true,
    "promoUntil": null
  },
  {
    "id": "675870CUP",
    "title": "Hertog IJssalon Mini IJs Tiramisu 200 ml",
    "category": "Diepvries",
    "price": 1.89,
    "promoPrice": null,
    "pricePerUnit": "9.45 l",
    "image": "https://www.jumbo.com/dam-images/fit-in/360x360/Products/03042025_1743646089197_1743646109139_675870_CUP_08711327661608_H1N1.png",
    "available": true,
    "promoUntil": null
  },
  {
    "id": "539100BLK",
    "title": "Uiltje - IPA - Bird of Prey - Blik - 330ML",
    "category": "Bier en wijn",
    "price": 2.99,
    "promoPrice": null,
    "pricePerUnit": "9.06 l",
    "image": "https://www.jumbo.com/dam-images/fit-in/360x360/Products/05082024_1722816020242_1722816024468_8720618804501_1.png",
    "available": true,
    "promoUntil": null
  },
  {
    "id": "640490TRA",
    "title": "Jumbo's Groentendahl Indiase Stijl 450 g",
    "category": "Verse maaltijden en gemak",
    "price": 5.99,
    "promoPrice": null,
    "pricePerUnit": "13.31 kg",
    "image": "https://www.jumbo.com/dam-images/fit-in/360x360/Products/10122024_1733830367420_1733830378732_8718452855872_1.png",
    "available": true,
    "promoUntil": null
  },
  {
    "id": "508082KML",
    "title": "Hertog Jan - Weizener Witbier - Fles 4 x 6 x 300 ml",
    "category": "Bier en wijn",
    "price": 30.36,
    "promoPrice": null,
    "pricePerUnit": "4.22 l",
    "image": "https://www.jumbo.com/dam-images/fit-in/360x360/Products/8725000641139cf398952-2733-4e03-84ab-4a21bb1005e4-1744970487292.png",
    "available": true,
    "promoUntil": null
  },
  {
    "id": "52705PAK",
    "title": "Libresse Normal Inlegkruisjes 32 Stuks",
    "category": "Drogisterij en baby",
    "price": 2.89,
    "promoPrice": null,
    "pricePerUnit": "0.09 pieces",
    "image": "https://www.jumbo.com/dam-images/fit-in/360x360/Products/01102023_1696126372806_1696126373557_52705_PAK_.png",
    "available": true,
    "promoUntil": null
  },
  {
    "id": "616661FLS",
    "title": "Palmolive Naturals Olive & Melk Douchegel 500ML",
    "category": "Drogisterij en baby",
    "price": 5.49,
    "promoPrice": null,
    "pricePerUnit": "10.98 l",
    "image": "https://www.jumbo.com/dam-images/fit-in/360x360/Products/29022024_1709191713183_1709191715690_616661_FLS_08718951202795_C1N1.png",
    "available": true,
    "promoUntil": null
  },
  {
    "id": "647577FLS",
    "title": "Sabor Dulce Licor Espanol 0,7 L",
    "category": "Bier en wijn",
    "price": 6.69,
    "promoPrice": null,
    "pricePerUnit": "9.56 l",
    "image": "https://www.jumbo.com/dam-images/fit-in/360x360/Products/24102024_1729776787422_1729776791108_5414145032171_1.png",
    "available": true,
    "promoUntil": null
  },
  {
    "id": "71884PAK",
    "title": "Go-Tan Mihoen Rice Noodles 250 g",
    "category": "Wereldkeukens, kruiden, pasta en rijst",
    "price": 2.43,
    "promoPrice": null,
    "pricePerUnit": "9.72 kg",
    "image": "https://www.jumbo.com/dam-images/fit-in/360x360/Products/09092023_1694231574662_1694231577382_71884_PAK_08710605092011_C1N1.png",
    "available": true,
    "promoUntil": null
  },
  {
    "id": "568863POT",
    "title": "Sportlife Extramint Suikervrije kauwgom 102 g",
    "category": "Koek, snoep, chocolade en chips",
    "price": 4.54,
    "promoPrice": null,
    "pricePerUnit": "44.51 kg",
    "image": "https://www.jumbo.com/dam-images/fit-in/360x360/Products/28052025_1748442791694_1748442799306_8711400409349_1.png",
    "available": true,
    "promoUntil": null
  },
  {
    "id": "428895FLS",
    "title": "SPA FINESSE Natuurlijk Licht Bruisend Mineraalwater 1L",
    "category": "Frisdrank en sappen",
    "price": 1.05,
    "promoPrice": null,
    "pricePerUnit": "1.05 l",
    "image": "https://www.jumbo.com/dam-images/fit-in/360x360/Products/13082025_1755051446130_1755051447566_428895_FLS_05410013134107_A1N1.png",
    "available": true,
    "promoUntil": null
  },
  {
    "id": "698774STK",
    "title": "Andrélon Conditioner Perfecte Krul 250 ml",
    "category": "Drogisterij en baby",
    "price": 5.09,
    "promoPrice": null,
    "pricePerUnit": "25.45 l",
    "image": "https://www.jumbo.com/dam-images/fit-in/360x360/Products/02072025_1751473967560_1751473972160_8720181619397_1.png",
    "available": true,
    "promoUntil": null
  },
  {
    "id": "602543DS",
    "title": "Texels Skuumkoppe Bier Blik 4 x 330ml",
    "category": "Bier en wijn",
    "price": 7.65,
    "promoPrice": null,
    "pricePerUnit": "5.8 l",
    "image": "https://www.jumbo.com/dam-images/fit-in/360x360/Products/17042025_1744878790770_1744878798301_8712000061807_1.png",
    "available": true,
    "promoUntil": null
  },
  {
    "id": "344911STK",
    "title": "Zendium Tandpasta Fresh+White 75 ml",
    "category": "Drogisterij en baby",
    "price": 4.99,
    "promoPrice": null,
    "pricePerUnit": "66.53 l",
    "image": "https://www.jumbo.com/dam-images/fit-in/360x360/Products/02042025_1743557403500_1743557425288_344911_STK_08710604793582_H1N1.png",
    "available": true,
    "promoUntil": null
  },
  {
    "id": "649014PAK",
    "title": "Jumbo Sensitive Vochtig Toiletpapier 40 Stuks",
    "category": "Huishouden en dieren",
    "price": 1.25,
    "promoPrice": null,
    "pricePerUnit": "0.03 pieces",
    "image": "https://www.jumbo.com/dam-images/fit-in/360x360/Products/24092024_1727188368968_1727188382526_8718452849185_596.png",
    "available": true,
    "promoUntil": null
  },
  {
    "id": "709902DS",
    "title": "STËLZ - Tropical - 4 x 250ML",
    "category": "Bier en wijn",
    "price": 8.69,
    "promoPrice": null,
    "pricePerUnit": "8.69 l",
    "image": "https://www.jumbo.com/dam-images/fit-in/360x360/Products/08720865027098A1N1045ea87a-61b2-4c35-ad39-a683b77e8aa8-1753262919073.png",
    "available": true,
    "promoUntil": null
  },
  {
    "id": "693704ZK",
    "title": "Marcel's Green Soap Vaatwascapsules Alles-in-Een 25 Stuks",
    "category": "Huishouden en dieren",
    "price": 11.99,
    "promoPrice": null,
    "pricePerUnit": "0.48 pieces",
    "image": "https://www.jumbo.com/dam-images/fit-in/360x360/Products/15042025_1744718084510_1744718090690_693704_ZK_08720254337784_C1N1.png",
    "available": true,
    "promoUntil": null
  },
  {
    "id": "93710PAK",
    "title": "Jumbo Macaroni 500 g",
    "category": "Wereldkeukens, kruiden, pasta en rijst",
    "price": 0.5,
    "promoPrice": null,
    "pricePerUnit": "1.0 kg",
    "image": "https://www.jumbo.com/dam-images/fit-in/360x360/Products/14022024_1707872788265_1707872794787_8718452667307_1.png",
    "available": true,
    "promoUntil": null
  },
  {
    "id": "617984KP",
    "title": "Stacked Flavour Paprika Chips 170 g",
    "category": "Koek, snoep, chocolade en chips",
    "price": 1.54,
    "promoPrice": null,
    "pricePerUnit": "9.06 kg",
    "image": "https://www.jumbo.com/dam-images/fit-in/360x360/Products/07062024_1717759995550_1717760001162_3760020822026_1.png",
    "available": true,
    "promoUntil": null
  },
  {
    "id": "673173ZK",
    "title": "Jumbo's Traybake Wortel & Aardappel Mix 450 g",
    "category": "Diepvries",
    "price": 1.99,
    "promoPrice": null,
    "pricePerUnit": "4.42 kg",
    "image": "https://www.jumbo.com/dam-images/fit-in/360x360/Products/04032025_1741080786705_1741080809375_8718452886104_596.png",
    "available": true,
    "promoUntil": null
  },
  {
    "id": "218408STK",
    "title": "Jumbo Snack Rund Kauwbot 80 g",
    "category": "Huishouden en dieren",
    "price": 2.18,
    "promoPrice": null,
    "pricePerUnit": "27.25 kg",
    "image": "https://www.jumbo.com/dam-images/fit-in/360x360/Products/17032025_1742229208601_1742229226992_8718452583973_1.png",
    "available": true,
    "promoUntil": null
  },
  {
    "id": "308514STK",
    "title": "Van der Meulen Melba Biologische Toast Sesam 100 g",
    "category": "Koek, snoep, chocolade en chips",
    "price": 1.19,
    "promoPrice": null,
    "pricePerUnit": "11.9 kg",
    "image": "https://www.jumbo.com/dam-images/fit-in/360x360/Products/09082023_1691585200055_1691585230642_8710649121043_1.png",
    "available": true,
    "promoUntil": null
  },
  {
    "id": "172237POT",
    "title": "Olvarit 12+ Maanden Pompoen Kip Pasta 250g",
    "category": "Drogisterij en baby",
    "price": 1.73,
    "promoPrice": null,
    "pricePerUnit": "6.92 kg",
    "image": "https://www.jumbo.com/dam-images/fit-in/360x360/Products/10112023_1699608791341_1699608800169_5900852926655_1.png",
    "available": true,
    "promoUntil": null
  },
  {
    "id": "190797STK",
    "title": "A.Vogel Original Herbamare Kruidenzout 250 g",
    "category": "Wereldkeukens, kruiden, pasta en rijst",
    "price": 4.99,
    "promoPrice": null,
    "pricePerUnit": "19.96 kg",
    "image": "https://www.jumbo.com/dam-images/fit-in/360x360/Products/14022024_1707873645338_1707873650769_8711596005042_1.png",
    "available": true,
    "promoUntil": null
  },
  {
    "id": "33616FLS",
    "title": "De Perelaere Perensap 75 cl",
    "category": "Frisdrank en sappen",
    "price": 3.25,
    "promoPrice": null,
    "pricePerUnit": "4.33 l",
    "image": "https://www.jumbo.com/dam-images/fit-in/360x360/Products/17072025_1752715602401_1752715610822_33616_FLS_08714242870025_C1N1.png",
    "available": true,
    "promoUntil": null
  },
  {
    "id": "238600BLK",
    "title": "Whiskas in saus kattennatvoer kip blik 400 g",
    "category": "Huishouden en dieren",
    "price": 2.37,
    "promoPrice": null,
    "pricePerUnit": "5.93 kg",
    "image": "https://www.jumbo.com/dam-images/fit-in/360x360/Products/10082023_1691677954731_1691677965744_3065890045736_596.png",
    "available": true,
    "promoUntil": null
  },
  {
    "id": "518340PAK",
    "title": "Jumbo Crèmekoekjes met Vanillesmaak 175 g",
    "category": "Koek, snoep, chocolade en chips",
    "price": 2.19,
    "promoPrice": null,
    "pricePerUnit": "12.51 kg",
    "image": "https://www.jumbo.com/dam-images/fit-in/360x360/Products/518340_8718452649563_1_T1_518340PAK1691136157055.png",
    "available": true,
    "promoUntil": null
  },
  {
    "id": "147545TRL",
    "title": "Jumbo Hondenbrokken in Saus Kip en Groenten 6 x 830 g",
    "category": "Huishouden en dieren",
    "price": 8.34,
    "promoPrice": null,
    "pricePerUnit": "1.67 kg",
    "image": "https://www.jumbo.com/dam-images/fit-in/360x360/Products/147545TRL-1692279754660.png",
    "available": true,
    "promoUntil": null
  },
  {
    "id": "647591POT",
    "title": "Mutti Pastasaus Basilico 400g",
    "category": "Wereldkeukens, kruiden, pasta en rijst",
    "price": 3.75,
    "promoPrice": null,
    "pricePerUnit": "9.38 kg",
    "image": "https://www.jumbo.com/dam-images/fit-in/360x360/Products/03052025_1746234454823_1746234462761_647591_POT_08005110517006_C1N1.png",
    "available": true,
    "promoUntil": null
  },
  {
    "id": "436176ZK",
    "title": "Lazy Vegan Tikka Masala 450 g",
    "category": "Diepvries",
    "price": 5.73,
    "promoPrice": null,
    "pricePerUnit": "12.73 kg",
    "image": "https://www.jumbo.com/dam-images/fit-in/360x360/Products/30112024_1732933200186_1732933208858_436176_ZK_08719747260418_C1N1.png",
    "available": true,
    "promoUntil": null
  },
  {
    "id": "563972FLS",
    "title": "Saitaku Japanese Style Mayo Wasabi 160 g",
    "category": "Wereldkeukens, kruiden, pasta en rijst",
    "price": 4.45,
    "promoPrice": null,
    "pricePerUnit": "27.81 kg",
    "image": "https://www.jumbo.com/dam-images/fit-in/360x360/Products/16032024_1710554886720_1710554890028_563972_FLS_05060194792209_C1N1.png",
    "available": true,
    "promoUntil": null
  },
  {
    "id": "200831FLS",
    "title": "Jumbo Fruity Berries Wasmiddel Color - 28 wasbeurten",
    "category": "Huishouden en dieren",
    "price": 5.99,
    "promoPrice": null,
    "pricePerUnit": "0.21 wb",
    "image": "https://www.jumbo.com/dam-images/fit-in/360x360/Products/03012024_1704290946220_1704290953005_8718452296903_1.png",
    "available": true,
    "promoUntil": null
  },
  {
    "id": "143066STK",
    "title": "Verstegen Kerrie 45 g",
    "category": "Wereldkeukens, kruiden, pasta en rijst",
    "price": 3.29,
    "promoPrice": null,
    "pricePerUnit": "73.11 kg",
    "image": "https://www.jumbo.com/dam-images/fit-in/360x360/Products/27092023_1695776548782_1695776551878_143066_STK_08712200596406_C1N1.png",
    "available": true,
    "promoUntil": null
  },
  {
    "id": "390439CUP",
    "title": "Burrata 200 g",
    "category": "Vleeswaren, kaas en tapas",
    "price": 3.99,
    "promoPrice": null,
    "pricePerUnit": "19.95 kg",
    "image": "https://www.jumbo.com/dam-images/fit-in/360x360/Products/09082023_1691587628009_1691587645352_8711842251094_1.png",
    "available": true,
    "promoUntil": null
  },
  {
    "id": "637656FLS",
    "title": "Jumbo Eco Glasreiniger 750ML",
    "category": "Huishouden en dieren",
    "price": 1.49,
    "promoPrice": null,
    "pricePerUnit": "1.99 l",
    "image": "https://www.jumbo.com/dam-images/fit-in/360x360/Products/28112024_1732782796974_1732782801801_8718452829019_1.png",
    "available": true,
    "promoUntil": null
  },
  {
    "id": "232700ZK",
    "title": "Lassie Voorgestoomde Toverrijst Panklaar 250 g",
    "category": "Wereldkeukens, kruiden, pasta en rijst",
    "price": 1.97,
    "promoPrice": null,
    "pricePerUnit": "7.3 kg",
    "image": "https://www.jumbo.com/dam-images/fit-in/360x360/Products/09052024_1715217753637_1715217764725_232700_ZK_08718781601263_H1N1.png",
    "available": true,
    "promoUntil": null
  },
  {
    "id": "295052STK",
    "title": "Santa Maria Tortilla Wraps Corn&Wheat Medium 8 Stuks 336 g",
    "category": "Wereldkeukens, kruiden, pasta en rijst",
    "price": 3.0,
    "promoPrice": null,
    "pricePerUnit": "8.93 kg",
    "image": "https://www.jumbo.com/dam-images/fit-in/360x360/Products/13092025_1757729226637_1757729245955_295052_STK_07311311020643_C1N1.png",
    "available": true,
    "promoUntil": null
  },
  {
    "id": "699700ZK",
    "title": "Toko Lien Boemboe Nasi Goreng 100g",
    "category": "Wereldkeukens, kruiden, pasta en rijst",
    "price": 1.69,
    "promoPrice": null,
    "pricePerUnit": "16.9 kg",
    "image": "https://www.jumbo.com/dam-images/fit-in/360x360/Products/19052025_1747641087033_1747641092584_699700_ZK_08712544500015_A1N1.png",
    "available": true,
    "promoUntil": null
  },
  {
    "id": "688549FLS",
    "title": "LENOR Vloeibaar Wasmiddel 20 Wasbeurten, Amethist",
    "category": "Huishouden en dieren",
    "price": 13.99,
    "promoPrice": null,
    "pricePerUnit": "0.7 wb",
    "image": "https://www.jumbo.com/dam-images/fit-in/360x360/Products/14082025_1755200016948_1755200021581_8700216748643_1.png",
    "available": true,
    "promoUntil": null
  },
  {
    "id": "650068CUP",
    "title": "Jumbo Kaasblokjes Knoflook Dille 50+ 100 g",
    "category": "Vleeswaren, kaas en tapas",
    "price": 2.49,
    "promoPrice": null,
    "pricePerUnit": "24.9 kg",
    "image": "https://www.jumbo.com/dam-images/fit-in/360x360/Products/18022025_1739896393779_1739896401185_8718452874446_1.png",
    "available": true,
    "promoUntil": null
  },
  {
    "id": "569935DS",
    "title": "Jumbo Magnetron Popcorn Zoet 3 x 90 g",
    "category": "Koek, snoep, chocolade en chips",
    "price": 1.99,
    "promoPrice": null,
    "pricePerUnit": "7.37 kg",
    "image": "https://www.jumbo.com/dam-images/fit-in/360x360/Products/14022024_1707872790274_1707872795402_8718452731848_1.png",
    "available": true,
    "promoUntil": null
  },
  {
    "id": "602445ZK",
    "title": "M&M'S Crispy chocolade snoepjes 187g",
    "category": "Koek, snoep, chocolade en chips",
    "price": 3.09,
    "promoPrice": null,
    "pricePerUnit": "16.52 kg",
    "image": "https://www.jumbo.com/dam-images/fit-in/360x360/Products/15082025_1755226409033_1755226413285_602445_ZK_05000159561686_H1N1.png",
    "available": true,
    "promoUntil": null
  },
  {
    "id": "143058STK",
    "title": "Verstegen Paprika 45 g",
    "category": "Wereldkeukens, kruiden, pasta en rijst",
    "price": 3.83,
    "promoPrice": null,
    "pricePerUnit": "85.11 kg",
    "image": "https://www.jumbo.com/dam-images/fit-in/360x360/Products/12122024_1734014379629_1734014385626_8712200596802_1.png",
    "available": true,
    "promoUntil": null
  },
  {
    "id": "667119PAK",
    "title": "Van de Boom Siroop Aardbei Framboos 750 ml",
    "category": "Frisdrank en sappen",
    "price": 2.99,
    "promoPrice": null,
    "pricePerUnit": "3.99 l",
    "image": "https://www.jumbo.com/dam-images/fit-in/360x360/Products/04092025_1756996411967_1756996423759_8720157402763_596.png",
    "available": true,
    "promoUntil": null
  },
  {
    "id": "514803FLS",
    "title": "Bayridge - Merlot - Biologisch - 750ML",
    "category": "Bier en wijn",
    "price": 12.5,
    "promoPrice": null,
    "pricePerUnit": "16.67 l",
    "image": "https://www.jumbo.com/dam-images/fit-in/360x360/Products/25032024_1711381336298_1711381342015_6009835630608_1.png",
    "available": true,
    "promoUntil": null
  },
  {
    "id": "631888FLS",
    "title": "Dubro Keuken Ontvetter 650 ml ",
    "category": "Huishouden en dieren",
    "price": 3.99,
    "promoPrice": null,
    "pricePerUnit": "6.14 l",
    "image": "https://www.jumbo.com/dam-images/fit-in/360x360/Products/20052025_1747704666422_1747704673585_631888_FLS_08003650026309_C1N1.png",
    "available": true,
    "promoUntil": null
  },
  {
    "id": "670752STK",
    "title": "HEMA Tomatenmesjes Roze/Oranje 2 Stuks",
    "category": "Non-food en servicebalie",
    "price": 2.49,
    "promoPrice": null,
    "pricePerUnit": "1.25 pieces",
    "image": "https://www.jumbo.com/dam-images/fit-in/360x360/Products/11042025_1744335139782_1744335142188_670752_STK_08718537512669_C1N1.png",
    "available": true,
    "promoUntil": null
  },
  {
    "id": "678975DSL",
    "title": "AXE 3-in-1 Douchegel Dark Temptation 400 ML x 6 stuks",
    "category": "Drogisterij en baby",
    "price": 46.74,
    "promoPrice": 32.71,
    "pricePerUnit": "13.63 l",
    "image": "https://www.jumbo.com/dam-images/fit-in/360x360/Products/87104472880231f1b890d5-6c3b-4a14-a81e-b3ad4d7d0f89-1744795834260.png",
    "available": true,
    "promoUntil": "di 7 okt"
  },
  {
    "id": "667178DS",
    "title": "Schweppes Pink Grapefruit 6 x 33cl",
    "category": "Frisdrank en sappen",
    "price": 6.89,
    "promoPrice": null,
    "pricePerUnit": "3.48 l",
    "image": "https://www.jumbo.com/dam-images/fit-in/360x360/Products/11032025_1741699989131_1741699993225_5410221205910_1.png",
    "available": true,
    "promoUntil": null
  },
  {
    "id": "30673PAK",
    "title": "Jules Destrooper Natuurboterwafels Original 100 g",
    "category": "Koek, snoep, chocolade en chips",
    "price": 2.56,
    "promoPrice": null,
    "pricePerUnit": "25.6 kg",
    "image": "https://www.jumbo.com/dam-images/fit-in/360x360/Products/29042025_1745891286250_1745891287634_30673_PAK_05410471110774_C1N1.png",
    "available": true,
    "promoUntil": null
  },
  {
    "id": "667869BLK",
    "title": "Batu Kombucha Passionfruit & Mango 250ML",
    "category": "Frisdrank en sappen",
    "price": 1.65,
    "promoPrice": null,
    "pricePerUnit": "6.6 l",
    "image": "https://www.jumbo.com/dam-images/fit-in/360x360/Products/25042025_1745548908561_1745548920391_667869_BLK_08725500170276_H1N1.png",
    "available": true,
    "promoUntil": null
  },
  {
    "id": "439301FLS",
    "title": "Evian Natuurlijk Mineraalwater 750ml",
    "category": "Frisdrank en sappen",
    "price": 1.19,
    "promoPrice": null,
    "pricePerUnit": "1.59 l",
    "image": "https://www.jumbo.com/dam-images/fit-in/360x360/Products/30042024_1714442356844_1714442359841_439301_FLS_03068320127132_C1N1.png",
    "available": true,
    "promoUntil": null
  },
  {
    "id": "690369PAK",
    "title": "Verkade Reep Puur 90 g",
    "category": "Koek, snoep, chocolade en chips",
    "price": 2.17,
    "promoPrice": null,
    "pricePerUnit": "24.11 kg",
    "image": "https://www.jumbo.com/dam-images/fit-in/360x360/Products/07052025_1746579765496_1746579771077_690369_PAK_08710412044388_H1N1.png",
    "available": true,
    "promoUntil": null
  },
  {
    "id": "705062FLS",
    "title": "Sanex Derma Care+ Deodorant Extra Control 53 ML",
    "category": "Drogisterij en baby",
    "price": 4.39,
    "promoPrice": null,
    "pricePerUnit": "82.83 l",
    "image": "https://www.jumbo.com/dam-images/fit-in/360x360/Products/16062025_1750072232622_1750072235444_705062_FLS_08718951730700_C1N1.png",
    "available": true,
    "promoUntil": null
  },
  {
    "id": "697919TRA",
    "title": "Old Amsterdam Original Plakken Kaas 100 g",
    "category": "Vleeswaren, kaas en tapas",
    "price": 2.99,
    "promoPrice": null,
    "pricePerUnit": "29.9 kg",
    "image": "https://www.jumbo.com/dam-images/fit-in/360x360/Products/27082025_1756258220144_1756258240506_697919_TRA_08710243910760_H1N1_nl.png",
    "available": true,
    "promoUntil": null
  },
  {
    "id": "677793BUS",
    "title": "Dove Advanced Care Go Fresh Anti-Transpirant Deodorant Spray Cucumber & Green Tea 150 ML",
    "category": "Drogisterij en baby",
    "price": 5.15,
    "promoPrice": null,
    "pricePerUnit": "34.33 l",
    "image": "https://www.jumbo.com/dam-images/fit-in/360x360/Products/15042025_1744685064755_1744685075530_677793_BUS_08720181339929_H1N1.png",
    "available": true,
    "promoUntil": null
  },
  {
    "id": "409870DS",
    "title": "ELMEX SENSITIVE PROFESSIONAL TANDPASTA REGULAR 75ML",
    "category": "Drogisterij en baby",
    "price": 6.89,
    "promoPrice": null,
    "pricePerUnit": "91.87 l",
    "image": "https://www.jumbo.com/dam-images/fit-in/360x360/Products/30032024_1711768513867_1711768516353_409870_DS_08718951363359_C1N1.png",
    "available": true,
    "promoUntil": null
  },
  {
    "id": "192005STK",
    "title": "Duyvis Oven Baked Pinda's Original 225 g",
    "category": "Koek, snoep, chocolade en chips",
    "price": 2.39,
    "promoPrice": null,
    "pricePerUnit": "10.62 kg",
    "image": "https://www.jumbo.com/dam-images/fit-in/360x360/Products/27032025_1743082410475_1743082415355_8710398156235_1.png",
    "available": true,
    "promoUntil": null
  },
  {
    "id": "482807STK",
    "title": "Sheba Soup Kip Kattenvoer 4 x 40 g",
    "category": "Huishouden en dieren",
    "price": 3.85,
    "promoPrice": null,
    "pricePerUnit": "96.25 kg",
    "image": "https://www.jumbo.com/dam-images/fit-in/360x360/Products/25082023_1692931684532_1692931689907_482807_STK_08853301003506_H1N1.png",
    "available": true,
    "promoUntil": null
  },
  {
    "id": "677560DS",
    "title": "Pampers Premium Protection Maat 1, 26 Luiers",
    "category": "Drogisterij en baby",
    "price": 9.99,
    "promoPrice": null,
    "pricePerUnit": "0.38 pieces",
    "image": "https://www.jumbo.com/dam-images/fit-in/360x360/Products/14082025_1755196422702_1755196429917_8700216665247_1.png",
    "available": true,
    "promoUntil": null
  },
  {
    "id": "430786STK",
    "title": "Wapenaer Kaasbolletjes Oude Kaas 125 g",
    "category": "Vleeswaren, kaas en tapas",
    "price": 3.22,
    "promoPrice": null,
    "pricePerUnit": "25.76 kg",
    "image": "https://www.jumbo.com/dam-images/fit-in/360x360/Products/09012024_1704784025685_1704784033251_8718452739295_1.png",
    "available": true,
    "promoUntil": null
  },
  {
    "id": "73803DSL",
    "title": "Gallo - Moscato - 6 x 750ML",
    "category": "Bier en wijn",
    "price": 41.94,
    "promoPrice": null,
    "pricePerUnit": "9.32 l",
    "image": "https://www.jumbo.com/dam-images/fit-in/360x360/Products/73803DSL-1692280587924.png",
    "available": true,
    "promoUntil": null
  },
  {
    "id": "652189DS",
    "title": "Barilla Collezione Cannelloni n. 88 250 g",
    "category": "Wereldkeukens, kruiden, pasta en rijst",
    "price": 3.49,
    "promoPrice": null,
    "pricePerUnit": "13.96 kg",
    "image": "https://www.jumbo.com/dam-images/fit-in/360x360/Products/17092024_1726580831691_1726580836404_652189_DS_08076808070882_H1N1.png",
    "available": true,
    "promoUntil": null
  },
  {
    "id": "211754STK",
    "title": "Jumbo Stoofpotje met Lam, Pasta & Groente 415 g",
    "category": "Huishouden en dieren",
    "price": 0.99,
    "promoPrice": null,
    "pricePerUnit": "2.39 kg",
    "image": "https://www.jumbo.com/dam-images/fit-in/360x360/Products/10052024_1715351655401_1715351662269_8718452583966_1.png",
    "available": true,
    "promoUntil": null
  },
  {
    "id": "458265DS",
    "title": "Duca Street Food Gyoza's 12 Stuks 240 g ",
    "category": "Diepvries",
    "price": 3.79,
    "promoPrice": null,
    "pricePerUnit": "15.79 kg",
    "image": "https://www.jumbo.com/dam-images/fit-in/360x360/Products/01072025_1751334063801_1751334079191_458265_DS_08717774020814_C1N1.png",
    "available": true,
    "promoUntil": null
  },
  {
    "id": "575990ZK",
    "title": "Jumbo Borrelzoutjes Mexicaantjes Kaassmaak 150 g",
    "category": "Koek, snoep, chocolade en chips",
    "price": 2.89,
    "promoPrice": null,
    "pricePerUnit": "19.27 kg",
    "image": "https://www.jumbo.com/dam-images/fit-in/360x360/Products/14022024_1707873433698_1707873439522_8718452707652_1.png",
    "available": true,
    "promoUntil": null
  },
  {
    "id": "640911ZK",
    "title": "SOUQ Libanees Volkoren Brood 330g",
    "category": "Wereldkeukens, kruiden, pasta en rijst",
    "price": 2.92,
    "promoPrice": null,
    "pricePerUnit": "8.85 kg",
    "image": "https://www.jumbo.com/dam-images/fit-in/360x360/Products/13082024_1723516041087_1723516050650_640911_ZK_08720604474435_C1N1.png",
    "available": true,
    "promoUntil": null
  },
  {
    "id": "444634FLS",
    "title": "Peak Valley - Chardonnay - 750ML",
    "category": "Bier en wijn",
    "price": 3.59,
    "promoPrice": null,
    "pricePerUnit": "4.79 l",
    "image": "https://www.jumbo.com/dam-images/fit-in/360x360/Products/21022025_1740151973819_1740151978395_4041584005186_1.png",
    "available": true,
    "promoUntil": null
  },
  {
    "id": "516554ZK",
    "title": "Senseo Decaf Coffee Pads 36 Stuks 250 g",
    "category": "Koffie en thee",
    "price": 6.29,
    "promoPrice": null,
    "pricePerUnit": "0.17 pieces",
    "image": "https://www.jumbo.com/dam-images/fit-in/360x360/Products/02042025_1743554013835_1743554019863_8711000341391_1.png",
    "available": false,
    "promoUntil": null
  },
  {
    "id": "191921DS",
    "title": "L'OR Espresso Ristretto 10 Capsules 52 g",
    "category": "Koffie en thee",
    "price": 4.19,
    "promoPrice": null,
    "pricePerUnit": "0.42 pieces",
    "image": "https://www.jumbo.com/dam-images/fit-in/360x360/Products/22082025_1755825418211_1755825424742_191921_DS_08711000891643_C1N1.png",
    "available": false,
    "promoUntil": null
  },
  {
    "id": "865222POT",
    "title": "Douwe Egberts Aroma Rood Oploskoffie 200 g",
    "category": "Koffie en thee",
    "price": 7.49,
    "promoPrice": null,
    "pricePerUnit": "37.45 kg",
    "image": "https://www.jumbo.com/dam-images/fit-in/360x360/Products/20122024_1734669627113_1734669636491_865222_POT_08711000005040_C1N1.png",
    "available": false,
    "promoUntil": null
  },
  {
    "id": "191899DS",
    "title": "L'OR Espresso Ristretto Ground Coffee 20 Stuks 104 g",
    "category": "Koffie en thee",
    "price": 7.79,
    "promoPrice": null,
    "pricePerUnit": "0.39 pieces",
    "image": "https://www.jumbo.com/dam-images/fit-in/360x360/Products/13092025_1757731357280_1757731365055_191899_DS_08711000360835_C1N1.png",
    "available": false,
    "promoUntil": null
  },
  {
    "id": "608659STK",
    "title": "De Vegetarische Slager Petit Paté 5 Stuks 120 g",
    "category": "Vleeswaren, kaas en tapas",
    "price": 2.69,
    "promoPrice": null,
    "pricePerUnit": "22.42 kg",
    "image": "https://www.jumbo.com/dam-images/fit-in/360x360/Products/12122024_1734021185560_1734021191080_8710765967426_1.png",
    "available": false,
    "promoUntil": null
  },
  {
    "id": "608664STK",
    "title": "De Vegetarische Slager Spaanse Worst 100 g",
    "category": "Vleeswaren, kaas en tapas",
    "price": 2.76,
    "promoPrice": null,
    "pricePerUnit": "27.6 kg",
    "image": "https://www.jumbo.com/dam-images/fit-in/360x360/Products/12122024_1734021185596_1734021191463_8710765967365_1.png",
    "available": false,
    "promoUntil": null
  },
  {
    "id": "608662STK",
    "title": "De Vegetarische Slager Boterhamworst 80 g",
    "category": "Vleeswaren, kaas en tapas",
    "price": 1.89,
    "promoPrice": null,
    "pricePerUnit": "23.63 kg",
    "image": "https://www.jumbo.com/dam-images/fit-in/360x360/Products/12122024_1734014764938_1734014773127_8710765967396_1.png",
    "available": false,
    "promoUntil": null
  },
  {
    "id": "608666STK",
    "title": "De Vegetarische Slager Hamplackjes 100 g",
    "category": "Vleeswaren, kaas en tapas",
    "price": 2.75,
    "promoPrice": null,
    "pricePerUnit": "27.5 kg",
    "image": "https://www.jumbo.com/dam-images/fit-in/360x360/Products/12122024_1734021185819_1734021201277_8710765966900_1.png",
    "available": false,
    "promoUntil": null
  },
  {
    "id": "370861ZK",
    "title": "Stegeman Chorizo Licht Pittig 225 g",
    "category": "Vleeswaren, kaas en tapas",
    "price": 4.05,
    "promoPrice": null,
    "pricePerUnit": "18.0 kg",
    "image": "https://www.jumbo.com/dam-images/fit-in/360x360/Products/09082023_1691592079331_1691592093022_8710765962063_1.png",
    "available": false,
    "promoUntil": null
  },
  {
    "id": "608698STK",
    "title": "Stegeman Vegetarisch Broodbeleg met Mediterraanse Kruiden 100 g",
    "category": "Vleeswaren, kaas en tapas",
    "price": 2.34,
    "promoPrice": null,
    "pricePerUnit": "23.4 kg",
    "image": "https://www.jumbo.com/dam-images/fit-in/360x360/Products/12122024_1734021186037_1734021192896_8710765961110_1.png",
    "available": false,
    "promoUntil": null
  },
  {
    "id": "383449CUP",
    "title": "Jumbo Goed Begin 500 g",
    "category": "Zuivel, eieren, boter",
    "price": 1.39,
    "promoPrice": null,
    "pricePerUnit": "2.78 kg",
    "image": "https://www.jumbo.com/dam-images/fit-in/360x360/Products/11032025_1741710792378_1741710799104_8718452468034_1.png",
    "available": true,
    "promoUntil": null
  },
  {
    "id": "213515STK",
    "title": "Unox Rookworst Vegetarisch 250 g",
    "category": "Vlees, vis en vega",
    "price": 4.28,
    "promoPrice": null,
    "pricePerUnit": "17.12 kg",
    "image": "https://www.jumbo.com/dam-images/fit-in/360x360/Products/22022025_1740191653920_1740191683374_213515_STK_08720182498151_C1N1.png",
    "available": true,
    "promoUntil": null
  },
  {
    "id": "162471ZK",
    "title": "Slagershuis Magere Rookworst 225 g",
    "category": "Conserven, soepen, sauzen, oliën",
    "price": 1.3,
    "promoPrice": null,
    "pricePerUnit": "5.78 kg",
    "image": "https://www.jumbo.com/dam-images/fit-in/360x360/Products/06012025_1736145185020_1736145191724_8710939008832_1.png",
    "available": true,
    "promoUntil": null
  },
  {
    "id": "667840CUP",
    "title": "Jumbo Halvarine 500 g",
    "category": "Zuivel, eieren, boter",
    "price": 0.83,
    "promoPrice": null,
    "pricePerUnit": "1.66 kg",
    "image": "https://www.jumbo.com/dam-images/fit-in/360x360/Products/08012025_1736350244647_1736350256365_8718452879588_596.png",
    "available": true,
    "promoUntil": null
  },
  {
    "id": "628608PAK",
    "title": "Jumbo Ongezouten Roomboter 250 g",
    "category": "Zuivel, eieren, boter",
    "price": 3.35,
    "promoPrice": null,
    "pricePerUnit": "13.4 kg",
    "image": "https://www.jumbo.com/dam-images/fit-in/360x360/Products/14052025_1747247568968_1747247573236_8718452849352_1.png",
    "available": true,
    "promoUntil": null
  },
  {
    "id": "680854PAK",
    "title": "Roomboter Ongezouten 500 g",
    "category": "Zuivel, eieren, boter",
    "price": 4.85,
    "promoPrice": null,
    "pricePerUnit": "9.7 kg",
    "image": "https://www.jumbo.com/dam-images/fit-in/360x360/Products/07042025_1744040039736_1744040050232_8718452890941_596.png",
    "available": true,
    "promoUntil": null
  },
  {
    "id": "626709PAK",
    "title": "Roomboter Ongezouten 250 g",
    "category": "Zuivel, eieren, boter",
    "price": 2.45,
    "promoPrice": null,
    "pricePerUnit": "9.8 kg",
    "image": "https://www.jumbo.com/dam-images/fit-in/360x360/Products/01052025_1746088367245_1746088380285_8718452890927_596.png",
    "available": true,
    "promoUntil": null
  },
  {
    "id": "206940STK",
    "title": "Blue Band Halvarine 500g",
    "category": "Zuivel, eieren, boter",
    "price": 2.19,
    "promoPrice": null,
    "pricePerUnit": "4.38 kg",
    "image": "https://www.jumbo.com/dam-images/fit-in/360x360/Products/02072025_1751423105688_1751423114552_206940_STK_08719200250413_C1N1.png",
    "available": true,
    "promoUntil": null
  },
  {
    "id": "607262CUP",
    "title": "Becel Light Voordeelpak 600 g",
    "category": "Zuivel, eieren, boter",
    "price": 3.99,
    "promoPrice": null,
    "pricePerUnit": "6.65 kg",
    "image": "https://www.jumbo.com/dam-images/fit-in/360x360/Products/27022025_1740655965091_1740655970512_8719200273832_1.png",
    "available": true,
    "promoUntil": null
  },
  {
    "id": "206315KP",
    "title": "Blue Band Goede Start 500g",
    "category": "Zuivel, eieren, boter",
    "price": 1.99,
    "promoPrice": null,
    "pricePerUnit": "3.98 kg",
    "image": "https://www.jumbo.com/dam-images/fit-in/360x360/Products/02072025_1751419202891_1751419211946_206315_KP_08719200250444_C1N1.png",
    "available": true,
    "promoUntil": null
  },
  {
    "id": "206941STK",
    "title": "Jumbo Biologisch Roomboter Ongezouten 250 g",
    "category": "Zuivel, eieren, boter",
    "price": 3.59,
    "promoPrice": null,
    "pricePerUnit": "14.36 kg",
    "image": "https://www.jumbo.com/dam-images/fit-in/360x360/Products/25062024_1719304489498_1719304501586_8718452576029_596.png",
    "available": true,
    "promoUntil": null
  },
  {
    "id": "607265CUP",
    "title": "Becel Original Voordeelpak 600 g",
    "category": "Zuivel, eieren, boter",
    "price": 3.99,
    "promoPrice": null,
    "pricePerUnit": "6.65 kg",
    "image": "https://www.jumbo.com/dam-images/fit-in/360x360/Products/14032025_1741970048604_1741970053382_8719200273801_1.png",
    "available": true,
    "promoUntil": null
  },
  {
    "id": "383285CUP",
    "title": "The Flower Farm Smeren Zonder Palmolie 375 g",
    "category": "Zuivel, eieren, boter",
    "price": 3.19,
    "promoPrice": null,
    "pricePerUnit": "8.51 kg",
    "image": "https://www.jumbo.com/dam-images/fit-in/360x360/Products/17082025_1755392941300_1755392944502_383285_CUP_08710472000102_C1N1.png",
    "available": true,
    "promoUntil": null
  },
  {
    "id": "667003CUP",
    "title": "Jumbo Smeerbaar met Roomboter 250g",
    "category": "Zuivel, eieren, boter",
    "price": 2.49,
    "promoPrice": null,
    "pricePerUnit": "9.96 kg",
    "image": "https://www.jumbo.com/dam-images/fit-in/360x360/Products/09082023_1691593127846_1691593135526_8718452697045_1.png",
    "available": true,
    "promoUntil": null
  },
  {
    "id": "157468BAK",
    "title": "Jumbo Roomboter Ongezouten 225 g",
    "category": "Zuivel, eieren, boter",
    "price": 2.69,
    "promoPrice": null,
    "pricePerUnit": "11.96 kg",
    "image": "https://www.jumbo.com/dam-images/fit-in/360x360/Products/24032025_1742830391295_1742830397552_8718452090136_1.png",
    "available": true,
    "promoUntil": null
  },
  {
    "id": "731587KP",
    "title": "Campina Grasboter Ongezouten Roomboter 225 g",
    "category": "Zuivel, eieren, boter",
    "price": 4.69,
    "promoPrice": null,
    "pricePerUnit": "20.84 kg",
    "image": "https://www.jumbo.com/dam-images/fit-in/360x360/Products/14062025_1749863423286_1749863425954_731587_KP_00000087153163_A1N1.png",
    "available": true,
    "promoUntil": null
  },
  {
    "id": "522711CUP",
    "title": "Becel Romig 500 g",
    "category": "Zuivel, eieren, boter",
    "price": 4.09,
    "promoPrice": null,
    "pricePerUnit": "8.18 kg",
    "image": "https://www.jumbo.com/dam-images/fit-in/360x360/Products/02042025_1743586390131_1743586394024_8719200262171_1.png",
    "available": true,
    "promoUntil": null
  },
  {
    "id": "201317PAK",
    "title": "Lurpak Ongezouten Roomboter met Koolzaadolie 500 g",
    "category": "Zuivel, eieren, boter",
    "price": 6.99,
    "promoPrice": null,
    "pricePerUnit": "13.98 kg",
    "image": "https://www.jumbo.com/dam-images/fit-in/360x360/Products/11062025_1749638026833_1749638030411_5740900402942_1.png",
    "available": true,
    "promoUntil": null
  },
  {
    "id": "199906KP",
    "title": "Becel ProActiv Original 500 g",
    "category": "Zuivel, eieren, boter",
    "price": 6.49,
    "promoPrice": null,
    "pricePerUnit": "12.98 kg",
    "image": "https://www.jumbo.com/dam-images/fit-in/360x360/Products/14032025_1741970048382_1741970052341_8719200252127_1.png",
    "available": true,
    "promoUntil": null
  },
  {
    "id": "626398PAK",
    "title": "Jumbo Gezouten Roomboter 250 g",
    "category": "Zuivel, eieren, boter",
    "price": 3.39,
    "promoPrice": null,
    "pricePerUnit": "13.56 kg",
    "image": "https://www.jumbo.com/dam-images/fit-in/360x360/Products/14052025_1747247568869_1747247573431_8718452849369_1.png",
    "available": true,
    "promoUntil": null
  },
  {
    "id": "634403CUP",
    "title": "Jumbo Bewust 500 g",
    "category": "Zuivel, eieren, boter",
    "price": 1.79,
    "promoPrice": null,
    "pricePerUnit": "3.58 kg",
    "image": "https://www.jumbo.com/dam-images/fit-in/360x360/Products/12122024_1734014924507_1734014938019_8718452697069_596.png",
    "available": true,
    "promoUntil": null
  },
  {
    "id": "673692PAK",
    "title": "Campina Botergoud Ongezouten Grasboter 250 g",
    "category": "Zuivel, eieren, boter",
    "price": 4.79,
    "promoPrice": null,
    "pricePerUnit": "19.16 kg",
    "image": "https://www.jumbo.com/dam-images/fit-in/360x360/Products/14062025_1749866634875_1749866654228_673692_PAK_08715300100719_H1N1.png",
    "available": true,
    "promoUntil": null
  },
  {
    "id": "602687CUP",
    "title": "Jumbo Smeerbare Roomboter onGezout 250g",
    "category": "Zuivel, eieren, boter",
    "price": 2.99,
    "promoPrice": null,
    "pricePerUnit": "11.96 kg",
    "image": "https://www.jumbo.com/dam-images/fit-in/360x360/Products/19062024_1718814836605_1718814847543_8718452793914_596.png",
    "available": true,
    "promoUntil": null
  },
  {
    "id": "635018CUP",
    "title": "Jumbo Bewust Light 500 g",
    "category": "Zuivel, eieren, boter",
    "price": 1.49,
    "promoPrice": null,
    "pricePerUnit": "2.98 kg",
    "image": "https://www.jumbo.com/dam-images/fit-in/360x360/Products/12122024_1734014924582_1734014935431_8718452697038_596.png",
    "available": true,
    "promoUntil": null
  },
  {
    "id": "607264CUP",
    "title": "Becel Light 250 g",
    "category": "Zuivel, eieren, boter",
    "price": 2.09,
    "promoPrice": null,
    "pricePerUnit": "8.36 kg",
    "image": "https://www.jumbo.com/dam-images/fit-in/360x360/Products/07022025_1738920788945_1738920793666_8719200273719_1.png",
    "available": true,
    "promoUntil": null
  },
  {
    "id": "545400CUP",
    "title": "Lurpak Gezouten Roomboter met Koolzaadolie 500 g",
    "category": "Zuivel, eieren, boter",
    "price": 6.99,
    "promoPrice": null,
    "pricePerUnit": "13.98 kg",
    "image": "https://www.jumbo.com/dam-images/fit-in/360x360/Products/11062025_1749634426332_1749634429825_5740900404595_1.png",
    "available": true,
    "promoUntil": null
  },
  {
    "id": "75788PAK",
    "title": "Lurpak Ongezouten Roomboter met Koolzaadolie 250 g",
    "category": "Zuivel, eieren, boter",
    "price": 3.75,
    "promoPrice": null,
    "pricePerUnit": "15.0 kg",
    "image": "https://www.jumbo.com/dam-images/fit-in/360x360/Products/11062025_1749638026837_1749638030180_5740900401372_1.png",
    "available": true,
    "promoUntil": null
  },
  {
    "id": "269141PAK",
    "title": "Echte Boter Ongezouten Roomboter 250 g",
    "category": "Zuivel, eieren, boter",
    "price": 4.09,
    "promoPrice": null,
    "pricePerUnit": "16.36 kg",
    "image": "https://www.jumbo.com/dam-images/fit-in/360x360/Products/08032024_1709867547305_1709867558005_269141_PAK_08712092800001_C1N1.png",
    "available": true,
    "promoUntil": null
  },
  {
    "id": "484560PAK",
    "title": "Blue Band Heerlijk Romig 250g",
    "category": "Zuivel, eieren, boter",
    "price": 2.39,
    "promoPrice": null,
    "pricePerUnit": "9.56 kg",
    "image": "https://www.jumbo.com/dam-images/fit-in/360x360/Products/26062025_1750904003742_1750904006865_484560_PAK_08719200199477_C1N1.png",
    "available": true,
    "promoUntil": null
  },
  {
    "id": "193487STK",
    "title": "Echte Boter Ongezouten Roomboter 10 x 10g",
    "category": "Zuivel, eieren, boter",
    "price": 2.29,
    "promoPrice": null,
    "pricePerUnit": "22.9 kg",
    "image": "https://www.jumbo.com/dam-images/fit-in/360x360/Products/08032024_1709864699509_1709864711810_193487_STK_08712092810086_C1N1.png",
    "available": true,
    "promoUntil": null
  },
  {
    "id": "674323STK",
    "title": "Roomboter Gezouten 250 g",
    "category": "Zuivel, eieren, boter",
    "price": 2.46,
    "promoPrice": null,
    "pricePerUnit": "9.84 kg",
    "image": "https://www.jumbo.com/dam-images/fit-in/360x360/Products/19032025_1742398391803_1742398408434_8718452890934_596.png",
    "available": true,
    "promoUntil": null
  },
  {
    "id": "576339KP",
    "title": "Bona Margarine 500 g",
    "category": "Zuivel, eieren, boter",
    "price": 3.19,
    "promoPrice": null,
    "pricePerUnit": "6.38 kg",
    "image": "https://www.jumbo.com/dam-images/fit-in/360x360/Products/02042025_1743582812499_1743582818216_8719200262454_1.png",
    "available": true,
    "promoUntil": null
  },
  {
    "id": "697180STK",
    "title": "Danone Skyr Vanille High Protein 0% Vet 450 g",
    "category": "Zuivel, eieren, boter",
    "price": 2.19,
    "promoPrice": null,
    "pricePerUnit": "4.87 kg",
    "image": "https://www.jumbo.com/dam-images/fit-in/360x360/Products/09092025_1757410418802_1757410422228_8713788124456_1.png",
    "available": true,
    "promoUntil": null
  },
  {
    "id": "697183STK",
    "title": "Danone Skyr Drink Aardbei Protein 0% Vet 270 ml",
    "category": "Zuivel, eieren, boter",
    "price": 1.79,
    "promoPrice": null,
    "pricePerUnit": "6.63 l",
    "image": "https://www.jumbo.com/dam-images/fit-in/360x360/Products/02092025_1756812852366_1756812855288_5060360508795_1.png",
    "available": true,
    "promoUntil": null
  },
  {
    "id": "697181STK",
    "title": "Danone Skyr Naturel High Protein 0% Vet 450 g",
    "category": "Zuivel, eieren, boter",
    "price": 1.99,
    "promoPrice": null,
    "pricePerUnit": "4.42 kg",
    "image": "https://www.jumbo.com/dam-images/fit-in/360x360/Products/09092025_1757428506696_1757428509471_8713788124449_1.png",
    "available": true,
    "promoUntil": null
  },
  {
    "id": "577788STK",
    "title": "Jumbo Gelderse Rookworst 275 g",
    "category": "Conserven, soepen, sauzen, oliën",
    "price": 3.25,
    "promoPrice": null,
    "pricePerUnit": "11.82 kg",
    "image": "https://www.jumbo.com/dam-images/fit-in/360x360/Products/14022024_1707873435656_1707873444148_8718452729746_1.png",
    "available": true,
    "promoUntil": null
  },
  {
    "id": "708240PAK",
    "title": "Jumbo Kefir Blauwe Bes Smaak 1 L",
    "category": "Zuivel, eieren, boter",
    "price": 1.99,
    "promoPrice": null,
    "pricePerUnit": "1.99 l",
    "image": "https://www.jumbo.com/dam-images/fit-in/360x360/Products/24072025_1753360360763_1753360369485_8718452925483_596.png",
    "available": true,
    "promoUntil": null
  },
  {
    "id": "709788DS",
    "title": "Jumbo Havermout Proteïne 500 g ",
    "category": "Ontbijt, broodbeleg en bakproducten",
    "price": 2.81,
    "promoPrice": null,
    "pricePerUnit": "5.62 kg",
    "image": "https://www.jumbo.com/dam-images/fit-in/360x360/Products/31072025_1753968812745_1753968826702_8718452927401_596.png",
    "available": true,
    "promoUntil": null
  },
  {
    "id": "708229CUP",
    "title": "Jumbo Lekker Vrij van Lactose Yoghurt Griekse Stijl 500 g ",
    "category": "Zuivel, eieren, boter",
    "price": 1.99,
    "promoPrice": null,
    "pricePerUnit": "3.98 kg",
    "image": "https://www.jumbo.com/dam-images/fit-in/360x360/Products/24072025_1753360360679_1753360378253_8718452917655_596.png",
    "available": true,
    "promoUntil": null
  },
  {
    "id": "697147STK",
    "title": "Danone Skyr Drink Vanille Protein 0% Vet 270 ml",
    "category": "Zuivel, eieren, boter",
    "price": 1.79,
    "promoPrice": null,
    "pricePerUnit": "6.63 l",
    "image": "https://www.jumbo.com/dam-images/fit-in/360x360/Products/02092025_1756812852032_1756812854913_5060360508818_1.png",
    "available": true,
    "promoUntil": null
  },
  {
    "id": "711243ZK",
    "title": "Jumbo's Dolce 500g",
    "category": "Koffie en thee",
    "price": 10.49,
    "promoPrice": null,
    "pricePerUnit": "20.98 kg",
    "image": "",
    "available": true,
    "promoUntil": null
  },
  {
    "id": "711238ZK",
    "title": "Jumbo's Holiday 500g",
    "category": "Koffie en thee",
    "price": 10.49,
    "promoPrice": null,
    "pricePerUnit": "20.98 kg",
    "image": "",
    "available": true,
    "promoUntil": null
  },
  {
    "id": "711244ZK",
    "title": "Jumbo's Intenso 500g",
    "category": "Koffie en thee",
    "price": 10.49,
    "promoPrice": null,
    "pricePerUnit": "20.98 kg",
    "image": "",
    "available": true,
    "promoUntil": null
  },
  {
    "id": "711274ZK",
    "title": "Jumbo's Forte 500g",
    "category": "Koffie en thee",
    "price": 10.49,
    "promoPrice": null,
    "pricePerUnit": "20.98 kg",
    "image": "",
    "available": true,
    "promoUntil": null
  },
  {
    "id": "607263CUP",
    "title": "Becel Original 250 g",
    "category": "Zuivel, eieren, boter",
    "price": 2.19,
    "promoPrice": null,
    "pricePerUnit": "8.76 kg",
    "image": "https://www.jumbo.com/dam-images/fit-in/360x360/Products/02042025_1743586390211_1743586394020_8719200273689_1.png",
    "available": true,
    "promoUntil": null
  },
  {
    "id": "516278CUP",
    "title": "Gouda's Glorie Volle Pond 500 g",
    "category": "Zuivel, eieren, boter",
    "price": 2.49,
    "promoPrice": null,
    "pricePerUnit": "4.98 kg",
    "image": "https://www.jumbo.com/dam-images/fit-in/360x360/Products/21092025_1758416418393_1758416426063_516278_CUP_.png",
    "available": true,
    "promoUntil": null
  },
  {
    "id": "626399PAK",
    "title": "Jumbo Ongezouten Roomboter 125 g",
    "category": "Zuivel, eieren, boter",
    "price": 1.99,
    "promoPrice": null,
    "pricePerUnit": "15.92 kg",
    "image": "https://www.jumbo.com/dam-images/fit-in/360x360/Products/14052025_1747247568813_1747247572849_8718452849338_1.png",
    "available": true,
    "promoUntil": null
  },
  {
    "id": "493504CUP",
    "title": "Blue Band Heerlijk Romig 400g",
    "category": "Zuivel, eieren, boter",
    "price": 4.19,
    "promoPrice": null,
    "pricePerUnit": "10.48 kg",
    "image": "https://www.jumbo.com/dam-images/fit-in/360x360/Products/02042025_1743589966521_1743589970964_8719200224148_1.png",
    "available": true,
    "promoUntil": null
  },
  {
    "id": "200720PAK",
    "title": "Campina Botergoud Ongezouten Roomboter Voordeelpak 400 g",
    "category": "Zuivel, eieren, boter",
    "price": 6.99,
    "promoPrice": null,
    "pricePerUnit": "17.48 kg",
    "image": "https://www.jumbo.com/dam-images/fit-in/360x360/Products/14062025_1749866921689_1749866934168_200720_PAK_08715300257802_H1N1.png",
    "available": true,
    "promoUntil": null
  },
  {
    "id": "191947DS",
    "title": "Jumbo Luchtige Kruidenboter 100 g",
    "category": "Zuivel, eieren, boter",
    "price": 2.09,
    "promoPrice": null,
    "pricePerUnit": "20.9 kg",
    "image": "https://www.jumbo.com/dam-images/fit-in/360x360/Products/14022024_1707873714215_1707873719737_8718452755530_1.png",
    "available": true,
    "promoUntil": null
  },
  {
    "id": "597959CUP",
    "title": "Nongshim Shin Cup Noodle Soup 68 g",
    "category": "Conserven, soepen, sauzen, oliën",
    "price": 1.69,
    "promoPrice": null,
    "pricePerUnit": "24.85 kg",
    "image": "https://www.jumbo.com/dam-images/fit-in/360x360/Products/28032025_1743157976033_1743157981544_8801043031011_1.png",
    "available": true,
    "promoUntil": null
  },
  {
    "id": "676456PAK",
    "title": "Jumbo Croutons Naturel 125 g ",
    "category": "Conserven, soepen, sauzen, oliën",
    "price": 2.14,
    "promoPrice": null,
    "pricePerUnit": "17.12 kg",
    "image": "https://www.jumbo.com/dam-images/fit-in/360x360/Products/29072025_1753796020189_1753796025920_8718452913275_1.png",
    "available": true,
    "promoUntil": null
  },
  {
    "id": "505091BLK",
    "title": "Rio Mare Insalatissime Mais 160g MSC",
    "category": "Conserven, soepen, sauzen, oliën",
    "price": 3.99,
    "promoPrice": null,
    "pricePerUnit": "24.94 kg",
    "image": "https://www.jumbo.com/dam-images/fit-in/360x360/Products/30052025_1748568866768_1748568871487_505091_BLK_08004030022010_C1N1.png",
    "available": true,
    "promoUntil": null
  },
  {
    "id": "560670PAK",
    "title": "Boon Lima Boon 380 g",
    "category": "Conserven, soepen, sauzen, oliën",
    "price": 1.29,
    "promoPrice": null,
    "pricePerUnit": "6.0 kg",
    "image": "https://www.jumbo.com/dam-images/fit-in/360x360/Products/25032024_1711381521689_1711381525509_8710646900078_1.png",
    "available": false,
    "promoUntil": null
  },
  {
    "id": "509116DS",
    "title": "La Place Kruiden Kamille Lavendel 15 Stuks",
    "category": "Koffie en thee",
    "price": 2.19,
    "promoPrice": null,
    "pricePerUnit": "0.15 pieces",
    "image": "https://www.jumbo.com/dam-images/fit-in/360x360/Products/09082023_1691590436755_1691590538610_8718452643974_1.png",
    "available": true,
    "promoUntil": null
  },
  {
    "id": "586389POT",
    "title": "D&L Tartare 300ml",
    "category": "Conserven, soepen, sauzen, oliën",
    "price": 2.99,
    "promoPrice": null,
    "pricePerUnit": "9.97 l",
    "image": "https://www.jumbo.com/dam-images/fit-in/360x360/Products/05410056181090C1N15f536a0c-e4a8-4212-89ae-637f54d2e87a-1738576174692.png",
    "available": true,
    "promoUntil": null
  },
  {
    "id": "24954PAK",
    "title": "Modderman Friese Kruidrepenkoek 3 Stuks",
    "category": "Ontbijt, broodbeleg en bakproducten",
    "price": 0.99,
    "promoPrice": null,
    "pricePerUnit": "2.33 kg",
    "image": "https://www.jumbo.com/dam-images/fit-in/360x360/Products/28092023_1695920446252_1695920458819_8710768006146_1.png",
    "available": false,
    "promoUntil": null
  },
  {
    "id": "629584CUP",
    "title": "Blue Band Finesse 100% Plantaardig Alternatief voor Slagroom 31% Vet 250 ml ",
    "category": "Zuivel, eieren, boter",
    "price": 1.69,
    "promoPrice": null,
    "pricePerUnit": "6.76 l",
    "image": "https://www.jumbo.com/dam-images/fit-in/360x360/Products/02042025_1743582812646_1743582819821_8719200285019_1.png",
    "available": true,
    "promoUntil": null
  },
  {
    "id": "672880FLS",
    "title": "Jumbo's Sla Twist Honing-Appel Dressing 265ML",
    "category": "Conserven, soepen, sauzen, oliën",
    "price": 2.49,
    "promoPrice": null,
    "pricePerUnit": "9.4 l",
    "image": "https://www.jumbo.com/dam-images/fit-in/360x360/Products/02042025_1743582812918_1743582817633_8718452885718_1.png",
    "available": true,
    "promoUntil": null
  },
  {
    "id": "387041FLS",
    "title": "Koopmans Pannenkoekenmix Origineel Schudfles 175 g",
    "category": "Ontbijt, broodbeleg en bakproducten",
    "price": 1.87,
    "promoPrice": null,
    "pricePerUnit": "10.69 kg",
    "image": "https://www.jumbo.com/dam-images/fit-in/360x360/Products/17042025_1744854993900_1744854998472_387041_FLS_08710466301925_C1N1_s02.png",
    "available": true,
    "promoUntil": null
  },
  {
    "id": "509355DS",
    "title": "Twinings Cold Infused Hibiscus Lemon 10 Stuks",
    "category": "Koffie en thee",
    "price": 5.29,
    "promoPrice": null,
    "pricePerUnit": "0.53 pieces",
    "image": "https://www.jumbo.com/dam-images/fit-in/360x360/Products/05055953903224C1N1s09784777b5-905e-4625-8419-1aeca6651372-1739542973008.png",
    "available": false,
    "promoUntil": null
  },
  {
    "id": "136192DS",
    "title": "Knorr Tomatensoep met Tuinkruiden 2 x 40 g",
    "category": "Conserven, soepen, sauzen, oliën",
    "price": 1.15,
    "promoPrice": null,
    "pricePerUnit": "14.38 kg",
    "image": "https://www.jumbo.com/dam-images/fit-in/360x360/Products/16052025_1747364415965_1747364460143_136192_DS_08721201910791_H1N1.png",
    "available": true,
    "promoUntil": null
  },
  {
    "id": "529123DS",
    "title": "Alesie Rijstolie 1L",
    "category": "Conserven, soepen, sauzen, oliën",
    "price": 4.94,
    "promoPrice": null,
    "pricePerUnit": "4.94 l",
    "image": "https://www.jumbo.com/dam-images/fit-in/360x360/Products/09082023_1691592908088_1691592909895_8906012510136_1.png",
    "available": true,
    "promoUntil": null
  },
  {
    "id": "685850FLS",
    "title": "Arla Cultura Framboos 330 ml",
    "category": "Zuivel, eieren, boter",
    "price": 1.99,
    "promoPrice": null,
    "pricePerUnit": "6.03 l",
    "image": "https://www.jumbo.com/dam-images/fit-in/360x360/Products/5711953195952T59763f04041-83c2-4044-a15d-960096931a7c-1757322452813.png",
    "available": true,
    "promoUntil": null
  },
  {
    "id": "630478PAK",
    "title": "Barebells Soft Protein Bar Peanut Caramel 55 g",
    "category": "Ontbijt, broodbeleg en bakproducten",
    "price": 2.96,
    "promoPrice": 2.22,
    "pricePerUnit": "40.36 kg",
    "image": "https://www.jumbo.com/dam-images/fit-in/360x360/Products/23052024_1716489796382_1716489800367_7340001805116_1.png",
    "available": true,
    "promoUntil": "di 7 okt"
  },
  {
    "id": "578141FLS",
    "title": "Heinz Tomato Ketchup 50% Minder Suikers en Zout 400 ml",
    "category": "Conserven, soepen, sauzen, oliën",
    "price": 3.39,
    "promoPrice": null,
    "pricePerUnit": "8.48 l",
    "image": "https://www.jumbo.com/dam-images/fit-in/360x360/Products/02082025_1754099486665_1754099491023_578141_FLS_08715700122014_H1N1.png",
    "available": true,
    "promoUntil": null
  },
  {
    "id": "658713FLS",
    "title": "Jumbo Biologisch Dressing Crema di Balsamico Framboos 250ML",
    "category": "Conserven, soepen, sauzen, oliën",
    "price": 2.89,
    "promoPrice": null,
    "pricePerUnit": "11.56 l",
    "image": "https://www.jumbo.com/dam-images/fit-in/360x360/Products/28112024_1732804416310_1732804420145_8718452839650_1.png",
    "available": true,
    "promoUntil": null
  },
  {
    "id": "672888ZK",
    "title": "Jumbo Salade Mix Franse Stijl 125 g",
    "category": "Conserven, soepen, sauzen, oliën",
    "price": 2.49,
    "promoPrice": null,
    "pricePerUnit": "19.92 kg",
    "image": "https://www.jumbo.com/dam-images/fit-in/360x360/Products/20052025_1747755169691_1747755176553_8718452902132_1.png",
    "available": true,
    "promoUntil": null
  },
  {
    "id": "623923DS",
    "title": "Bolletje Krokante Proteïne Muesli 360 g",
    "category": "Ontbijt, broodbeleg en bakproducten",
    "price": 3.65,
    "promoPrice": null,
    "pricePerUnit": "10.14 kg",
    "image": "https://www.jumbo.com/dam-images/fit-in/360x360/Products/09072024_1720517727268_1720517743638_8710482534765_1.png",
    "available": true,
    "promoUntil": null
  },
  {
    "id": "604945ZK",
    "title": "BiFi The Original Carazza XXL Pizza-Snack 75 g",
    "category": "Conserven, soepen, sauzen, oliën",
    "price": 1.69,
    "promoPrice": null,
    "pricePerUnit": "22.53 kg",
    "image": "https://www.jumbo.com/dam-images/fit-in/360x360/Products/16022024_1708094123729_1708094135615_4251097400341_1.png",
    "available": true,
    "promoUntil": null
  },
  {
    "id": "624142ZK",
    "title": "BioToday Kokos-Citroenkoekjes 175 g",
    "category": "Ontbijt, broodbeleg en bakproducten",
    "price": 3.09,
    "promoPrice": null,
    "pricePerUnit": "17.66 kg",
    "image": "https://www.jumbo.com/dam-images/fit-in/360x360/Products/27082025_1756294452400_1756294457183_8719153028169_1.png",
    "available": true,
    "promoUntil": null
  },
  {
    "id": "678532DS",
    "title": "HEMA taartkaarsjes Happy Birthday Multicolour",
    "category": "Ontbijt, broodbeleg en bakproducten",
    "price": 2.69,
    "promoPrice": null,
    "pricePerUnit": "2.69 pieces",
    "image": "https://www.jumbo.com/dam-images/fit-in/360x360/Products/07022025_1738932176397_1738932179779_678532_DS_08720354508640_C1N1.png",
    "available": true,
    "promoUntil": null
  },
  {
    "id": "158766FLS",
    "title": "Hero Tova Chocolade Dessertsaus 125 ml",
    "category": "Ontbijt, broodbeleg en bakproducten",
    "price": 2.25,
    "promoPrice": null,
    "pricePerUnit": "18.0 l",
    "image": "https://www.jumbo.com/dam-images/fit-in/360x360/Products/12122024_1734014799586_1734014803029_87135077_1.png",
    "available": true,
    "promoUntil": null
  },
  {
    "id": "628613FLS",
    "title": "Callowfit Chocolate 300ml",
    "category": "Ontbijt, broodbeleg en bakproducten",
    "price": 3.99,
    "promoPrice": null,
    "pricePerUnit": "13.3 l",
    "image": "https://www.jumbo.com/dam-images/fit-in/360x360/Products/42605231110967f0ffded-83ff-4e49-ba78-e6fd53c50678-1718873793584.png",
    "available": true,
    "promoUntil": null
  },
  {
    "id": "379464PAK",
    "title": "Jumbo Amandeldrink Ongezoet 500ML",
    "category": "Zuivel, eieren, boter",
    "price": 1.09,
    "promoPrice": null,
    "pricePerUnit": "2.18 l",
    "image": "https://www.jumbo.com/dam-images/fit-in/360x360/Products/02062025_1748860407529_1748860419374_8718452876211_596.png",
    "available": true,
    "promoUntil": null
  },
  {
    "id": "614630BLK",
    "title": "Jumbo Cocktailworst Mager 30 Stuks 400 g",
    "category": "Conserven, soepen, sauzen, oliën",
    "price": 2.49,
    "promoPrice": null,
    "pricePerUnit": "12.45 kg",
    "image": "https://www.jumbo.com/dam-images/fit-in/360x360/Products/23022025_1740278409405_1740278424255_614630_BLK_08718452648580_C1N1.png",
    "available": true,
    "promoUntil": null
  },
  {
    "id": "323845EM",
    "title": "Jumbo Saté Pikant Saus 400 g",
    "category": "Conserven, soepen, sauzen, oliën",
    "price": 1.99,
    "promoPrice": null,
    "pricePerUnit": "4.98 kg",
    "image": "https://www.jumbo.com/dam-images/fit-in/360x360/Products/24032025_1742830392089_1742830404315_8718452413379_1.png",
    "available": true,
    "promoUntil": null
  },
  {
    "id": "646898ZK",
    "title": "BioToday Rijstwafels 100 g",
    "category": "Ontbijt, broodbeleg en bakproducten",
    "price": 1.69,
    "promoPrice": null,
    "pricePerUnit": "16.9 kg",
    "image": "https://www.jumbo.com/dam-images/fit-in/360x360/Products/23112024_1732331123559_1732331129699_646898_ZK_08719153055172_C1N1.png",
    "available": true,
    "promoUntil": null
  },
  {
    "id": "447910PAK",
    "title": "Dr. Oetker Kwarktaart Citroensmaak Bakmix 440 g",
    "category": "Ontbijt, broodbeleg en bakproducten",
    "price": 3.95,
    "promoPrice": null,
    "pricePerUnit": "8.98 kg",
    "image": "https://www.jumbo.com/dam-images/fit-in/360x360/Products/17042025_1744854676315_1744854684121_447910_PAK_08710466313829_C1N1_s04.png",
    "available": true,
    "promoUntil": null
  },
  {
    "id": "611359PAK",
    "title": "Friesche Vlag Haver 200 ml",
    "category": "Zuivel, eieren, boter",
    "price": 1.48,
    "promoPrice": null,
    "pricePerUnit": "7.4 l",
    "image": "https://www.jumbo.com/dam-images/fit-in/360x360/Products/10042024_1712748849294_1712748853623_8712800025788_1.png",
    "available": true,
    "promoUntil": null
  },
  {
    "id": "223848POT",
    "title": "Hak Bruine Bonen 0% 365 g",
    "category": "Conserven, soepen, sauzen, oliën",
    "price": 1.99,
    "promoPrice": null,
    "pricePerUnit": "8.29 kg",
    "image": "https://www.jumbo.com/dam-images/fit-in/360x360/Products/223848_8720600617232_1_T1_223848POT1691486489542.png",
    "available": true,
    "promoUntil": null
  },
  {
    "id": "702483DS",
    "title": "Chogal Boterhamvlokken licht 300g",
    "category": "Ontbijt, broodbeleg en bakproducten",
    "price": 1.69,
    "promoPrice": null,
    "pricePerUnit": "5.63 kg",
    "image": "https://www.jumbo.com/dam-images/fit-in/360x360/Products/24062025_1750727629334_1750727635788_702483_DS_08710474241268_C1N1.png",
    "available": true,
    "promoUntil": null
  },
  {
    "id": "645807STK",
    "title": "Barú Spiced Chai Latte Thee Poeder 250g",
    "category": "Koffie en thee",
    "price": 7.39,
    "promoPrice": 5.54,
    "pricePerUnit": "22.16 kg",
    "image": "https://www.jumbo.com/dam-images/fit-in/360x360/Products/4a859597f3d449a688e453acc14f09bf20242c825d554a21a8fed9b1d2b76d880b035884-9762-49c7-8994-9612f5b7d7d3-1741611484059.png",
    "available": true,
    "promoUntil": "di 7 okt"
  },
  {
    "id": "66730BLK",
    "title": "Bonduelle Zwarte bonen 400g",
    "category": "Conserven, soepen, sauzen, oliën",
    "price": 1.99,
    "promoPrice": null,
    "pricePerUnit": "7.51 kg",
    "image": "https://www.jumbo.com/dam-images/fit-in/360x360/Products/05032024_1709605870663_1709605879891_66730_BLK_03083681007800_H1N1.png",
    "available": true,
    "promoUntil": null
  },
  {
    "id": "600138PAK",
    "title": "Boon Kikkererwten 190 g",
    "category": "Conserven, soepen, sauzen, oliën",
    "price": 0.99,
    "promoPrice": null,
    "pricePerUnit": "5.21 kg",
    "image": "https://www.jumbo.com/dam-images/fit-in/360x360/Products/25032024_1711381636311_1711381643818_8710646700111_1.png",
    "available": true,
    "promoUntil": null
  },
  {
    "id": "366667STK",
    "title": "Canderel Stevia 100 Stuks 8,5 g",
    "category": "Koffie en thee",
    "price": 3.36,
    "promoPrice": null,
    "pricePerUnit": "0.03 pieces",
    "image": "https://www.jumbo.com/dam-images/fit-in/360x360/Products/23032024_1711160225835_1711160248334_366667_STK_07640110704684_C1N1.png",
    "available": true,
    "promoUntil": null
  },
  {
    "id": "10856DS",
    "title": "Hak Gedroogde Groene Erwten 500 g",
    "category": "Conserven, soepen, sauzen, oliën",
    "price": 1.65,
    "promoPrice": null,
    "pricePerUnit": "3.3 kg",
    "image": "https://www.jumbo.com/dam-images/fit-in/360x360/Products/10082023_1691676795659_1691676798614_8720600604393_1.png",
    "available": true,
    "promoUntil": null
  },
  {
    "id": "599246PAK",
    "title": "Hak Kidneybonen 190 g",
    "category": "Conserven, soepen, sauzen, oliën",
    "price": 0.99,
    "promoPrice": null,
    "pricePerUnit": "8.61 kg",
    "image": "https://www.jumbo.com/dam-images/fit-in/360x360/Products/15012024_1705322045483_1705322050905_8720600624445_1.png",
    "available": true,
    "promoUntil": null
  },
  {
    "id": "427624TUB",
    "title": "Hela Kruiden Ketchup Curry Original 150 ml",
    "category": "Conserven, soepen, sauzen, oliën",
    "price": 1.49,
    "promoPrice": null,
    "pricePerUnit": "9.93 l",
    "image": "https://www.jumbo.com/dam-images/fit-in/360x360/Products/22072025_1753151927447_1753151939184_427624_TUB_04027400148879_H1N1.png",
    "available": true,
    "promoUntil": null
  },
  {
    "id": "692553PAK",
    "title": "Jumbo Biologische Bruine Linzen 205 g",
    "category": "Conserven, soepen, sauzen, oliën",
    "price": 0.99,
    "promoPrice": null,
    "pricePerUnit": "8.25 kg",
    "image": "https://www.jumbo.com/dam-images/fit-in/360x360/Products/12052025_1747008015797_1747008029813_8718452877980_596.png",
    "available": true,
    "promoUntil": null
  },
  {
    "id": "455618POT",
    "title": "Buisman Classic Aroma 175 g",
    "category": "Koffie en thee",
    "price": 3.36,
    "promoPrice": null,
    "pricePerUnit": "19.2 kg",
    "image": "https://www.jumbo.com/dam-images/fit-in/360x360/Products/10082023_1691676434202_1691676451041_8710283653870_1.png",
    "available": true,
    "promoUntil": null
  },
  {
    "id": "648637BUS",
    "title": "Bertolli Balsamico azijn spray",
    "category": "Conserven, soepen, sauzen, oliën",
    "price": 4.19,
    "promoPrice": null,
    "pricePerUnit": "20.95 l",
    "image": "https://www.jumbo.com/dam-images/fit-in/360x360/Products/08082025_1754652804528_1754652809539_8002470033214_596.png",
    "available": true,
    "promoUntil": null
  },
  {
    "id": "546824STK",
    "title": "BiFi The Original XXL 40 g",
    "category": "Conserven, soepen, sauzen, oliën",
    "price": 1.55,
    "promoPrice": null,
    "pricePerUnit": "38.75 kg",
    "image": "https://www.jumbo.com/dam-images/fit-in/360x360/Products/22072025_1753180407615_1753180411364_4251097401447_1.png",
    "available": true,
    "promoUntil": null
  },
  {
    "id": "648623DS",
    "title": "John West Protein Bowl Tonijn Bonen MSC 220 g",
    "category": "Conserven, soepen, sauzen, oliën",
    "price": 3.95,
    "promoPrice": null,
    "pricePerUnit": "17.95 kg",
    "image": "https://www.jumbo.com/dam-images/fit-in/360x360/Products/02092024_1725272024665_1725272034781_648623_DS_05000171062000_C1N1.png",
    "available": true,
    "promoUntil": null
  },
  {
    "id": "577813ZK",
    "title": "Danoontje 100% Plantaardig Amandel Mango Perzik 90g",
    "category": "Zuivel, eieren, boter",
    "price": 1.09,
    "promoPrice": null,
    "pricePerUnit": "12.11 kg",
    "image": "https://www.jumbo.com/dam-images/fit-in/360x360/Products/21112024_1732214241796_1732214251574_8713788123770_1.png",
    "available": true,
    "promoUntil": null
  },
  {
    "id": "674154ZK",
    "title": "Jumbo Cranberry Pitten Mix 250 g",
    "category": "Ontbijt, broodbeleg en bakproducten",
    "price": 2.79,
    "promoPrice": null,
    "pricePerUnit": "11.16 kg",
    "image": "https://www.jumbo.com/dam-images/fit-in/360x360/Products/14042025_1744644770382_1744644777293_8718452870721_1.png",
    "available": true,
    "promoUntil": null
  },
  {
    "id": "708950DS",
    "title": "Jumbo Dadelreep met Noten Kaneel-Appelsmaak 4 Stuks",
    "category": "Ontbijt, broodbeleg en bakproducten",
    "price": 2.49,
    "promoPrice": null,
    "pricePerUnit": "17.79 kg",
    "image": "https://www.jumbo.com/dam-images/fit-in/360x360/Products/24072025_1753356823810_1753356843363_8718452923007_596.png",
    "available": true,
    "promoUntil": null
  },
  {
    "id": "679126ZK",
    "title": "Jumbo Lekker Vrij van Gluten Pannenkoeken Mix 400 g",
    "category": "Ontbijt, broodbeleg en bakproducten",
    "price": 2.54,
    "promoPrice": null,
    "pricePerUnit": "6.35 kg",
    "image": "https://www.jumbo.com/dam-images/fit-in/360x360/Products/06032025_1741267947499_1741267954259_8718452849024_1.png",
    "available": true,
    "promoUntil": null
  },
  {
    "id": "623974POT",
    "title": "BioToday Tahin Zwart 250 g",
    "category": "Ontbijt, broodbeleg en bakproducten",
    "price": 4.94,
    "promoPrice": null,
    "pricePerUnit": "19.76 kg",
    "image": "https://www.jumbo.com/dam-images/fit-in/360x360/Products/08092025_1757327629334_1757327635053_8719153050320_1.png",
    "available": true,
    "promoUntil": null
  },
  {
    "id": "593415STK",
    "title": "Douwe Egberts Ice Cappuccino IJskoffie 8 x 230ML",
    "category": "Zuivel, eieren, boter",
    "price": 12.72,
    "promoPrice": null,
    "pricePerUnit": "None None",
    "image": "https://www.jumbo.com/dam-images/fit-in/360x360/Products/MultipacksIceCappuccino4c934b1c-5cc9-4640-bc8b-b000dbdd3242-1696510581578.png",
    "available": true,
    "promoUntil": null
  },
  {
    "id": "302298POT",
    "title": "Dr. Oetker Zilveren parels versiering 42 g",
    "category": "Ontbijt, broodbeleg en bakproducten",
    "price": 1.89,
    "promoPrice": null,
    "pricePerUnit": "45.0 kg",
    "image": "https://www.jumbo.com/dam-images/fit-in/360x360/Products/17042025_1744855715020_1744855717998_302298_POT_08710466283122_C1N1_s01.png",
    "available": true,
    "promoUntil": null
  },
  {
    "id": "673399FLS",
    "title": "Hela Crispy Chili Oil Dressing 250 ml",
    "category": "Conserven, soepen, sauzen, oliën",
    "price": 2.89,
    "promoPrice": null,
    "pricePerUnit": "11.56 l",
    "image": "https://www.jumbo.com/dam-images/fit-in/360x360/Products/25022025_1740512066129_1740512071139_8713883999850_1.png",
    "available": true,
    "promoUntil": null
  },
  {
    "id": "191666ZK",
    "title": "Jumbo Gedroogde Bruine Bonen 400 g",
    "category": "Conserven, soepen, sauzen, oliën",
    "price": 2.39,
    "promoPrice": null,
    "pricePerUnit": "5.98 kg",
    "image": "https://www.jumbo.com/dam-images/fit-in/360x360/Products/09082023_1691584439323_1691584477794_8718452252558_1.png",
    "available": true,
    "promoUntil": null
  },
  {
    "id": "591520DS",
    "title": "Jumbo Hagelslag Blondiemix met Witte Hagelslag en Karamel Hagelslag 380 g",
    "category": "Ontbijt, broodbeleg en bakproducten",
    "price": 2.99,
    "promoPrice": null,
    "pricePerUnit": "7.87 kg",
    "image": "https://www.jumbo.com/dam-images/fit-in/360x360/Products/12122024_1734006796573_1734006812204_8718452795543_596.png",
    "available": true,
    "promoUntil": null
  },
  {
    "id": "690240ZK",
    "title": "Jumbo Lekker Vrij van Gluten Broodmix Wit 450 g",
    "category": "Ontbijt, broodbeleg en bakproducten",
    "price": 2.99,
    "promoPrice": null,
    "pricePerUnit": "6.64 kg",
    "image": "https://www.jumbo.com/dam-images/fit-in/360x360/Products/01042025_1743532389367_1743532397249_8718452838219_1.png",
    "available": true,
    "promoUntil": null
  },
  {
    "id": "460274FLS",
    "title": "Jumbo Vloeibare Zoetstof Sucralose 125 ml",
    "category": "Koffie en thee",
    "price": 2.96,
    "promoPrice": null,
    "pricePerUnit": "23.68 l",
    "image": "https://www.jumbo.com/dam-images/fit-in/360x360/Products/14112023_1699930756106_1699930760656_460274_FLS_08718452607327_C1N1.png",
    "available": true,
    "promoUntil": null
  },
  {
    "id": "373834BLK",
    "title": "Del Monte Halve Abrikozen op Lichte Siroop 420 g",
    "category": "Conserven, soepen, sauzen, oliën",
    "price": 2.56,
    "promoPrice": null,
    "pricePerUnit": "10.67 kg",
    "image": "https://www.jumbo.com/dam-images/fit-in/360x360/Products/12122024_1734014361594_1734014371156_24000024385_1.png",
    "available": true,
    "promoUntil": null
  },
  {
    "id": "179571STK",
    "title": "Heinz Mayonaise Original 400 ml",
    "category": "Conserven, soepen, sauzen, oliën",
    "price": 3.69,
    "promoPrice": null,
    "pricePerUnit": "9.23 l",
    "image": "https://www.jumbo.com/dam-images/fit-in/360x360/Products/02082025_1754097895864_1754097900360_179571_STK_08715700115351_H1N1.png",
    "available": true,
    "promoUntil": null
  },
  {
    "id": "303696DS",
    "title": "Jacques Matinettes Puur 60% 128 g",
    "category": "Ontbijt, broodbeleg en bakproducten",
    "price": 3.85,
    "promoPrice": null,
    "pricePerUnit": "30.08 kg",
    "image": "https://www.jumbo.com/dam-images/fit-in/360x360/Products/15112023_1700014874473_1700014880395_303696_DS_05410059755021_C1N1.png",
    "available": true,
    "promoUntil": null
  },
  {
    "id": "667402FLS",
    "title": "Jean Bâton Mayonnaise Spicy Truffle 250 ml",
    "category": "Conserven, soepen, sauzen, oliën",
    "price": 3.99,
    "promoPrice": null,
    "pricePerUnit": "15.96 l",
    "image": "https://www.jumbo.com/dam-images/fit-in/360x360/Products/22072025_1753151995109_1753152015788_667402_FLS_08720791224523_C1N1.png",
    "available": true,
    "promoUntil": null
  },
  {
    "id": "86042BLK",
    "title": "Bonduelle Zwarte Bonen 200g",
    "category": "Conserven, soepen, sauzen, oliën",
    "price": 1.59,
    "promoPrice": null,
    "pricePerUnit": "12.23 kg",
    "image": "https://www.jumbo.com/dam-images/fit-in/360x360/Products/19012024_1705667656614_1705667669026_3083681025590_1.png",
    "available": true,
    "promoUntil": null
  },
  {
    "id": "871672PAK",
    "title": "Dr. Oetker Jelly Aardbeiensmaak Pudding 94 g",
    "category": "Ontbijt, broodbeleg en bakproducten",
    "price": 1.38,
    "promoPrice": null,
    "pricePerUnit": "14.68 kg",
    "image": "https://www.jumbo.com/dam-images/fit-in/360x360/Products/17042025_1744857356970_1744857360064_871672_PAK_08710466231529_C1N1_s01.png",
    "available": true,
    "promoUntil": null
  },
  {
    "id": "633407ZK",
    "title": "Hak Kikkererwten & Lupine Mix 225 g",
    "category": "Conserven, soepen, sauzen, oliën",
    "price": 2.79,
    "promoPrice": null,
    "pricePerUnit": "13.95 kg",
    "image": "https://www.jumbo.com/dam-images/fit-in/360x360/Products/05062024_1717612514289_1717612531757_8720600665554_596.png",
    "available": true,
    "promoUntil": null
  },
  {
    "id": "513014POT",
    "title": "Hero Fruitspread Bosbessen 350 g",
    "category": "Ontbijt, broodbeleg en bakproducten",
    "price": 3.16,
    "promoPrice": null,
    "pricePerUnit": "9.03 kg",
    "image": "https://www.jumbo.com/dam-images/fit-in/360x360/Products/28052025_1748395983779_1748395993144_513014_POT_08713500013525_C1N1.png",
    "available": true,
    "promoUntil": null
  },
  {
    "id": "585602FLS",
    "title": "Carapelli Bio extra vierge olijfolie ",
    "category": "Conserven, soepen, sauzen, oliën",
    "price": 5.1,
    "promoPrice": null,
    "pricePerUnit": "20.4 l",
    "image": "https://www.jumbo.com/dam-images/fit-in/360x360/Products/16092025_1758026015282_1758026024837_8002470032750_596.png",
    "available": true,
    "promoUntil": null
  },
  {
    "id": "625091DS",
    "title": "Jumbo Beertjes & Rings Granen 350 g",
    "category": "Ontbijt, broodbeleg en bakproducten",
    "price": 1.99,
    "promoPrice": null,
    "pricePerUnit": "5.69 kg",
    "image": "https://www.jumbo.com/dam-images/fit-in/360x360/Products/19062024_1718814836930_1718814856863_8718452818402_596.png",
    "available": true,
    "promoUntil": null
  },
  {
    "id": "385528POT",
    "title": "Jumbo Gebroken Sperziebonen 180 g",
    "category": "Conserven, soepen, sauzen, oliën",
    "price": 0.66,
    "promoPrice": null,
    "pricePerUnit": "6.6 kg",
    "image": "https://www.jumbo.com/dam-images/fit-in/360x360/Products/08052024_1715182453171_1715182460554_8718452764532_1.png",
    "available": true,
    "promoUntil": null
  },
  {
    "id": "429868ZK",
    "title": "Jumbo Naturel Soepcroutons 75 g",
    "category": "Conserven, soepen, sauzen, oliën",
    "price": 0.75,
    "promoPrice": null,
    "pricePerUnit": "10.0 kg",
    "image": "https://www.jumbo.com/dam-images/fit-in/360x360/Products/18022025_1739896392139_1739896411110_8718452558582_596.png",
    "available": true,
    "promoUntil": null
  },
  {
    "id": "18731BLK",
    "title": "Del Monte Halve Perziken op Lichte Siroop 420 g",
    "category": "Conserven, soepen, sauzen, oliën",
    "price": 2.39,
    "promoPrice": null,
    "pricePerUnit": "10.17 kg",
    "image": "https://www.jumbo.com/dam-images/fit-in/360x360/Products/12122024_1734014420881_1734014429968_24000025528_1.png",
    "available": true,
    "promoUntil": null
  },
  {
    "id": "305327BLK",
    "title": "John West Wilde Rode Zalm 213g",
    "category": "Conserven, soepen, sauzen, oliën",
    "price": 5.91,
    "promoPrice": null,
    "pricePerUnit": "27.75 kg",
    "image": "https://www.jumbo.com/dam-images/fit-in/360x360/Products/16052025_1747358742086_1747358759047_305327_BLK_05000171059420_C1N1.png",
    "available": true,
    "promoUntil": null
  },
  {
    "id": "184616PAK",
    "title": "Dr. Oetker Biscuittaart Naturel Bakmix 330 g",
    "category": "Ontbijt, broodbeleg en bakproducten",
    "price": 2.47,
    "promoPrice": null,
    "pricePerUnit": "7.48 kg",
    "image": "https://www.jumbo.com/dam-images/fit-in/360x360/Products/17042025_1744851703073_1744851711990_184616_PAK_08710466280725_C1N1_s02.png",
    "available": true,
    "promoUntil": null
  },
  {
    "id": "615478PAK",
    "title": "Espresso Barista Intenso filterkoffie 250g",
    "category": "Koffie en thee",
    "price": 7.59,
    "promoPrice": null,
    "pricePerUnit": "30.36 kg",
    "image": "https://www.jumbo.com/dam-images/fit-in/360x360/Products/16052025_1747357380324_1747357391339_615478_PAK_08000070014602_C1N1.png",
    "available": true,
    "promoUntil": null
  },
  {
    "id": "189774ZK",
    "title": "Hollandia Original Matzes Naturel 10 Stuks 200 g",
    "category": "Ontbijt, broodbeleg en bakproducten",
    "price": 2.78,
    "promoPrice": null,
    "pricePerUnit": "13.9 kg",
    "image": "https://www.jumbo.com/dam-images/fit-in/360x360/Products/19122024_1734583390979_1734583402211_189774_ZK_08710536100052_C1N1.png",
    "available": true,
    "promoUntil": null
  },
  {
    "id": "674151ZK",
    "title": "Holie's Granola Protein Peanut Butter 350g",
    "category": "Ontbijt, broodbeleg en bakproducten",
    "price": 3.95,
    "promoPrice": null,
    "pricePerUnit": "11.29 kg",
    "image": "https://www.jumbo.com/dam-images/fit-in/360x360/Products/12022025_1739331641447_1739331647798_674151_ZK_08720256082422_C1N1.png",
    "available": true,
    "promoUntil": null
  },
  {
    "id": "649918FLS",
    "title": "Jumbo Kookspray Zonnebloem- en Avocado Olie 200ML",
    "category": "Conserven, soepen, sauzen, oliën",
    "price": 2.29,
    "promoPrice": null,
    "pricePerUnit": "11.45 l",
    "image": "https://www.jumbo.com/dam-images/fit-in/360x360/Products/8718452878284T1b32dae1e-43aa-49c7-8d03-6cb20d399791-1733924254950.png",
    "available": true,
    "promoUntil": null
  },
  {
    "id": "623475BLK",
    "title": "BioToday Vegan Pâté Champignon 125 g",
    "category": "Vleeswaren, kaas en tapas",
    "price": 3.65,
    "promoPrice": null,
    "pricePerUnit": "29.2 kg",
    "image": "https://www.jumbo.com/dam-images/fit-in/360x360/Products/18072025_1752863584891_1752863591052_8719153031060_1.png",
    "available": true,
    "promoUntil": null
  },
  {
    "id": "618262STK",
    "title": "Dr. oetker wolkentoetje choco 4 x 125g",
    "category": "Zuivel, eieren, boter",
    "price": 3.16,
    "promoPrice": null,
    "pricePerUnit": "None None",
    "image": "https://www.jumbo.com/dam-images/fit-in/360x360/Products/618262STK1dbf8b8f5-d44f-466e-8853-75cb20dbb62f-1745830036937.png",
    "available": true,
    "promoUntil": null
  },
  {
    "id": "673199BLK",
    "title": "Jumbo Aardbeien op Sap Heel 400 g",
    "category": "Conserven, soepen, sauzen, oliën",
    "price": 2.17,
    "promoPrice": null,
    "pricePerUnit": "13.56 kg",
    "image": "https://www.jumbo.com/dam-images/fit-in/360x360/Products/23062025_1750685646172_1750685660540_8718452856725_596.png",
    "available": true,
    "promoUntil": null
  },
  {
    "id": "558885ZK",
    "title": "Jumbo Jus Rundvlees 18 g",
    "category": "Conserven, soepen, sauzen, oliën",
    "price": 0.35,
    "promoPrice": null,
    "pricePerUnit": "19.44 kg",
    "image": "https://www.jumbo.com/dam-images/fit-in/360x360/Products/10082023_1691678617535_1691678625876_8718452645510_1.png",
    "available": true,
    "promoUntil": null
  },
  {
    "id": "706829ZK",
    "title": "Bialetti Espresso Grani Intenso 500g",
    "category": "Koffie en thee",
    "price": 12.49,
    "promoPrice": null,
    "pricePerUnit": "24.98 kg",
    "image": "https://www.jumbo.com/dam-images/fit-in/360x360/Products/26062025_1750941240289_1750941244534_706829_ZK_08006363038683_C1N1.png",
    "available": true,
    "promoUntil": null
  },
  {
    "id": "648444FLS",
    "title": "BioToday Ahornsiroop Robuust 250 ml",
    "category": "Ontbijt, broodbeleg en bakproducten",
    "price": 7.91,
    "promoPrice": null,
    "pricePerUnit": "31.64 l",
    "image": "https://www.jumbo.com/dam-images/fit-in/360x360/Products/09092025_1757414071244_1757414076978_8719153038809_1.png",
    "available": true,
    "promoUntil": null
  },
  {
    "id": "623967CUP",
    "title": "BioToday Kokosbrood Naturel 220 g",
    "category": "Ontbijt, broodbeleg en bakproducten",
    "price": 3.79,
    "promoPrice": null,
    "pricePerUnit": "17.23 kg",
    "image": "https://www.jumbo.com/dam-images/fit-in/360x360/Products/19082025_1755613976703_1755613982441_8718858933099_1.png",
    "available": true,
    "promoUntil": null
  },
  {
    "id": "161028FLS",
    "title": "Go-Tan Hot Chilli Sauce Extra Spicy 270 ml",
    "category": "Conserven, soepen, sauzen, oliën",
    "price": 2.72,
    "promoPrice": null,
    "pricePerUnit": "10.07 l",
    "image": "https://www.jumbo.com/dam-images/fit-in/360x360/Products/23122024_1734921324529_1734921329845_161028_FLS_08710605030273_C1N1.png",
    "available": true,
    "promoUntil": null
  },
  {
    "id": "668767FLS",
    "title": "Jean Bâton Dressing Mosterd Dille 150ml",
    "category": "Conserven, soepen, sauzen, oliën",
    "price": 2.19,
    "promoPrice": null,
    "pricePerUnit": "14.6 l",
    "image": "https://www.jumbo.com/dam-images/fit-in/360x360/Products/25072025_1753414903358_1753414924071_668767_FLS_08720791223397_C1N1.png",
    "available": true,
    "promoUntil": null
  },
  {
    "id": "680673STK",
    "title": "Jumbo Cookie Crumble 4 x 75g",
    "category": "Zuivel, eieren, boter",
    "price": 5.56,
    "promoPrice": null,
    "pricePerUnit": "None None",
    "image": "https://www.jumbo.com/dam-images/fit-in/360x360/Products/680673STK1ad6e8c77-fe46-4733-8739-2c3e711ade1e-1740475236419.png",
    "available": true,
    "promoUntil": null
  },
  {
    "id": "248742ZK",
    "title": "Calvé Dressing Honing Mosterd 70 ml",
    "category": "Conserven, soepen, sauzen, oliën",
    "price": 1.2,
    "promoPrice": null,
    "pricePerUnit": "17.14 l",
    "image": "https://www.jumbo.com/dam-images/fit-in/360x360/Products/29082025_1756430882793_1756430896822_248742_ZK_08712423003859_C1N1.png",
    "available": true,
    "promoUntil": null
  },
  {
    "id": "618248STK",
    "title": "Ehrmann Grand Dessert Vanilla 4 x 190g",
    "category": "Zuivel, eieren, boter",
    "price": 4.76,
    "promoPrice": null,
    "pricePerUnit": "None None",
    "image": "https://www.jumbo.com/dam-images/fit-in/360x360/Products/618248STK11741c21f-2c91-49dc-9240-d12ea429fd43-1710152979634.png",
    "available": true,
    "promoUntil": null
  },
  {
    "id": "434829ZK",
    "title": "Itsu Miso Easy Traditional",
    "category": "Conserven, soepen, sauzen, oliën",
    "price": 2.73,
    "promoPrice": null,
    "pricePerUnit": "26.0 kg",
    "image": "https://www.jumbo.com/dam-images/fit-in/360x360/Products/03112023_1698979320077_1698979325872_434829_ZK_05060262487518_C1N1.png",
    "available": true,
    "promoUntil": null
  },
  {
    "id": "220622POT",
    "title": "Jumbo Appelmoes Kaneel 360 g",
    "category": "Conserven, soepen, sauzen, oliën",
    "price": 1.39,
    "promoPrice": null,
    "pricePerUnit": "3.86 kg",
    "image": "https://www.jumbo.com/dam-images/fit-in/360x360/Products/09082023_1691585250160_1691585281142_8718452361304_1.png",
    "available": true,
    "promoUntil": null
  },
  {
    "id": "623762STK",
    "title": "Jumbo Vegan Chocomousse 2 x 75g",
    "category": "Zuivel, eieren, boter",
    "price": 2.78,
    "promoPrice": null,
    "pricePerUnit": "None None",
    "image": "https://www.jumbo.com/dam-images/fit-in/360x360/Products/623762STK247098720-076d-4572-9f49-008380a89aba-1712823376141.png",
    "available": true,
    "promoUntil": null
  },
  {
    "id": "633651DS",
    "title": "Jumbo Versierders Taarttopper Feest 65 g",
    "category": "Ontbijt, broodbeleg en bakproducten",
    "price": 3.99,
    "promoPrice": null,
    "pricePerUnit": "61.38 kg",
    "image": "https://www.jumbo.com/dam-images/fit-in/360x360/Products/25092024_1727278476393_1727278482530_8718452843749_1.png",
    "available": true,
    "promoUntil": null
  },
  {
    "id": "155754DS",
    "title": "Fairtrade Original Rietsuiker 50 Sticks 200 g",
    "category": "Ontbijt, broodbeleg en bakproducten",
    "price": 2.27,
    "promoPrice": null,
    "pricePerUnit": "11.35 kg",
    "image": "https://www.jumbo.com/dam-images/fit-in/360x360/Products/10082023_1691675620194_1691675629337_8711741354162_1.png",
    "available": true,
    "promoUntil": null
  },
  {
    "id": "577352CUP",
    "title": "Douwe Egberts Ice Latte White Chocolate Cookie IJskoffie 230 ML",
    "category": "Zuivel, eieren, boter",
    "price": 2.0,
    "promoPrice": 1.0,
    "pricePerUnit": "4.35 l",
    "image": "https://www.jumbo.com/dam-images/fit-in/360x360/Products/09082023_1691594988703_1691594997721_8711000488089_1.png",
    "available": true,
    "promoUntil": "di 30 sep"
  },
  {
    "id": "637903FLS",
    "title": "Hela Original Tomaten Ketchup 300 ml",
    "category": "Conserven, soepen, sauzen, oliën",
    "price": 2.39,
    "promoPrice": null,
    "pricePerUnit": "7.97 l",
    "image": "https://www.jumbo.com/dam-images/fit-in/360x360/Products/02092024_1725273198982_1725273205587_4027400218237_1.png",
    "available": true,
    "promoUntil": null
  },
  {
    "id": "684355STK",
    "title": "Barú Vanilla Chai Latte Thee Poeder 250g",
    "category": "Koffie en thee",
    "price": 7.95,
    "promoPrice": 5.96,
    "pricePerUnit": "23.84 kg",
    "image": "https://www.jumbo.com/dam-images/fit-in/360x360/Products/05032025_1741168573508_1741168574373_684355_STK_.png",
    "available": true,
    "promoUntil": "di 7 okt"
  },
  {
    "id": "211941STK",
    "title": "Bonne Maman Perziken Confiture 370 g",
    "category": "Ontbijt, broodbeleg en bakproducten",
    "price": 2.5,
    "promoPrice": null,
    "pricePerUnit": "6.76 kg",
    "image": "https://www.jumbo.com/dam-images/fit-in/360x360/Products/10082023_1691678359075_1691678372972_3045320082975_1.png",
    "available": true,
    "promoUntil": null
  },
  {
    "id": "647276POT",
    "title": "Grand'Italia Toscana met Zongedroogde Tomaat Pastasaus 260g",
    "category": "Conserven, soepen, sauzen, oliën",
    "price": 3.0,
    "promoPrice": null,
    "pricePerUnit": "11.54 kg",
    "image": "https://www.jumbo.com/dam-images/fit-in/360x360/Products/26092024_1727315125685_1727315134555_647276_POT_00000080023265_H1N1.png",
    "available": true,
    "promoUntil": null
  },
  {
    "id": "670485PAK",
    "title": "BiFi The Original Turkey 3 x 20 g",
    "category": "Conserven, soepen, sauzen, oliën",
    "price": 1.99,
    "promoPrice": null,
    "pricePerUnit": "33.17 kg",
    "image": "https://www.jumbo.com/dam-images/fit-in/360x360/Products/12032025_1741789965984_1741789972919_4251097420554_1.png",
    "available": true,
    "promoUntil": null
  },
  {
    "id": "216696STK",
    "title": "Clipper Energise Organic Green Tea 20 Zakjes 35 g",
    "category": "Koffie en thee",
    "price": 3.65,
    "promoPrice": null,
    "pricePerUnit": "0.18 pieces",
    "image": "https://www.jumbo.com/dam-images/fit-in/360x360/Products/15032025_1742000421966_1742000447683_5021991941375_596.png",
    "available": true,
    "promoUntil": null
  },
  {
    "id": "410007CUP",
    "title": "Jumbo Stroganoffsaus 240 ml",
    "category": "Conserven, soepen, sauzen, oliën",
    "price": 2.69,
    "promoPrice": null,
    "pricePerUnit": "11.21 l",
    "image": "https://www.jumbo.com/dam-images/fit-in/360x360/Products/09082023_1691590672428_1691590702316_8718452516384_1.png",
    "available": true,
    "promoUntil": null
  },
  {
    "id": "428754POT",
    "title": "Jumbo Vegan Mayo 180 g",
    "category": "Conserven, soepen, sauzen, oliën",
    "price": 1.1,
    "promoPrice": null,
    "pricePerUnit": "6.11 kg",
    "image": "https://www.jumbo.com/dam-images/fit-in/360x360/Products/09082023_1691588221292_1691588295588_8718452558469_1.png",
    "available": true,
    "promoUntil": null
  },
  {
    "id": "550694BLK",
    "title": "Argeta Kip Spread 95 g",
    "category": "Conserven, soepen, sauzen, oliën",
    "price": 1.67,
    "promoPrice": null,
    "pricePerUnit": "17.58 kg",
    "image": "https://www.jumbo.com/dam-images/fit-in/360x360/Products/18062025_1750213076527_1750213086203_550694_BLK_03838975566507_C1N1.png",
    "available": true,
    "promoUntil": null
  },
  {
    "id": "624982DS",
    "title": "Douwe Egberts Lungo 6 Original Gemalen Koffie 45 + 5 Capsules Gratis 260 g",
    "category": "Koffie en thee",
    "price": 12.59,
    "promoPrice": null,
    "pricePerUnit": "0.25 pieces",
    "image": "https://www.jumbo.com/dam-images/fit-in/360x360/Products/02042025_1743554014688_1743554023336_8711000571811_1.png",
    "available": true,
    "promoUntil": null
  },
  {
    "id": "709931ZK",
    "title": "Eat Real Salted Lentil Chips 95g",
    "category": "Ontbijt, broodbeleg en bakproducten",
    "price": 2.49,
    "promoPrice": null,
    "pricePerUnit": "26.21 kg",
    "image": "https://www.jumbo.com/dam-images/fit-in/360x360/Products/15072025_1752581743162_1752581756698_709931_ZK_05060878780386_C1N1.png",
    "available": true,
    "promoUntil": null
  },
  {
    "id": "212944STK",
    "title": "Flying Goose Brand Sriracha Sauce Original 200 ml",
    "category": "Conserven, soepen, sauzen, oliën",
    "price": 2.81,
    "promoPrice": null,
    "pricePerUnit": "14.05 l",
    "image": "https://www.jumbo.com/dam-images/fit-in/360x360/Products/25072025_1753410388771_1753410391566_212944_STK_08853662056005_A1N1.png",
    "available": true,
    "promoUntil": null
  },
  {
    "id": "172283FLS",
    "title": "Go-Tan Wokolie 500ml",
    "category": "Conserven, soepen, sauzen, oliën",
    "price": 4.59,
    "promoPrice": null,
    "pricePerUnit": "9.18 l",
    "image": "https://www.jumbo.com/dam-images/fit-in/360x360/Products/24112023_1700804268895_1700804274343_172283_FLS_08710605014310_C1N1.png",
    "available": true,
    "promoUntil": null
  },
  {
    "id": "706833DS",
    "title": "Bialetti Nespresso Raffinato Cups 50g",
    "category": "Koffie en thee",
    "price": 4.29,
    "promoPrice": null,
    "pricePerUnit": "0.43 pieces",
    "image": "https://www.jumbo.com/dam-images/fit-in/360x360/Products/26062025_1750941514472_1750941517987_706833_DS_08006363074070_C1N1.png",
    "available": true,
    "promoUntil": null
  },
  {
    "id": "485375ZK",
    "title": "Jumbo Lijnzaad Heel Biologisch 500 g",
    "category": "Ontbijt, broodbeleg en bakproducten",
    "price": 2.96,
    "promoPrice": null,
    "pricePerUnit": "5.92 kg",
    "image": "https://www.jumbo.com/dam-images/fit-in/360x360/Products/10082023_1691676437114_1691676450260_8718452629787_1.png",
    "available": true,
    "promoUntil": null
  },
  {
    "id": "192036ZK",
    "title": "Jumbo Pompoenpitten 125 g",
    "category": "Ontbijt, broodbeleg en bakproducten",
    "price": 3.49,
    "promoPrice": null,
    "pricePerUnit": "27.92 kg",
    "image": "https://www.jumbo.com/dam-images/fit-in/360x360/Products/12062024_1718202884281_1718202891866_8718452236121_1.png",
    "available": true,
    "promoUntil": null
  },
  {
    "id": "589583STK",
    "title": "Douwe Egberts Ice Coffee Ice Mocha Latte 4 x 250ml",
    "category": "Zuivel, eieren, boter",
    "price": 5.56,
    "promoPrice": null,
    "pricePerUnit": "None None",
    "image": "https://www.jumbo.com/dam-images/fit-in/360x360/Products/589583STK1ba9f24e7-99f5-4da7-b043-712525253398-1694604569912.png",
    "available": true,
    "promoUntil": null
  },
  {
    "id": "676309DS",
    "title": "Holie's Crunchy Muesli Protein Coconut Cacao 400g",
    "category": "Ontbijt, broodbeleg en bakproducten",
    "price": 4.15,
    "promoPrice": null,
    "pricePerUnit": "10.38 kg",
    "image": "https://www.jumbo.com/dam-images/fit-in/360x360/Products/18032025_1742263970623_1742263984876_676309_DS_08721161523345_C1N1.png",
    "available": true,
    "promoUntil": null
  },
  {
    "id": "676007DS",
    "title": "Holie's Crunchy Muesli Protein Peanut 400g",
    "category": "Ontbijt, broodbeleg en bakproducten",
    "price": 4.15,
    "promoPrice": null,
    "pricePerUnit": "10.38 kg",
    "image": "https://www.jumbo.com/dam-images/fit-in/360x360/Products/11042025_1744338843964_1744338870487_676007_DS_08721161523307_C1N1.png",
    "available": true,
    "promoUntil": null
  },
  {
    "id": "710342ZK",
    "title": "Consenza Koekjes Glutenvrij Gember-Citroen 150g",
    "category": "Ontbijt, broodbeleg en bakproducten",
    "price": 3.49,
    "promoPrice": null,
    "pricePerUnit": "23.27 kg",
    "image": "https://www.jumbo.com/dam-images/fit-in/360x360/Products/17072025_1752777164950_1752777170181_8719153049119_1.png",
    "available": true,
    "promoUntil": null
  },
  {
    "id": "634672FLS",
    "title": "BioToday Appelcider Azijn 500 ml",
    "category": "Conserven, soepen, sauzen, oliën",
    "price": 4.39,
    "promoPrice": null,
    "pricePerUnit": "8.78 l",
    "image": "https://www.jumbo.com/dam-images/fit-in/360x360/Products/08092025_1757345673766_1757345677081_8719153003005_1.png",
    "available": true,
    "promoUntil": null
  },
  {
    "id": "560137PAK",
    "title": "Café Royal Cinnamon Flavoured Coffee 10 Capsules 50 g",
    "category": "Koffie en thee",
    "price": 4.19,
    "promoPrice": null,
    "pricePerUnit": "0.42 pieces",
    "image": "https://www.jumbo.com/dam-images/fit-in/360x360/Products/25072025_1753428858887_1753428866623_7616500927803_1.png",
    "available": true,
    "promoUntil": null
  },
  {
    "id": "659491CUP",
    "title": "Fusero Panna Cotta Pistache 125g",
    "category": "Zuivel, eieren, boter",
    "price": 1.99,
    "promoPrice": null,
    "pricePerUnit": "15.92 kg",
    "image": "https://www.jumbo.com/dam-images/fit-in/360x360/Products/23042025_1745389985659_1745389994312_8051128533040_1.png",
    "available": true,
    "promoUntil": null
  },
  {
    "id": "706674DS",
    "title": "Dr. Oetker Mix Voor Botercreme 105g",
    "category": "Ontbijt, broodbeleg en bakproducten",
    "price": 2.19,
    "promoPrice": null,
    "pricePerUnit": "20.86 kg",
    "image": "https://www.jumbo.com/dam-images/fit-in/360x360/Products/25062025_1750852720441_1750852729101_706674_DS_08710466330529_C1N1_s01.png",
    "available": true,
    "promoUntil": null
  },
  {
    "id": "707451DS",
    "title": "Jumbo Plantaardig Alternatief voor Witte Kaas 150 g",
    "category": "Zuivel, eieren, boter",
    "price": 1.87,
    "promoPrice": null,
    "pricePerUnit": "12.47 kg",
    "image": "https://www.jumbo.com/dam-images/fit-in/360x360/Products/23072025_1753273980329_1753273993428_8718452913817_596.png",
    "available": true,
    "promoUntil": null
  },
  {
    "id": "385978CUP",
    "title": "Jumbo Ongebrande Hazelnoten 95 g",
    "category": "Ontbijt, broodbeleg en bakproducten",
    "price": 3.49,
    "promoPrice": null,
    "pricePerUnit": "36.74 kg",
    "image": "https://www.jumbo.com/dam-images/fit-in/360x360/Products/10122024_1733830365663_1733830374307_8718452831715_1.png",
    "available": true,
    "promoUntil": null
  },
  {
    "id": "420825FLS",
    "title": "Hellmann's Mayonaise Real 250 ml",
    "category": "Conserven, soepen, sauzen, oliën",
    "price": 3.19,
    "promoPrice": 2.39,
    "pricePerUnit": "9.56 l",
    "image": "https://www.jumbo.com/dam-images/fit-in/360x360/Products/28082025_1756370018349_1756370022962_8710604778732_1.png",
    "available": true,
    "promoUntil": "di 30 sep"
  },
  {
    "id": "507651BLK",
    "title": "Bonduelle Kikkererwten 150 g",
    "category": "Conserven, soepen, sauzen, oliën",
    "price": 1.39,
    "promoPrice": null,
    "pricePerUnit": "10.69 kg",
    "image": "https://www.jumbo.com/dam-images/fit-in/360x360/Products/05062025_1749094592582_1749094603942_507651_BLK_03083681012668_C1N1.png",
    "available": true,
    "promoUntil": null
  },
  {
    "id": "593416STK",
    "title": "Douwe Egberts Ice Caramel Latte IJskoffie 8 x 230ml",
    "category": "Zuivel, eieren, boter",
    "price": 12.72,
    "promoPrice": null,
    "pricePerUnit": "None None",
    "image": "https://www.jumbo.com/dam-images/fit-in/360x360/Products/MultipacksLatteCaramel84c05935-c740-4b0a-bb8b-d965c473b3d4-1696510611426.png",
    "available": true,
    "promoUntil": null
  },
  {
    "id": "47702PAK",
    "title": "Jumbo Basis Bakmeel Zelfrijzend 500 g",
    "category": "Ontbijt, broodbeleg en bakproducten",
    "price": 0.58,
    "promoPrice": null,
    "pricePerUnit": "1.16 kg",
    "image": "https://www.jumbo.com/dam-images/fit-in/360x360/Products/16052024_1715866521258_1715866535062_8718452787876_596.png",
    "available": true,
    "promoUntil": null
  },
  {
    "id": "577790STK",
    "title": "Jumbo Gelderse Rookworst 225 g",
    "category": "Conserven, soepen, sauzen, oliën",
    "price": 2.65,
    "promoPrice": null,
    "pricePerUnit": "11.78 kg",
    "image": "https://www.jumbo.com/dam-images/fit-in/360x360/Products/15112023_1700044384870_1700044400017_8718452729760_1.png",
    "available": true,
    "promoUntil": null
  },
  {
    "id": "668765FLS",
    "title": "Jean Bâton Dressing Black Truffle 150ml",
    "category": "Conserven, soepen, sauzen, oliën",
    "price": 3.26,
    "promoPrice": null,
    "pricePerUnit": "21.73 l",
    "image": "https://www.jumbo.com/dam-images/fit-in/360x360/Products/25072025_1753413984791_1753414002978_668765_FLS_08720791223359_C1N1.png",
    "available": true,
    "promoUntil": null
  },
  {
    "id": "675863ZK",
    "title": "Jumbo Biologisch Romige Pompoensoep met Wortel & Paprika 300ML",
    "category": "Conserven, soepen, sauzen, oliën",
    "price": 1.99,
    "promoPrice": null,
    "pricePerUnit": "6.63 l",
    "image": "https://www.jumbo.com/dam-images/fit-in/360x360/Products/26022025_1740583966453_1740583990138_8718452845743_596.png",
    "available": true,
    "promoUntil": null
  },
  {
    "id": "343072BLK",
    "title": "Bonduelle Mexicana Mix 200g",
    "category": "Conserven, soepen, sauzen, oliën",
    "price": 1.69,
    "promoPrice": null,
    "pricePerUnit": "12.07 kg",
    "image": "https://www.jumbo.com/dam-images/fit-in/360x360/Products/27012024_1706328805017_1706328816193_343072_BLK_03083680012362_C1N1.png",
    "available": true,
    "promoUntil": null
  },
  {
    "id": "342550TUB",
    "title": "Dr. Oetker Bourbon Vanille pasta 50 g",
    "category": "Ontbijt, broodbeleg en bakproducten",
    "price": 4.14,
    "promoPrice": null,
    "pricePerUnit": "82.8 kg",
    "image": "https://www.jumbo.com/dam-images/fit-in/360x360/Products/17042025_1744851666955_1744851671091_342550_TUB_08710466294722_C1N1_s01.png",
    "available": true,
    "promoUntil": null
  },
  {
    "id": "708562POT",
    "title": "Go-Tan Crispy Chili Oil 190g",
    "category": "Wereldkeukens, kruiden, pasta en rijst",
    "price": 3.95,
    "promoPrice": null,
    "pricePerUnit": "20.79 kg",
    "image": "https://www.jumbo.com/dam-images/fit-in/360x360/Products/07072025_1751884911988_1751884919577_708562_POT_08710605021660_C1N1.png",
    "available": true,
    "promoUntil": null
  },
  {
    "id": "644314DS",
    "title": "Honig Basis voor Vermicellisoep 96g",
    "category": "Conserven, soepen, sauzen, oliën",
    "price": 1.99,
    "promoPrice": null,
    "pricePerUnit": "20.73 kg",
    "image": "https://www.jumbo.com/dam-images/fit-in/360x360/Products/27082025_1756260978656_1756260984607_644314_DS_08714700170636_C1N1.png",
    "available": true,
    "promoUntil": null
  },
  {
    "id": "638492PAK",
    "title": "Aneto Bouillon Natural Vegetables 500ml",
    "category": "Conserven, soepen, sauzen, oliën",
    "price": 2.99,
    "promoPrice": null,
    "pricePerUnit": "5.98 l",
    "image": "https://www.jumbo.com/dam-images/fit-in/360x360/Products/08410748301222C1N13cadc807-1179-4326-9145-6061d1290b02-1727430446223.png",
    "available": true,
    "promoUntil": null
  },
  {
    "id": "623767STK",
    "title": "Jumbo Witte Choco Mousse met Chocolade Krullen 2 x 75g",
    "category": "Zuivel, eieren, boter",
    "price": 3.1,
    "promoPrice": null,
    "pricePerUnit": "None None",
    "image": "https://www.jumbo.com/dam-images/fit-in/360x360/Products/623767STK21233ddd85-d173-4fe4-bada-1709567bc80d-1716444385863.png",
    "available": true,
    "promoUntil": null
  },
  {
    "id": "72425PAK",
    "title": "Dr. Oetker Wolken Cake Citroensmaak Bakmix 430 g",
    "category": "Ontbijt, broodbeleg en bakproducten",
    "price": 3.46,
    "promoPrice": null,
    "pricePerUnit": "8.05 kg",
    "image": "https://www.jumbo.com/dam-images/fit-in/360x360/Products/17042025_1744861980708_1744861988597_72425_PAK_08710466261823_C1N1_s04.png",
    "available": true,
    "promoUntil": null
  },
  {
    "id": "418994POT",
    "title": "Jumbo Biologisch Honing Crème 350 g",
    "category": "Koffie en thee",
    "price": 2.84,
    "promoPrice": null,
    "pricePerUnit": "8.11 kg",
    "image": "https://www.jumbo.com/dam-images/fit-in/360x360/Products/18092023_1695050533176_1695050540116_8718452543632_1.png",
    "available": true,
    "promoUntil": null
  },
  {
    "id": "646897PAK",
    "title": "BioToday Karamel Bar 3 x 40 g",
    "category": "Ontbijt, broodbeleg en bakproducten",
    "price": 3.95,
    "promoPrice": null,
    "pricePerUnit": "32.92 kg",
    "image": "https://www.jumbo.com/dam-images/fit-in/360x360/Products/06022025_1738870393827_1738870401600_8719153035150_1.png",
    "available": true,
    "promoUntil": null
  },
  {
    "id": "607320PAK",
    "title": "Alpro Protein Sojadrink 750ml",
    "category": "Zuivel, eieren, boter",
    "price": 2.09,
    "promoPrice": null,
    "pricePerUnit": "2.79 l",
    "image": "https://www.jumbo.com/dam-images/fit-in/360x360/Products/25032024_1711381696401_1711381706214_5411188139386_1.png",
    "available": true,
    "promoUntil": null
  },
  {
    "id": "677307PAK",
    "title": "Barebells Vegan Caramel Peanut 55g",
    "category": "Ontbijt, broodbeleg en bakproducten",
    "price": 2.96,
    "promoPrice": 2.22,
    "pricePerUnit": "40.36 kg",
    "image": "https://www.jumbo.com/dam-images/fit-in/360x360/Products/04022025_1738658720467_1738658730074_677307_PAK_07340001805512_C1N1.png",
    "available": true,
    "promoUntil": "di 7 okt"
  },
  {
    "id": "548888ZK",
    "title": "John West Tonijn Twist met Ovengedroogde Tomaten en Kruidendressing Familieverpakking 190g",
    "category": "Conserven, soepen, sauzen, oliën",
    "price": 4.84,
    "promoPrice": null,
    "pricePerUnit": "25.47 kg",
    "image": "https://www.jumbo.com/dam-images/fit-in/360x360/Products/16082023_1692148220359_1692148224815_548888_ZK_05000171061324_C1N1.png",
    "available": true,
    "promoUntil": null
  },
  {
    "id": "485494FLS",
    "title": "Calvé Dressing Knoflooksaus 250 ml",
    "category": "Conserven, soepen, sauzen, oliën",
    "price": 2.89,
    "promoPrice": null,
    "pricePerUnit": "11.56 l",
    "image": "https://www.jumbo.com/dam-images/fit-in/360x360/Products/12082025_1754987602132_1754987606748_8720182255563_1.png",
    "available": true,
    "promoUntil": null
  },
  {
    "id": "583896STK",
    "title": "Chocomel Vol 4 x 1L",
    "category": "Zuivel, eieren, boter",
    "price": 10.6,
    "promoPrice": null,
    "pricePerUnit": "None None",
    "image": "https://www.jumbo.com/dam-images/fit-in/360x360/Products/583896_20219475_1_1_583896STK1bbf48f03-a5d7-455f-9d89-5f6b8cf093a81692019626027.png",
    "available": true,
    "promoUntil": null
  },
  {
    "id": "586328ZK",
    "title": "Frisia Mini Marshmallows 100 g",
    "category": "Ontbijt, broodbeleg en bakproducten",
    "price": 2.49,
    "promoPrice": null,
    "pricePerUnit": "24.9 kg",
    "image": "https://www.jumbo.com/dam-images/fit-in/360x360/Products/08052024_1715134859574_1715134892109_586328_ZK_08710497963178_C1N1.png",
    "available": true,
    "promoUntil": null
  },
  {
    "id": "446446DS",
    "title": "Jumbo Crunchy Unicorn Mix 200 g",
    "category": "Ontbijt, broodbeleg en bakproducten",
    "price": 2.19,
    "promoPrice": null,
    "pricePerUnit": "10.95 kg",
    "image": "https://www.jumbo.com/dam-images/fit-in/360x360/Products/446446_8718452577323_1_T1_446446DS1691185384875.png",
    "available": true,
    "promoUntil": null
  },
  {
    "id": "679779ZK",
    "title": "Jumbo Rijk Gevulde Tomatensoep 300ML",
    "category": "Conserven, soepen, sauzen, oliën",
    "price": 1.89,
    "promoPrice": null,
    "pricePerUnit": "6.3 l",
    "image": "https://www.jumbo.com/dam-images/fit-in/360x360/Products/25042025_1745584348800_1745584367175_8718452873364_596.png",
    "available": true,
    "promoUntil": null
  },
  {
    "id": "418598FLS",
    "title": "Jumbo Rode Wijnazijn 250 ml",
    "category": "Conserven, soepen, sauzen, oliën",
    "price": 1.39,
    "promoPrice": null,
    "pricePerUnit": "5.56 l",
    "image": "https://www.jumbo.com/dam-images/fit-in/360x360/Products/09082023_1691588269590_1691588342204_8718452544844_1.png",
    "available": true,
    "promoUntil": null
  },
  {
    "id": "391122TRL",
    "title": "Alpro Plantaardige Variatie Op Kwark Zonder Suikers 6 x 400g",
    "category": "Zuivel, eieren, boter",
    "price": 14.94,
    "promoPrice": null,
    "pricePerUnit": "6.23 kg",
    "image": "https://www.jumbo.com/dam-images/fit-in/360x360/Products/391122TRL6packAlproPlantaardigeVariatieOpKwarkZonderSuikers67c7b592-47f7-4fd3-a62d-70b8769c5be0-1705304691051.png",
    "available": true,
    "promoUntil": null
  },
  {
    "id": "513016POT",
    "title": "Hero Fruitspread Zwarte Kersen 350g",
    "category": "Ontbijt, broodbeleg en bakproducten",
    "price": 3.29,
    "promoPrice": null,
    "pricePerUnit": "9.4 kg",
    "image": "https://www.jumbo.com/dam-images/fit-in/360x360/Products/17102024_1729128845596_1729128850576_513016_POT_08713500012948_C1N1.png",
    "available": true,
    "promoUntil": null
  },
  {
    "id": "638550POT",
    "title": "Jumbo Mayonaise met Fijne Kruiden 180 g",
    "category": "Conserven, soepen, sauzen, oliën",
    "price": 1.39,
    "promoPrice": null,
    "pricePerUnit": "7.72 kg",
    "image": "https://www.jumbo.com/dam-images/fit-in/360x360/Products/16072024_1721094149290_1721094164090_638550_POT_08718452839216_C1N1.png",
    "available": true,
    "promoUntil": null
  },
  {
    "id": "584682DS",
    "title": "Jordans Ultimate Honey Granola 325 g",
    "category": "Ontbijt, broodbeleg en bakproducten",
    "price": 3.95,
    "promoPrice": null,
    "pricePerUnit": "12.15 kg",
    "image": "https://www.jumbo.com/dam-images/fit-in/360x360/Products/14022024_1707873256469_1707873262576_5010477364715_1.png",
    "available": true,
    "promoUntil": null
  },
  {
    "id": "623925DS",
    "title": "Jumbo Karamel Choco Smaak Rice Crisp 350 g",
    "category": "Ontbijt, broodbeleg en bakproducten",
    "price": 1.99,
    "promoPrice": null,
    "pricePerUnit": "5.69 kg",
    "image": "https://www.jumbo.com/dam-images/fit-in/360x360/Products/14062024_1718364826057_1718364844579_8718452818419_596.png",
    "available": true,
    "promoUntil": null
  },
  {
    "id": "678379BLS",
    "title": "HEMA Taartkaarsjes Cijfer 3",
    "category": "Ontbijt, broodbeleg en bakproducten",
    "price": 0.99,
    "promoPrice": null,
    "pricePerUnit": "0.99 pieces",
    "image": "https://www.jumbo.com/dam-images/fit-in/360x360/Products/06022025_1738858893912_1738858896122_678379_BLS_08720354509005_C1N1.png",
    "available": true,
    "promoUntil": null
  },
  {
    "id": "420827FLS",
    "title": "Calvé Knijpfles Belgische Mayonaise 430 ml",
    "category": "Conserven, soepen, sauzen, oliën",
    "price": 3.59,
    "promoPrice": 2.69,
    "pricePerUnit": "6.26 l",
    "image": "https://www.jumbo.com/dam-images/fit-in/360x360/Products/30072025_1753889671563_1753889677097_8710522652121_1.png",
    "available": true,
    "promoUntil": "di 30 sep"
  },
  {
    "id": "385894BKR",
    "title": "Jumbo Pepersaus 240 ML",
    "category": "Conserven, soepen, sauzen, oliën",
    "price": 2.79,
    "promoPrice": null,
    "pricePerUnit": "11.63 l",
    "image": "https://www.jumbo.com/dam-images/fit-in/360x360/Products/09082023_1691591084674_1691591129475_8718452485529_1.png",
    "available": true,
    "promoUntil": null
  },
  {
    "id": "672951FLS",
    "title": "Jean Bâton Dressing Honey Mustard 150 ml",
    "category": "Conserven, soepen, sauzen, oliën",
    "price": 2.37,
    "promoPrice": null,
    "pricePerUnit": "15.8 l",
    "image": "https://www.jumbo.com/dam-images/fit-in/360x360/Products/25072025_1753411243625_1753411263539_672951_FLS_08720791223373_C1N1.png",
    "available": true,
    "promoUntil": null
  },
  {
    "id": "446447DS",
    "title": "Jumbo Crunchy Duo Mix 200 g",
    "category": "Ontbijt, broodbeleg en bakproducten",
    "price": 2.33,
    "promoPrice": null,
    "pricePerUnit": "11.65 kg",
    "image": "https://www.jumbo.com/dam-images/fit-in/360x360/Products/09082023_1691588747809_1691588755552_8718452577316_1.png",
    "available": true,
    "promoUntil": null
  },
  {
    "id": "300466DS",
    "title": "Jumbo Meergranenbiscuits Krenten-Rozijnen 6 x 2 Stuks",
    "category": "Koek, snoep, chocolade en chips",
    "price": 1.28,
    "promoPrice": null,
    "pricePerUnit": "5.69 kg",
    "image": "https://www.jumbo.com/dam-images/fit-in/360x360/Products/18092023_1695038537457_1695038543716_8718452402472_1.png",
    "available": true,
    "promoUntil": null
  },
  {
    "id": "154916STK",
    "title": "Jumbo Mix voor Botercrème 105 g",
    "category": "Ontbijt, broodbeleg en bakproducten",
    "price": 1.99,
    "promoPrice": null,
    "pricePerUnit": "18.95 kg",
    "image": "https://www.jumbo.com/dam-images/fit-in/360x360/Products/23072024_1721738117419_1721738133181_8718452673858_596.png",
    "available": true,
    "promoUntil": null
  },
  {
    "id": "677289ZK",
    "title": "Jumbo Romige Bospaddenstoelensoep 570ML",
    "category": "Conserven, soepen, sauzen, oliën",
    "price": 2.79,
    "promoPrice": null,
    "pricePerUnit": "4.89 l",
    "image": "https://www.jumbo.com/dam-images/fit-in/360x360/Products/25042025_1745584348228_1745584366036_8718452872947_596.png",
    "available": true,
    "promoUntil": null
  },
  {
    "id": "660018FLS",
    "title": "Jumbo Avocado Olie 250ML",
    "category": "Conserven, soepen, sauzen, oliën",
    "price": 3.71,
    "promoPrice": null,
    "pricePerUnit": "14.84 l",
    "image": "https://www.jumbo.com/dam-images/fit-in/360x360/Products/06012025_1736181228352_1736181232243_8718452873838_1.png",
    "available": true,
    "promoUntil": null
  },
  {
    "id": "213317STK",
    "title": "Koopmans Speculaascake Bakmix 400 g",
    "category": "Ontbijt, broodbeleg en bakproducten",
    "price": 2.09,
    "promoPrice": null,
    "pricePerUnit": "5.23 kg",
    "image": "https://www.jumbo.com/dam-images/fit-in/360x360/Products/17042025_1744861489797_1744861501818_213317_STK_08710466288820_C1N1_s03.png",
    "available": true,
    "promoUntil": null
  },
  {
    "id": "618785DS",
    "title": "Jumbo Mix voor Speculaas 400 g",
    "category": "Ontbijt, broodbeleg en bakproducten",
    "price": 1.79,
    "promoPrice": null,
    "pricePerUnit": "4.48 kg",
    "image": "https://www.jumbo.com/dam-images/fit-in/360x360/Products/23072024_1721738118231_1721738138594_8718452836147_596.png",
    "available": true,
    "promoUntil": null
  },
  {
    "id": "600160STK",
    "title": "Jumbo Energy Gel Citroen Smaak 45 g",
    "category": "Ontbijt, broodbeleg en bakproducten",
    "price": 1.53,
    "promoPrice": null,
    "pricePerUnit": "34.0 kg",
    "image": "https://www.jumbo.com/dam-images/fit-in/360x360/Products/14042025_1744644769422_1744644772907_8718452624959_1.png",
    "available": true,
    "promoUntil": null
  },
  {
    "id": "565871STK",
    "title": "Campina Slagroomvla & Campina Vla Banaan",
    "category": "Zuivel, eieren, boter",
    "price": 5.08,
    "promoPrice": null,
    "pricePerUnit": "None None",
    "image": "https://www.jumbo.com/dam-images/fit-in/360x360/Products/565871_20222451_1_T1_565871STK1691078712554.png",
    "available": true,
    "promoUntil": null
  },
  {
    "id": "673198FLS",
    "title": "Jean Bâton Dressing Creamy Caesar 150 ml",
    "category": "Conserven, soepen, sauzen, oliën",
    "price": 2.39,
    "promoPrice": null,
    "pricePerUnit": "15.93 l",
    "image": "https://www.jumbo.com/dam-images/fit-in/360x360/Products/25072025_1753413825567_1753413846107_673198_FLS_08720791224318_C1N1.png",
    "available": true,
    "promoUntil": null
  },
  {
    "id": "177068STK",
    "title": "Jumbo Champignonsaus 38,5 g",
    "category": "Conserven, soepen, sauzen, oliën",
    "price": 0.5,
    "promoPrice": null,
    "pricePerUnit": "12.5 kg",
    "image": "https://www.jumbo.com/dam-images/fit-in/360x360/Products/04072025_1751617974236_1751617983698_8718452183289_1.png",
    "available": true,
    "promoUntil": null
  },
  {
    "id": "633650POT",
    "title": "Jumbo Feest Sprinkels 65 g",
    "category": "Ontbijt, broodbeleg en bakproducten",
    "price": 1.99,
    "promoPrice": null,
    "pricePerUnit": "30.62 kg",
    "image": "https://www.jumbo.com/dam-images/fit-in/360x360/Products/25092024_1727278476387_1727278482077_8718452843732_1.png",
    "available": true,
    "promoUntil": null
  },
  {
    "id": "580804FLS",
    "title": "Heinz Tomato Ketchup 50% Minder Suikers en \nZout 220 ml",
    "category": "Conserven, soepen, sauzen, oliën",
    "price": 2.49,
    "promoPrice": null,
    "pricePerUnit": "11.32 l",
    "image": "https://www.jumbo.com/dam-images/fit-in/360x360/Products/18072025_1752802737442_1752802739948_580804_FLS_08715700124797_C1N1.png",
    "available": true,
    "promoUntil": null
  },
  {
    "id": "623929POT",
    "title": "BioToday Erythritol 300 g",
    "category": "Ontbijt, broodbeleg en bakproducten",
    "price": 6.09,
    "promoPrice": null,
    "pricePerUnit": "20.3 kg",
    "image": "https://www.jumbo.com/dam-images/fit-in/360x360/Products/09092025_1757406804915_1757406809280_8719153038793_1.png",
    "available": true,
    "promoUntil": null
  },
  {
    "id": "677595ZK",
    "title": "Jumbo Biologisch Erwtensoep met Knolselderij & Wortel 570ML",
    "category": "Conserven, soepen, sauzen, oliën",
    "price": 2.99,
    "promoPrice": null,
    "pricePerUnit": "5.25 l",
    "image": "https://www.jumbo.com/dam-images/fit-in/360x360/Products/27022025_1740670388784_1740670411984_8718452873883_596.png",
    "available": true,
    "promoUntil": null
  },
  {
    "id": "586387POT",
    "title": "D&L Mayonaise met Citroen 300ml",
    "category": "Conserven, soepen, sauzen, oliën",
    "price": 2.81,
    "promoPrice": null,
    "pricePerUnit": "9.37 l",
    "image": "https://www.jumbo.com/dam-images/fit-in/360x360/Products/30082023_1693403044673_1693403047394_586387_POT_05410056181168_C1N1.png",
    "available": true,
    "promoUntil": null
  },
  {
    "id": "417473TUB",
    "title": "Jean Bâton Mayonnaise Black Truffle 170 ml",
    "category": "Conserven, soepen, sauzen, oliën",
    "price": 3.39,
    "promoPrice": null,
    "pricePerUnit": "19.94 l",
    "image": "https://www.jumbo.com/dam-images/fit-in/360x360/Products/25072025_1753410887628_1753410898662_417473_TUB_08718403014679_C1N1.png",
    "available": true,
    "promoUntil": null
  },
  {
    "id": "660871ZK",
    "title": "Jumbo Crackers High Protein met Pompoenpitten en Zonnebloempitten 8 Stuks",
    "category": "Ontbijt, broodbeleg en bakproducten",
    "price": 2.29,
    "promoPrice": null,
    "pricePerUnit": "14.31 kg",
    "image": "https://www.jumbo.com/dam-images/fit-in/360x360/Products/06012025_1736181228459_1736181234918_8718452816170_1.png",
    "available": true,
    "promoUntil": null
  },
  {
    "id": "681345ZK",
    "title": "Jumbo Lekker Vrij van Gluten Cakemix 450 g",
    "category": "Ontbijt, broodbeleg en bakproducten",
    "price": 2.96,
    "promoPrice": null,
    "pricePerUnit": "6.58 kg",
    "image": "https://www.jumbo.com/dam-images/fit-in/360x360/Products/06032025_1741267947987_1741267955780_8718452849031_1.png",
    "available": true,
    "promoUntil": null
  },
  {
    "id": "674160ZK",
    "title": "Jumbo Pitten Mix Zonnebloempit & Pompoenpit 235 g",
    "category": "Ontbijt, broodbeleg en bakproducten",
    "price": 3.29,
    "promoPrice": null,
    "pricePerUnit": "14.0 kg",
    "image": "https://www.jumbo.com/dam-images/fit-in/360x360/Products/10042025_1744288406775_1744288412301_8718452870691_1.png",
    "available": true,
    "promoUntil": null
  },
  {
    "id": "593262ZK",
    "title": "Chan's Gele Spliterwten 1000 g",
    "category": "Conserven, soepen, sauzen, oliën",
    "price": 1.99,
    "promoPrice": null,
    "pricePerUnit": "1.99 kg",
    "image": "https://www.jumbo.com/dam-images/fit-in/360x360/Products/12122024_1734014381380_1734014386215_8713344002075_1.png",
    "available": true,
    "promoUntil": null
  },
  {
    "id": "514887DS",
    "title": "Dr. Oetker Kookpudding Vanille 77,5 g",
    "category": "Ontbijt, broodbeleg en bakproducten",
    "price": 0.98,
    "promoPrice": null,
    "pricePerUnit": "12.56 kg",
    "image": "https://www.jumbo.com/dam-images/fit-in/360x360/Products/09042025_1744160927140_1744160934132_514887_DS_08710466245427_C1N1_s01.png",
    "available": true,
    "promoUntil": null
  },
  {
    "id": "689447DS",
    "title": "Jordans Pop & Crisp Chocolate 400 g",
    "category": "Ontbijt, broodbeleg en bakproducten",
    "price": 3.99,
    "promoPrice": null,
    "pricePerUnit": "9.98 kg",
    "image": "https://www.jumbo.com/dam-images/fit-in/360x360/Products/23052025_1747985585828_1747985592206_5010477367839_1.png",
    "available": true,
    "promoUntil": null
  },
  {
    "id": "137053STK",
    "title": "Jumbo Knoflook Saus 275 g",
    "category": "Conserven, soepen, sauzen, oliën",
    "price": 2.19,
    "promoPrice": null,
    "pricePerUnit": "8.42 l",
    "image": "https://www.jumbo.com/dam-images/fit-in/360x360/Products/09092025_1757421311695_1757421314745_8718449085213_1.png",
    "available": true,
    "promoUntil": null
  },
  {
    "id": "685677STK",
    "title": "Barú Golden Chai Latte Thee Poeder 250g",
    "category": "Koffie en thee",
    "price": 7.95,
    "promoPrice": 5.96,
    "pricePerUnit": "23.84 kg",
    "image": "https://www.jumbo.com/dam-images/fit-in/360x360/Products/23042025_1745417728474_1745417730553_685677_STK_.png",
    "available": true,
    "promoUntil": "di 7 okt"
  },
  {
    "id": "318539POT",
    "title": "Boerinneke Chocopasta Puur Fondant Suikervrij 400 g",
    "category": "Ontbijt, broodbeleg en bakproducten",
    "price": 6.85,
    "promoPrice": null,
    "pricePerUnit": "17.13 kg",
    "image": "https://www.jumbo.com/dam-images/fit-in/360x360/Products/318539_5411146223188_1_T1_318539POT1691488258594.png",
    "available": true,
    "promoUntil": null
  },
  {
    "id": "206434STK",
    "title": "Dr. Oetker Chocolate Chips Cupcake Taart Decoratie 100 g",
    "category": "Ontbijt, broodbeleg en bakproducten",
    "price": 2.66,
    "promoPrice": null,
    "pricePerUnit": "26.6 kg",
    "image": "https://www.jumbo.com/dam-images/fit-in/360x360/Products/17042025_1744855004682_1744855010309_206434_STK_08710466285928_C1N1_s01.png",
    "available": true,
    "promoUntil": null
  },
  {
    "id": "678393BLS",
    "title": "HEMA Taartkaarsjes Cijfer 4",
    "category": "Ontbijt, broodbeleg en bakproducten",
    "price": 0.99,
    "promoPrice": null,
    "pricePerUnit": "0.99 pieces",
    "image": "https://www.jumbo.com/dam-images/fit-in/360x360/Products/06022025_1738859086905_1738859089261_678393_BLS_08720354509029_C1N1.png",
    "available": true,
    "promoUntil": null
  },
  {
    "id": "430163ZK",
    "title": "Jumbo 3 Kleuren Soepbolletjes 125 g",
    "category": "Conserven, soepen, sauzen, oliën",
    "price": 0.99,
    "promoPrice": null,
    "pricePerUnit": "7.92 kg",
    "image": "https://www.jumbo.com/dam-images/fit-in/360x360/Products/09082023_1691591113897_1691591138343_8718452558612_1.png",
    "available": true,
    "promoUntil": null
  },
  {
    "id": "66708PAK",
    "title": "Dr. Oetker Decoratiebloemetjes Cupcake Taart versiering 3 g",
    "category": "Ontbijt, broodbeleg en bakproducten",
    "price": 3.09,
    "promoPrice": null,
    "pricePerUnit": "1030.0 kg",
    "image": "https://www.jumbo.com/dam-images/fit-in/360x360/Products/17042025_1744859917668_1744859922629_66708_PAK_08710466260024_C1N1_s01.png",
    "available": true,
    "promoUntil": null
  },
  {
    "id": "142133BLK",
    "title": "Hak Taart & Vlaaifruit Bosvruchten 430 g",
    "category": "Ontbijt, broodbeleg en bakproducten",
    "price": 2.99,
    "promoPrice": null,
    "pricePerUnit": "6.95 kg",
    "image": "https://www.jumbo.com/dam-images/fit-in/360x360/Products/10082023_1691678323999_1691678335533_8720600612206_1.png",
    "available": true,
    "promoUntil": null
  },
  {
    "id": "361470POT",
    "title": "Hak Rode Kool met Stukjes Peer 355 g",
    "category": "Conserven, soepen, sauzen, oliën",
    "price": 1.99,
    "promoPrice": null,
    "pricePerUnit": "5.61 kg",
    "image": "https://www.jumbo.com/dam-images/fit-in/360x360/Products/06022025_1738809684076_1738809691065_361470_POT_08720600619809_H1N1.png",
    "available": true,
    "promoUntil": null
  },
  {
    "id": "536816PAK",
    "title": "Jumbo Kruidenthee Venkel 15 Stuks",
    "category": "Koffie en thee",
    "price": 0.79,
    "promoPrice": null,
    "pricePerUnit": "0.05 pieces",
    "image": "https://www.jumbo.com/dam-images/fit-in/360x360/Products/10082023_1691678465002_1691678476608_8718452673094_1.png",
    "available": true,
    "promoUntil": null
  },
  {
    "id": "583143ZK",
    "title": "Cornelissen Coffeeroasters Sweet & Rich Ethiopian Medium Roast Filter Koffie 250 g",
    "category": "Koffie en thee",
    "price": 6.69,
    "promoPrice": null,
    "pricePerUnit": "26.76 kg",
    "image": "https://www.jumbo.com/dam-images/fit-in/360x360/Products/11122023_1702312383552_1702312389743_8721008207124_1.png",
    "available": true,
    "promoUntil": null
  },
  {
    "id": "25674FLS",
    "title": "Go-Tan Tropical Chilli Sauce Mango-Ananas 500 ml",
    "category": "Conserven, soepen, sauzen, oliën",
    "price": 3.39,
    "promoPrice": null,
    "pricePerUnit": "6.78 l",
    "image": "https://www.jumbo.com/dam-images/fit-in/360x360/Products/09082023_1691587011967_1691587015715_8710605020977_1.png",
    "available": true,
    "promoUntil": null
  },
  {
    "id": "709248BLK",
    "title": "John West Sardines Tomaat 120 g",
    "category": "Conserven, soepen, sauzen, oliën",
    "price": 2.17,
    "promoPrice": null,
    "pricePerUnit": "18.08 kg",
    "image": "https://www.jumbo.com/dam-images/fit-in/360x360/Products/10072025_1752140478515_1752140487143_709248_BLK_05000171010209_C1N1.png",
    "available": true,
    "promoUntil": null
  },
  {
    "id": "769169BLK",
    "title": "Bonduelle Worteltjes extra fijn 155g",
    "category": "Conserven, soepen, sauzen, oliën",
    "price": 1.25,
    "promoPrice": null,
    "pricePerUnit": "9.62 kg",
    "image": "https://www.jumbo.com/dam-images/fit-in/360x360/Products/27022024_1709004166268_1709004176801_769169_BLK_03083681012507_H1N1.png",
    "available": true,
    "promoUntil": null
  },
  {
    "id": "637901FLS",
    "title": "Jean Bâton Spicy Sriracha Mayonnaise 250 ml",
    "category": "Conserven, soepen, sauzen, oliën",
    "price": 2.99,
    "promoPrice": null,
    "pricePerUnit": "11.96 l",
    "image": "https://www.jumbo.com/dam-images/fit-in/360x360/Products/22072025_1753152289503_1753152298560_637901_FLS_08720791223595_C1N1.png",
    "available": true,
    "promoUntil": null
  },
  {
    "id": "648621BLK",
    "title": "John West Ansjovis in Olie 45g",
    "category": "Conserven, soepen, sauzen, oliën",
    "price": 2.76,
    "promoPrice": null,
    "pricePerUnit": "120.0 kg",
    "image": "https://www.jumbo.com/dam-images/fit-in/360x360/Products/02092024_1725271945778_1725271952891_648621_BLK_05000171062123_C1N1.png",
    "available": true,
    "promoUntil": null
  },
  {
    "id": "648589DS",
    "title": "John West Protein Bowl Tonijn Quinoa MSC 220 g",
    "category": "Conserven, soepen, sauzen, oliën",
    "price": 3.95,
    "promoPrice": null,
    "pricePerUnit": "17.95 kg",
    "image": "https://www.jumbo.com/dam-images/fit-in/360x360/Products/02092024_1725271797792_1725271829279_648589_DS_05000171061997_C1N1.png",
    "available": true,
    "promoUntil": null
  },
  {
    "id": "203672BLK",
    "title": "Jumbo Halve Peren op Lichte Siroop 420 g",
    "category": "Conserven, soepen, sauzen, oliën",
    "price": 1.39,
    "promoPrice": null,
    "pricePerUnit": "6.04 kg",
    "image": "https://www.jumbo.com/dam-images/fit-in/360x360/Products/29092023_1695995636798_1695995642888_8718452650071_1.png",
    "available": true,
    "promoUntil": null
  },
  {
    "id": "384056CUP",
    "title": "Jumbo Nougatine Nootjes 125 g",
    "category": "Ontbijt, broodbeleg en bakproducten",
    "price": 1.75,
    "promoPrice": null,
    "pricePerUnit": "14.0 kg",
    "image": "https://www.jumbo.com/dam-images/fit-in/360x360/Products/27082024_1724769269623_1724769278374_8718452831661_1.png",
    "available": true,
    "promoUntil": null
  },
  {
    "id": "523456BLK",
    "title": "Jumbo Tonijnstukken met Groenten in Pikante Tomatensaus 150 g",
    "category": "Conserven, soepen, sauzen, oliën",
    "price": 2.49,
    "promoPrice": null,
    "pricePerUnit": "16.6 kg",
    "image": "https://www.jumbo.com/dam-images/fit-in/360x360/Products/14022024_1707873795731_1707873802235_8718452541393_1.png",
    "available": true,
    "promoUntil": null
  },
  {
    "id": "408581POT",
    "title": "Bonne Maman Rode Vruchten 335 g",
    "category": "Ontbijt, broodbeleg en bakproducten",
    "price": 3.95,
    "promoPrice": null,
    "pricePerUnit": "11.79 kg",
    "image": "https://www.jumbo.com/dam-images/fit-in/360x360/Products/10082023_1691678360163_1691678370137_3608580861621_1.png",
    "available": true,
    "promoUntil": null
  },
  {
    "id": "704036STK",
    "title": "Jumbo Biologisch Crème Fraîche 125 g",
    "category": "Zuivel, eieren, boter",
    "price": 1.65,
    "promoPrice": null,
    "pricePerUnit": "13.2 kg",
    "image": "https://www.jumbo.com/dam-images/fit-in/360x360/Products/08072025_1751985169068_1751985182930_8718452909261_596.png",
    "available": true,
    "promoUntil": null
  },
  {
    "id": "359255STK",
    "title": "Jumbo Rolfondant Roze 250 g",
    "category": "Ontbijt, broodbeleg en bakproducten",
    "price": 2.3,
    "promoPrice": null,
    "pricePerUnit": "9.2 kg",
    "image": "https://www.jumbo.com/dam-images/fit-in/360x360/Products/09082023_1691586739348_1691586774504_8718452443031_1.png",
    "available": true,
    "promoUntil": null
  },
  {
    "id": "529186DS",
    "title": "De Ruijter Bosvruchtenhagel 300 g",
    "category": "Ontbijt, broodbeleg en bakproducten",
    "price": 2.36,
    "promoPrice": null,
    "pricePerUnit": "7.87 kg",
    "image": "https://www.jumbo.com/dam-images/fit-in/360x360/Products/09072025_1752026523713_1752026529039_529186_DS_08710496978609_H1N1.png",
    "available": true,
    "promoUntil": null
  },
  {
    "id": "302320POT",
    "title": "Dr. Oetker Disco Mix Taart Versiering 65g",
    "category": "Ontbijt, broodbeleg en bakproducten",
    "price": 1.59,
    "promoPrice": null,
    "pricePerUnit": "24.46 kg",
    "image": "https://www.jumbo.com/dam-images/fit-in/360x360/Products/17042025_1744858170674_1744858175483_302320_POT_08710466282927_C1N1_s01.png",
    "available": true,
    "promoUntil": null
  },
  {
    "id": "177066STK",
    "title": "Jumbo Jachtsaus 22,3 g",
    "category": "Conserven, soepen, sauzen, oliën",
    "price": 0.69,
    "promoPrice": null,
    "pricePerUnit": "30.94 kg",
    "image": "https://www.jumbo.com/dam-images/fit-in/360x360/Products/04072025_1751617974116_1751617983810_8718452183296_1.png",
    "available": true,
    "promoUntil": null
  },
  {
    "id": "577070BLK",
    "title": "Argeta Kip Spread Rundsalami 95 g",
    "category": "Conserven, soepen, sauzen, oliën",
    "price": 1.77,
    "promoPrice": null,
    "pricePerUnit": "18.63 kg",
    "image": "https://www.jumbo.com/dam-images/fit-in/360x360/Products/14022024_1707873372947_1707873377903_3838471045902_1.png",
    "available": true,
    "promoUntil": null
  },
  {
    "id": "633654DS",
    "title": "Jumbo Versierders Taarttopper Regenboog 60 g",
    "category": "Ontbijt, broodbeleg en bakproducten",
    "price": 3.99,
    "promoPrice": null,
    "pricePerUnit": "66.5 kg",
    "image": "https://www.jumbo.com/dam-images/fit-in/360x360/Products/25092024_1727278476405_1727278482659_8718452843688_1.png",
    "available": true,
    "promoUntil": null
  },
  {
    "id": "171780PAK",
    "title": "Alpro Plantaardige Variatie Op Slagroom Op Te Kloppen 250ml",
    "category": "Zuivel, eieren, boter",
    "price": 2.29,
    "promoPrice": null,
    "pricePerUnit": "9.16 l",
    "image": "https://www.jumbo.com/dam-images/fit-in/360x360/Products/28102024_1730144046079_1730144051143_5411188121435_1.png",
    "available": true,
    "promoUntil": null
  },
  {
    "id": "406201BLK",
    "title": "Argeta Kip Pikant Spread 95 g",
    "category": "Conserven, soepen, sauzen, oliën",
    "price": 1.77,
    "promoPrice": null,
    "pricePerUnit": "18.63 kg",
    "image": "https://www.jumbo.com/dam-images/fit-in/360x360/Products/20122023_1703062951147_1703062961973_406201_BLK_03838471007504_C1N1.png",
    "available": true,
    "promoUntil": null
  },
  {
    "id": "686244POT",
    "title": "Hellmann's Vegan Mayonaise 340ML",
    "category": "Conserven, soepen, sauzen, oliën",
    "price": 3.19,
    "promoPrice": 2.39,
    "pricePerUnit": "7.03 l",
    "image": "https://www.jumbo.com/dam-images/fit-in/360x360/Products/29032025_1743215554038_1743215570367_686244_POT_08721201922404_H1N1.png",
    "available": true,
    "promoUntil": "di 30 sep"
  },
  {
    "id": "703334FLS",
    "title": "Heinz Tomato Ketchup Pickle Flavour 400 ml",
    "category": "Conserven, soepen, sauzen, oliën",
    "price": 3.19,
    "promoPrice": null,
    "pricePerUnit": "7.01 kg",
    "image": "https://www.jumbo.com/dam-images/fit-in/360x360/Products/27082025_1756260578208_1756260582605_703334_FLS_08715700128665_C1N1.png",
    "available": true,
    "promoUntil": null
  },
  {
    "id": "692594PAK",
    "title": "Jumbo Biologische Zwarte Bonen 405 g",
    "category": "Conserven, soepen, sauzen, oliën",
    "price": 1.29,
    "promoPrice": null,
    "pricePerUnit": "3.31 l",
    "image": "https://www.jumbo.com/dam-images/fit-in/360x360/Products/03062025_1748943149381_1748943165098_8718452878055_596.png",
    "available": true,
    "promoUntil": null
  },
  {
    "id": "710003BKR",
    "title": "Jumbo Direct van de Boerderij Soja Vanillesmaak Plantaardig Alternatief 400 g",
    "category": "Zuivel, eieren, boter",
    "price": 1.99,
    "promoPrice": null,
    "pricePerUnit": "4.98 kg",
    "image": "https://www.jumbo.com/dam-images/fit-in/360x360/Products/17032025_1742229209038_1742229226145_8718452868971_1.png",
    "available": true,
    "promoUntil": null
  },
  {
    "id": "485498FLS",
    "title": "Calvé Knijpfles BBQ Saus 250 ml",
    "category": "Conserven, soepen, sauzen, oliën",
    "price": 2.09,
    "promoPrice": null,
    "pricePerUnit": "8.36 l",
    "image": "https://www.jumbo.com/dam-images/fit-in/360x360/Products/12082025_1754987602246_1754987607760_8720182286864_1.png",
    "available": true,
    "promoUntil": null
  },
  {
    "id": "634949DS",
    "title": "Clipper Arabian Nights Organic Infusion ",
    "category": "Koffie en thee",
    "price": 3.69,
    "promoPrice": null,
    "pricePerUnit": "0.18 pieces",
    "image": "https://www.jumbo.com/dam-images/fit-in/360x360/Products/22032025_1742611119817_1742611122024_634949_DS_05021991945489_C1N1.png",
    "available": true,
    "promoUntil": null
  },
  {
    "id": "305995DS",
    "title": "Jumbo Kruidenthee Bedtijd 15 Stuks",
    "category": "Koffie en thee",
    "price": 0.99,
    "promoPrice": null,
    "pricePerUnit": "0.07 pieces",
    "image": "https://www.jumbo.com/dam-images/fit-in/360x360/Products/18092023_1695038164401_1695038176899_8718452405718_1.png",
    "available": true,
    "promoUntil": null
  },
  {
    "id": "667445CUP",
    "title": "Jumbo Shoarmasaus 150 g",
    "category": "Conserven, soepen, sauzen, oliën",
    "price": 1.0,
    "promoPrice": null,
    "pricePerUnit": "6.67 kg",
    "image": "https://www.jumbo.com/dam-images/fit-in/360x360/Products/06022025_1738827144858_1738827150181_8718452885886_1.png",
    "available": true,
    "promoUntil": null
  },
  {
    "id": "378522STK",
    "title": "Brinkers So Vegan So Fine Witte Kokospasta 270 g",
    "category": "Ontbijt, broodbeleg en bakproducten",
    "price": 3.95,
    "promoPrice": null,
    "pricePerUnit": "14.63 kg",
    "image": "https://www.jumbo.com/dam-images/fit-in/360x360/Products/09082023_1691588219498_1691588230685_8710573526709_1.png",
    "available": true,
    "promoUntil": null
  },
  {
    "id": "717429STK",
    "title": "Campina High Protein Greek Yoghurt 1,5% Fat 2 x 1 kg",
    "category": "Zuivel, eieren, boter",
    "price": 7.38,
    "promoPrice": 6.64,
    "pricePerUnit": "None None",
    "image": "https://www.jumbo.com/dam-images/fit-in/360x360/Products/717429STK5ee7fb57-593f-4a48-a13a-2ac1cee20790-1756979930023.png",
    "available": true,
    "promoUntil": "di 7 okt"
  },
  {
    "id": "609525DS",
    "title": "Clipper Ginger Matcha & Turmeric Organic Green Tea 20 Zakjes 36 g",
    "category": "Koffie en thee",
    "price": 3.69,
    "promoPrice": null,
    "pricePerUnit": "0.18 pieces",
    "image": "https://www.jumbo.com/dam-images/fit-in/360x360/Products/30072025_1753868016625_1753868021206_5021991942112_1.png",
    "available": true,
    "promoUntil": null
  },
  {
    "id": "709886DS",
    "title": "Jumbo Choco Kussentjes 500 g ",
    "category": "Ontbijt, broodbeleg en bakproducten",
    "price": 2.52,
    "promoPrice": null,
    "pricePerUnit": "5.04 kg",
    "image": "https://www.jumbo.com/dam-images/fit-in/360x360/Products/31072025_1753968813150_1753968827895_8718452927388_596.png",
    "available": true,
    "promoUntil": null
  },
  {
    "id": "290159DS",
    "title": "Dr. Oetker American Pancakes Origineel Pannenkoekenmix 300g",
    "category": "Wereldkeukens, kruiden, pasta en rijst",
    "price": 2.27,
    "promoPrice": null,
    "pricePerUnit": "7.57 kg",
    "image": "https://www.jumbo.com/dam-images/fit-in/360x360/Products/09042025_1744170727408_1744170735083_290159_DS_08710466294029_C1N1_s03.png",
    "available": true,
    "promoUntil": null
  },
  {
    "id": "600142PAK",
    "title": "Boon Linzen 190 g",
    "category": "Conserven, soepen, sauzen, oliën",
    "price": 0.99,
    "promoPrice": null,
    "pricePerUnit": "5.21 kg",
    "image": "https://www.jumbo.com/dam-images/fit-in/360x360/Products/25032024_1711381692184_1711381697397_8710646700159_1.png",
    "available": true,
    "promoUntil": null
  },
  {
    "id": "677592ZK",
    "title": "Jumbo Biologisch Stevige Linzensoep met Koriander 570ML",
    "category": "Conserven, soepen, sauzen, oliën",
    "price": 2.69,
    "promoPrice": null,
    "pricePerUnit": "4.72 l",
    "image": "https://www.jumbo.com/dam-images/fit-in/360x360/Products/08052025_1746714770943_1746714791103_8718452845729_596.png",
    "available": true,
    "promoUntil": null
  },
  {
    "id": "645809STK",
    "title": "Barú Matcha Latte Poeder 250g",
    "category": "Koffie en thee",
    "price": 7.49,
    "promoPrice": 5.61,
    "pricePerUnit": "29.96 kg",
    "image": "https://www.jumbo.com/dam-images/fit-in/360x360/Products/14082024_1723632642134_1723632643591_645809_STK_.png",
    "available": true,
    "promoUntil": "di 7 okt"
  },
  {
    "id": "692598PAK",
    "title": "Jumbo Biologische Lupine Bonen 200 g",
    "category": "Conserven, soepen, sauzen, oliën",
    "price": 1.09,
    "promoPrice": null,
    "pricePerUnit": "5.45 l",
    "image": "https://www.jumbo.com/dam-images/fit-in/360x360/Products/12052025_1747008016300_1747008036762_8718452878000_596.png",
    "available": true,
    "promoUntil": null
  },
  {
    "id": "347551POT",
    "title": "Calvé De Échte Mayonaise Pot 225 ml",
    "category": "Conserven, soepen, sauzen, oliën",
    "price": 1.99,
    "promoPrice": 1.49,
    "pricePerUnit": "6.62 l",
    "image": "https://www.jumbo.com/dam-images/fit-in/360x360/Products/05062025_1749091223149_1749091252193_347551_POT_08720182765796_H1N1.png",
    "available": true,
    "promoUntil": "di 30 sep"
  },
  {
    "id": "626120PAK",
    "title": "Indomie Noodles Shrimp Flavour 70 g",
    "category": "Conserven, soepen, sauzen, oliën",
    "price": 3.29,
    "promoPrice": null,
    "pricePerUnit": "9.4 kg",
    "image": "https://www.jumbo.com/dam-images/fit-in/360x360/Products/23042024_1713900788768_1713900797276_8994963002176_1.png",
    "available": true,
    "promoUntil": null
  },
  {
    "id": "616753BLK",
    "title": "Iliada Extra Vierge Olijfolie Kalamata 250ml",
    "category": "Conserven, soepen, sauzen, oliën",
    "price": 6.25,
    "promoPrice": null,
    "pricePerUnit": "25.0 l",
    "image": "https://www.jumbo.com/dam-images/fit-in/360x360/Products/05201043004979A1N11364830a4-85ee-4509-9aba-320d23ed52da-1715157177527.png",
    "available": true,
    "promoUntil": null
  },
  {
    "id": "685868CUP",
    "title": "Arla Cultura Aardbei 450 g",
    "category": "Zuivel, eieren, boter",
    "price": 2.69,
    "promoPrice": null,
    "pricePerUnit": "5.98 kg",
    "image": "https://www.jumbo.com/dam-images/fit-in/360x360/Products/11032025_1741699287496_1741699306028_685868_CUP_05711953195938_H1N1.png",
    "available": true,
    "promoUntil": null
  },
  {
    "id": "600133PAK",
    "title": "Boon Bruine Bonen in Stoof 190 g",
    "category": "Conserven, soepen, sauzen, oliën",
    "price": 1.19,
    "promoPrice": null,
    "pricePerUnit": "6.26 kg",
    "image": "https://www.jumbo.com/dam-images/fit-in/360x360/Products/25032024_1711381691943_1711381698120_8710646700272_1.png",
    "available": true,
    "promoUntil": null
  },
  {
    "id": "586179FLS",
    "title": "D&L Classics Scotch Whisky Cocktailsaus 300 ml",
    "category": "Conserven, soepen, sauzen, oliën",
    "price": 3.59,
    "promoPrice": null,
    "pricePerUnit": "11.97 l",
    "image": "https://www.jumbo.com/dam-images/fit-in/360x360/Products/192914TUB111304981-bf5d-45dc-bacd-e2e152678e68-1692350150237.png",
    "available": true,
    "promoUntil": null
  },
  {
    "id": "615407DS",
    "title": "De Ruijter Specials Chocolade Kaneel 200 g",
    "category": "Ontbijt, broodbeleg en bakproducten",
    "price": 3.75,
    "promoPrice": null,
    "pricePerUnit": "18.75 kg",
    "image": "https://www.jumbo.com/dam-images/fit-in/360x360/Products/13082025_1755048996403_1755048999107_615407_DS_08715700126173_C1N1.png",
    "available": true,
    "promoUntil": null
  },
  {
    "id": "615409POT",
    "title": "Hero Jam Minder Zoet Frambozen 325g",
    "category": "Ontbijt, broodbeleg en bakproducten",
    "price": 3.19,
    "promoPrice": null,
    "pricePerUnit": "9.82 kg",
    "image": "https://www.jumbo.com/dam-images/fit-in/360x360/Products/09012025_1736436786881_1736436791542_8713500013471_1.png",
    "available": true,
    "promoUntil": null
  },
  {
    "id": "709270BLK",
    "title": "John West Sardines Olie 120 g",
    "category": "Conserven, soepen, sauzen, oliën",
    "price": 2.17,
    "promoPrice": null,
    "pricePerUnit": "18.08 kg",
    "image": "https://www.jumbo.com/dam-images/fit-in/360x360/Products/10072025_1752140527311_1752140536465_709270_BLK_05000171030696_C1N1.png",
    "available": true,
    "promoUntil": null
  },
  {
    "id": "645302POT",
    "title": "Jumbo Direct van de Boerderij Biologische Volle Yoghurt 500 g",
    "category": "Zuivel, eieren, boter",
    "price": 1.99,
    "promoPrice": null,
    "pricePerUnit": "3.98 l",
    "image": "https://www.jumbo.com/dam-images/fit-in/360x360/Products/25022025_1740474236311_1740474242765_8718452846184_1.png",
    "available": true,
    "promoUntil": null
  },
  {
    "id": "198249FLS",
    "title": "Calvé Saus Schaschlik 250 ml",
    "category": "Conserven, soepen, sauzen, oliën",
    "price": 2.19,
    "promoPrice": null,
    "pricePerUnit": "8.76 l",
    "image": "https://www.jumbo.com/dam-images/fit-in/360x360/Products/30072025_1753889671237_1753889676873_8714100860571_1.png",
    "available": true,
    "promoUntil": null
  },
  {
    "id": "302279POT",
    "title": "Jumbo Tuinbonen 340 g",
    "category": "Conserven, soepen, sauzen, oliën",
    "price": 1.25,
    "promoPrice": null,
    "pricePerUnit": "5.68 kg",
    "image": "https://www.jumbo.com/dam-images/fit-in/360x360/Products/08052024_1715182452951_1715182459277_8718452764662_1.png",
    "available": true,
    "promoUntil": null
  },
  {
    "id": "709909ZK",
    "title": "Eat Real Chilli & Lemon Lentil Chips 95g",
    "category": "Ontbijt, broodbeleg en bakproducten",
    "price": 2.49,
    "promoPrice": null,
    "pricePerUnit": "26.21 kg",
    "image": "https://www.jumbo.com/dam-images/fit-in/360x360/Products/15082025_1755226392886_1755226404507_709909_ZK_05060878780416_C1N1.png",
    "available": true,
    "promoUntil": null
  },
  {
    "id": "10934DS",
    "title": "Douwe Egberts Excellent 100% Arabica Gold 500 g",
    "category": "Koffie en thee",
    "price": 10.99,
    "promoPrice": null,
    "pricePerUnit": "21.98 kg",
    "image": "https://www.jumbo.com/dam-images/fit-in/360x360/Products/03052025_1746234252785_1746234254097_10934_DS_08711000261934_H1N1.png",
    "available": true,
    "promoUntil": null
  },
  {
    "id": "600918DS",
    "title": "Jumbo Biologisch Rooibos Kaneel 20 Stuks 30 g",
    "category": "Koffie en thee",
    "price": 1.79,
    "promoPrice": null,
    "pricePerUnit": "0.09 pieces",
    "image": "https://www.jumbo.com/dam-images/fit-in/360x360/Products/25032024_1711381756253_1711381782547_8718452774982_1.png",
    "available": true,
    "promoUntil": null
  },
  {
    "id": "116033BLK",
    "title": "Bonduelle Chilibonen in Saus 200g",
    "category": "Conserven, soepen, sauzen, oliën",
    "price": 1.79,
    "promoPrice": null,
    "pricePerUnit": "8.95 kg",
    "image": "https://www.jumbo.com/dam-images/fit-in/360x360/Products/22022024_1708571141855_1708571153829_116033_BLK_03083680479264_H1N1.png",
    "available": true,
    "promoUntil": null
  },
  {
    "id": "678402BLS",
    "title": "HEMA Taartkaarsjes Cijfer 5",
    "category": "Ontbijt, broodbeleg en bakproducten",
    "price": 0.99,
    "promoPrice": null,
    "pricePerUnit": "0.99 pieces",
    "image": "https://www.jumbo.com/dam-images/fit-in/360x360/Products/06022025_1738859315282_1738859317275_678402_BLS_08720354509012_C1N1.png",
    "available": true,
    "promoUntil": null
  },
  {
    "id": "648624BLK",
    "title": "John West Protein Tonijnmoot Vleugje Water 120 g",
    "category": "Conserven, soepen, sauzen, oliën",
    "price": 3.26,
    "promoPrice": null,
    "pricePerUnit": "27.17 kg",
    "image": "https://www.jumbo.com/dam-images/fit-in/360x360/Products/02092024_1725272029474_1725272032850_648624_BLK_05000171061898_C1N1.png",
    "available": true,
    "promoUntil": null
  },
  {
    "id": "689625BLK",
    "title": "Fairtrade Original Young Jackfruit in Stukjes 550 g",
    "category": "Conserven, soepen, sauzen, oliën",
    "price": 3.25,
    "promoPrice": null,
    "pricePerUnit": "5.91 kg",
    "image": "https://www.jumbo.com/dam-images/fit-in/360x360/Products/19082025_1755566537193_1755566542459_689625_BLK_08711741356791_C1N1.png",
    "available": true,
    "promoUntil": null
  },
  {
    "id": "213337POT",
    "title": "Geska Zwitserse Strooikaas 90 g",
    "category": "Vleeswaren, kaas en tapas",
    "price": 3.29,
    "promoPrice": null,
    "pricePerUnit": "36.56 kg",
    "image": "https://www.jumbo.com/dam-images/fit-in/360x360/Products/30072024_1722307105432_1722307110394_213337_POT_08716156742054_C1N1.png",
    "available": true,
    "promoUntil": null
  },
  {
    "id": "678537BLS",
    "title": "HEMA Taartkaarsjes Cijfer 7",
    "category": "Ontbijt, broodbeleg en bakproducten",
    "price": 0.99,
    "promoPrice": null,
    "pricePerUnit": "0.99 pieces",
    "image": "https://www.jumbo.com/dam-images/fit-in/360x360/Products/07022025_1738933113315_1738933115728_678537_BLS_08720354509050_C1N1.png",
    "available": true,
    "promoUntil": null
  },
  {
    "id": "174288FLS",
    "title": "Heinz Classic BBQ Saus 400 ml",
    "category": "Conserven, soepen, sauzen, oliën",
    "price": 3.39,
    "promoPrice": null,
    "pricePerUnit": "7.06 kg",
    "image": "https://www.jumbo.com/dam-images/fit-in/360x360/Products/07082025_1754532265500_1754532269114_174288_FLS_00000087157154_H1N1.png",
    "available": true,
    "promoUntil": null
  },
  {
    "id": "632606TUB",
    "title": "Jan XXL Pizzadeeg met Zuurdesem 550 g",
    "category": "Ontbijt, broodbeleg en bakproducten",
    "price": 3.19,
    "promoPrice": null,
    "pricePerUnit": "5.8 kg",
    "image": "https://www.jumbo.com/dam-images/fit-in/360x360/Products/18092025_1758177168639_1758177172623_8712941611994_1.png",
    "available": true,
    "promoUntil": null
  },
  {
    "id": "692597PAK",
    "title": "Jumbo Biologische Zwarte Bonen 205 g",
    "category": "Conserven, soepen, sauzen, oliën",
    "price": 0.89,
    "promoPrice": null,
    "pricePerUnit": "4.45 l",
    "image": "https://www.jumbo.com/dam-images/fit-in/360x360/Products/12052025_1747008015881_1747008041345_8718452878048_596.png",
    "available": true,
    "promoUntil": null
  },
  {
    "id": "485492FLS",
    "title": "Calvé Dressing Knoflooksaus 430 ml",
    "category": "Conserven, soepen, sauzen, oliën",
    "price": 3.69,
    "promoPrice": null,
    "pricePerUnit": "8.58 l",
    "image": "https://www.jumbo.com/dam-images/fit-in/360x360/Products/30072025_1753889671757_1753889676816_8720181202650_1.png",
    "available": true,
    "promoUntil": null
  },
  {
    "id": "670481FLS",
    "title": "Calvé Saus Cheddar 250 ml",
    "category": "Conserven, soepen, sauzen, oliën",
    "price": 2.99,
    "promoPrice": null,
    "pricePerUnit": "11.96 l",
    "image": "https://www.jumbo.com/dam-images/fit-in/360x360/Products/07042025_1744025594065_1744025597207_8721201923357_1.png",
    "available": true,
    "promoUntil": null
  },
  {
    "id": "198418BLK",
    "title": "Bicro Amsterdam Croquetten 400 g",
    "category": "Conserven, soepen, sauzen, oliën",
    "price": 1.75,
    "promoPrice": null,
    "pricePerUnit": "4.38 kg",
    "image": "https://www.jumbo.com/dam-images/fit-in/360x360/Products/09082023_1691584886936_1691584905923_8710879000279_1.png",
    "available": true,
    "promoUntil": null
  },
  {
    "id": "672060DS",
    "title": "Jumbo Eieren 2 stuks",
    "category": "Zuivel, eieren, boter",
    "price": 0.99,
    "promoPrice": null,
    "pricePerUnit": "0.5 pieces",
    "image": "https://www.jumbo.com/dam-images/fit-in/360x360/Products/87328554f805a239eee14d128176599bed4488fd1707753917129e30c09d8-a85f-4705-a943-40075328d7f7-1737376328912.png",
    "available": true,
    "promoUntil": null
  },
  {
    "id": "613264FLS",
    "title": "Calvé Knijpfles Fiesta Picante Saus 250 ml",
    "category": "Conserven, soepen, sauzen, oliën",
    "price": 2.89,
    "promoPrice": null,
    "pricePerUnit": "11.56 l",
    "image": "https://www.jumbo.com/dam-images/fit-in/360x360/Products/30032025_1743297046523_1743297061791_613264_FLS_08720182798053_C1N1.png",
    "available": true,
    "promoUntil": null
  },
  {
    "id": "165240POT",
    "title": "Jumbo Biologisch Chocopasta Puur 350 g",
    "category": "Ontbijt, broodbeleg en bakproducten",
    "price": 2.85,
    "promoPrice": null,
    "pricePerUnit": "8.14 kg",
    "image": "https://www.jumbo.com/dam-images/fit-in/360x360/Products/19032025_1742402009870_1742402017230_8718452575077_1.png",
    "available": true,
    "promoUntil": null
  },
  {
    "id": "646218DS",
    "title": "Jumbo Biologisch Sesam Knäckebröd 3 x 5 Stuks",
    "category": "Ontbijt, broodbeleg en bakproducten",
    "price": 1.53,
    "promoPrice": null,
    "pricePerUnit": "6.8 kg",
    "image": "https://www.jumbo.com/dam-images/fit-in/360x360/Products/10092024_1725982458898_1725982484845_8718452839759_596.png",
    "available": true,
    "promoUntil": null
  },
  {
    "id": "158686BLK",
    "title": "Fairtrade Original Ananas stukjes 227 g",
    "category": "Conserven, soepen, sauzen, oliën",
    "price": 1.97,
    "promoPrice": null,
    "pricePerUnit": "13.87 kg",
    "image": "https://www.jumbo.com/dam-images/fit-in/360x360/Products/20092025_1758330054919_1758330059121_158686_BLK_08711741355992_C1N1.png",
    "available": true,
    "promoUntil": null
  },
  {
    "id": "189895STK",
    "title": "Jumbo Biologisch Kokosmeel 400g",
    "category": "Ontbijt, broodbeleg en bakproducten",
    "price": 2.46,
    "promoPrice": null,
    "pricePerUnit": "6.15 kg",
    "image": "https://www.jumbo.com/dam-images/fit-in/360x360/Products/29092023_1695995625698_1695995630090_8718452247837_1.png",
    "available": true,
    "promoUntil": null
  },
  {
    "id": "302297POT",
    "title": "Jumbo Schorseneren 680 g",
    "category": "Conserven, soepen, sauzen, oliën",
    "price": 2.49,
    "promoPrice": null,
    "pricePerUnit": "6.3 kg",
    "image": "https://www.jumbo.com/dam-images/fit-in/360x360/Products/14022024_1707872531578_1707872577093_8718452423255_1.png",
    "available": false,
    "promoUntil": null
  },
  {
    "id": "10855DS",
    "title": "Hak Hollandse Bruine Bonen 500 g",
    "category": "Conserven, soepen, sauzen, oliën",
    "price": 2.99,
    "promoPrice": null,
    "pricePerUnit": "5.98 kg",
    "image": "https://www.jumbo.com/dam-images/fit-in/360x360/Products/10082023_1691676795597_1691676798690_8720600604409_1.png",
    "available": true,
    "promoUntil": null
  },
  {
    "id": "493509DSL",
    "title": "Holie's Granola Protein Crunch - 6 x 350g",
    "category": "Ontbijt, broodbeleg en bakproducten",
    "price": 22.5,
    "promoPrice": null,
    "pricePerUnit": "10.71 kg",
    "image": "https://www.jumbo.com/dam-images/fit-in/360x360/Products/87193270976636619b596-3d34-49ad-ba5e-2677e9165051-1757511656626.png",
    "available": true,
    "promoUntil": null
  },
  {
    "id": "569971CUP",
    "title": "Jumbo Plantaardig Aardbei Soya 400 g",
    "category": "Zuivel, eieren, boter",
    "price": 1.79,
    "promoPrice": null,
    "pricePerUnit": "4.48 kg",
    "image": "https://www.jumbo.com/dam-images/fit-in/360x360/Products/14022024_1707872790432_1707872794306_8718452688722_1.png",
    "available": true,
    "promoUntil": null
  },
  {
    "id": "424853PAK",
    "title": "Café Royal Dark Chocolate Flavoured Coffee 10 Capsules 50 g",
    "category": "Koffie en thee",
    "price": 4.19,
    "promoPrice": null,
    "pricePerUnit": "0.42 pieces",
    "image": "https://www.jumbo.com/dam-images/fit-in/360x360/Products/25072025_1753428858818_1753428865808_7617014202615_1.png",
    "available": true,
    "promoUntil": null
  },
  {
    "id": "700396DS",
    "title": "Consenza Gluten Free Luchtige Crackers Boekweit-Quinoa 100 g",
    "category": "Ontbijt, broodbeleg en bakproducten",
    "price": 2.56,
    "promoPrice": null,
    "pricePerUnit": "25.6 kg",
    "image": "https://www.jumbo.com/dam-images/fit-in/360x360/Products/22052025_1747938751051_1747938760053_8719153039868_1.png",
    "available": true,
    "promoUntil": null
  },
  {
    "id": "599243PAK",
    "title": "Hak Kikkererwten 190 g",
    "category": "Conserven, soepen, sauzen, oliën",
    "price": 0.99,
    "promoPrice": null,
    "pricePerUnit": "8.61 kg",
    "image": "https://www.jumbo.com/dam-images/fit-in/360x360/Products/15012024_1705322045147_1705322052301_8720600624407_1.png",
    "available": true,
    "promoUntil": null
  },
  {
    "id": "648620POT",
    "title": "John West Ansjovis in Olijfolie 95g",
    "category": "Conserven, soepen, sauzen, oliën",
    "price": 4.74,
    "promoPrice": null,
    "pricePerUnit": "94.8 kg",
    "image": "https://www.jumbo.com/dam-images/fit-in/360x360/Products/02092024_1725271801626_1725271817954_648620_POT_05000171062130_C1N1.png",
    "available": true,
    "promoUntil": null
  },
  {
    "id": "658712FLS",
    "title": "Jumbo Biologisch Witte Balsamico Azijn 250ML",
    "category": "Conserven, soepen, sauzen, oliën",
    "price": 3.19,
    "promoPrice": null,
    "pricePerUnit": "12.76 l",
    "image": "https://www.jumbo.com/dam-images/fit-in/360x360/Products/28112024_1732804416192_1732804419518_8718452814244_1.png",
    "available": true,
    "promoUntil": null
  },
  {
    "id": "202941EM",
    "title": "Jumbo Fritessaus Emmer 750 ml",
    "category": "Conserven, soepen, sauzen, oliën",
    "price": 1.89,
    "promoPrice": null,
    "pricePerUnit": "2.52 l",
    "image": "https://www.jumbo.com/dam-images/fit-in/360x360/Products/09092025_1757421312449_1757421324537_8718452290352_1.png",
    "available": true,
    "promoUntil": null
  },
  {
    "id": "111248PAK",
    "title": "Coppenrath Wiener Torteletts Flan Cases 6 Stuks 100 g",
    "category": "Ontbijt, broodbeleg en bakproducten",
    "price": 1.99,
    "promoPrice": null,
    "pricePerUnit": "19.9 kg",
    "image": "https://www.jumbo.com/dam-images/fit-in/360x360/Products/10082023_1691674926811_1691674954130_4006952002013_1.png",
    "available": true,
    "promoUntil": null
  },
  {
    "id": "213536DS",
    "title": "Jumbo Mix voor Appeltaart 440 g",
    "category": "Ontbijt, broodbeleg en bakproducten",
    "price": 0.67,
    "promoPrice": null,
    "pricePerUnit": "1.52 kg",
    "image": "https://www.jumbo.com/dam-images/fit-in/360x360/Products/01082024_1722515597245_1722515605793_8718452788033_1.png",
    "available": true,
    "promoUntil": null
  },
  {
    "id": "672885ZK",
    "title": "Jumbo Salade Mix Amerikaanse Stijl 125 g",
    "category": "Conserven, soepen, sauzen, oliën",
    "price": 2.49,
    "promoPrice": null,
    "pricePerUnit": "19.92 kg",
    "image": "https://www.jumbo.com/dam-images/fit-in/360x360/Products/21052025_1747837989056_1747837996886_8718452902156_1.png",
    "available": true,
    "promoUntil": null
  },
  {
    "id": "680339DS",
    "title": "Jumbo Smeltchocolade Wit 200 g",
    "category": "Ontbijt, broodbeleg en bakproducten",
    "price": 3.69,
    "promoPrice": null,
    "pricePerUnit": "18.45 kg",
    "image": "https://www.jumbo.com/dam-images/fit-in/360x360/Products/07032025_1741354388048_1741354405407_8718452878338_596.png",
    "available": true,
    "promoUntil": null
  },
  {
    "id": "659747PAK",
    "title": "Jumbo Volkoren Ontbijtkoek 6 Stuks",
    "category": "Ontbijt, broodbeleg en bakproducten",
    "price": 1.79,
    "promoPrice": null,
    "pricePerUnit": "5.14 kg",
    "image": "https://www.jumbo.com/dam-images/fit-in/360x360/Products/24032025_1742830392855_1742830396712_8718452865239_1.png",
    "available": true,
    "promoUntil": null
  },
  {
    "id": "503827ZK",
    "title": "Hak Zwarte Bonen 225g",
    "category": "Conserven, soepen, sauzen, oliën",
    "price": 1.99,
    "promoPrice": null,
    "pricePerUnit": "8.84 kg",
    "image": "https://www.jumbo.com/dam-images/fit-in/360x360/Products/03072025_1751507643751_1751507698481_503827_ZK_08720600613272_H1N1.png",
    "available": true,
    "promoUntil": null
  },
  {
    "id": "192550STK",
    "title": "Dr. Oetker Regenboogfantasie Taart Versiering 152g",
    "category": "Ontbijt, broodbeleg en bakproducten",
    "price": 4.35,
    "promoPrice": null,
    "pricePerUnit": "28.62 kg",
    "image": "https://www.jumbo.com/dam-images/fit-in/360x360/Products/17042025_1744854496277_1744854505294_192550_STK_08710466283429_C1N1_s03.png",
    "available": true,
    "promoUntil": null
  },
  {
    "id": "648351PAK",
    "title": "HAK Zwarte Bonen 380g",
    "category": "Conserven, soepen, sauzen, oliën",
    "price": 1.29,
    "promoPrice": null,
    "pricePerUnit": "5.61 kg",
    "image": "https://www.jumbo.com/dam-images/fit-in/360x360/Products/30082024_1725008132837_1725008139686_648351_PAK_08720600666841_H1N1.png",
    "available": true,
    "promoUntil": null
  },
  {
    "id": "445869DS",
    "title": "Jumbo Biologisch Groentebouillon 6 Stuks",
    "category": "Conserven, soepen, sauzen, oliën",
    "price": 0.59,
    "promoPrice": null,
    "pricePerUnit": "9.83 kg",
    "image": "https://www.jumbo.com/dam-images/fit-in/360x360/Products/21022025_1740151973908_1740151995598_8718452562534_596.png",
    "available": true,
    "promoUntil": null
  },
  {
    "id": "433887DSL",
    "title": "HiPRO Protein Drink Vanille Cookies 6 x 300 ml",
    "category": "Zuivel, eieren, boter",
    "price": 14.34,
    "promoPrice": null,
    "pricePerUnit": "7.97 l",
    "image": "https://www.jumbo.com/dam-images/fit-in/360x360/Products/187137881234011d3c0ec38-7305-489b-85eb-b4d6f3e9d883-1746193105515.png",
    "available": true,
    "promoUntil": null
  },
  {
    "id": "82352FLS",
    "title": "De Zeeuwsche Boerin De Beroemde Zeeuwse Keukenstroop 500 g",
    "category": "Ontbijt, broodbeleg en bakproducten",
    "price": 1.47,
    "promoPrice": null,
    "pricePerUnit": "2.94 kg",
    "image": "https://www.jumbo.com/dam-images/fit-in/360x360/Products/82352_8710437007146_1_T1_82352FLS1691392561430.png",
    "available": true,
    "promoUntil": null
  },
  {
    "id": "175125STK",
    "title": "Jumbo Biologisch Speltmeel 400g",
    "category": "Ontbijt, broodbeleg en bakproducten",
    "price": 2.79,
    "promoPrice": null,
    "pricePerUnit": "6.98 kg",
    "image": "https://www.jumbo.com/dam-images/fit-in/360x360/Products/29092023_1695995258288_1695995264111_8718452492763_1.png",
    "available": true,
    "promoUntil": null
  },
  {
    "id": "164968ZK",
    "title": "Conimex Rode Currysoep Zak 570 ml",
    "category": "Conserven, soepen, sauzen, oliën",
    "price": 3.89,
    "promoPrice": null,
    "pricePerUnit": "6.82 l",
    "image": "https://www.jumbo.com/dam-images/fit-in/360x360/Products/15082025_1755222365762_1755222389978_164968_ZK_08712100806964_C1N1.png",
    "available": true,
    "promoUntil": null
  },
  {
    "id": "646895STK",
    "title": "BioToday Crispy Crackers Sesam-Rozemarijn 250 g",
    "category": "Ontbijt, broodbeleg en bakproducten",
    "price": 3.26,
    "promoPrice": null,
    "pricePerUnit": "13.04 kg",
    "image": "https://www.jumbo.com/dam-images/fit-in/360x360/Products/12042025_1744419769708_1744419778570_646895_STK_08719153044671_C1N1.png",
    "available": true,
    "promoUntil": null
  },
  {
    "id": "600137PAK",
    "title": "Boon Zwarte Boon 190 g",
    "category": "Conserven, soepen, sauzen, oliën",
    "price": 0.99,
    "promoPrice": null,
    "pricePerUnit": "5.21 kg",
    "image": "https://www.jumbo.com/dam-images/fit-in/360x360/Products/25032024_1711381692090_1711381695988_8710646700197_1.png",
    "available": true,
    "promoUntil": null
  },
  {
    "id": "577718STK",
    "title": "Jumbo Gelderse Rookworst 250 g",
    "category": "Conserven, soepen, sauzen, oliën",
    "price": 2.95,
    "promoPrice": null,
    "pricePerUnit": "11.8 kg",
    "image": "https://www.jumbo.com/dam-images/fit-in/360x360/Products/14022025_1739539876760_1739539882681_8718452729708_1.png",
    "available": true,
    "promoUntil": null
  },
  {
    "id": "633708DS",
    "title": "Jumbo Taartdecoratie Dino 35 g",
    "category": "Ontbijt, broodbeleg en bakproducten",
    "price": 2.99,
    "promoPrice": null,
    "pricePerUnit": "85.43 kg",
    "image": "https://www.jumbo.com/dam-images/fit-in/360x360/Products/25092024_1727278476746_1727278483262_8718452843725_1.png",
    "available": true,
    "promoUntil": null
  },
  {
    "id": "618264STK",
    "title": "Dr.oetker wolkentoetje aardbei 4 x 115g",
    "category": "Zuivel, eieren, boter",
    "price": 3.16,
    "promoPrice": null,
    "pricePerUnit": "None None",
    "image": "https://www.jumbo.com/dam-images/fit-in/360x360/Products/618264STK734860b5-e569-4dbd-a019-217b86441336-1745827985557.png",
    "available": true,
    "promoUntil": null
  },
  {
    "id": "446711ZK",
    "title": "Jumbo Biologisch Maïsmeel Glutenvrij 400 g",
    "category": "Ontbijt, broodbeleg en bakproducten",
    "price": 2.29,
    "promoPrice": null,
    "pricePerUnit": "5.73 kg",
    "image": "https://www.jumbo.com/dam-images/fit-in/360x360/Products/09082023_1691588550923_1691588556890_8718452553617_1.png",
    "available": false,
    "promoUntil": null
  },
  {
    "id": "446448DS",
    "title": "Jumbo Choco Bal Triomix 200 g",
    "category": "Ontbijt, broodbeleg en bakproducten",
    "price": 2.69,
    "promoPrice": null,
    "pricePerUnit": "13.45 kg",
    "image": "https://www.jumbo.com/dam-images/fit-in/360x360/Products/09082023_1691588747886_1691588755472_8718452577309_1.png",
    "available": true,
    "promoUntil": null
  },
  {
    "id": "206613DS",
    "title": "Jumbo Sucralose Navulverpakking 5 x 100 Stuks",
    "category": "Koffie en thee",
    "price": 2.47,
    "promoPrice": null,
    "pricePerUnit": "0.0 pieces",
    "image": "https://www.jumbo.com/dam-images/fit-in/360x360/Products/29092023_1695994883567_1695994894113_8718452290109_1.png",
    "available": true,
    "promoUntil": null
  },
  {
    "id": "615406POT",
    "title": "Bonne Maman Kersenjam Meer Fruit Minder Suiker 335g",
    "category": "Ontbijt, broodbeleg en bakproducten",
    "price": 3.95,
    "promoPrice": null,
    "pricePerUnit": "11.79 kg",
    "image": "https://www.jumbo.com/dam-images/fit-in/360x360/Products/20022024_1708428773340_1708428790766_615406_POT_03608580861638_C1N1_s01_02.png",
    "available": true,
    "promoUntil": null
  },
  {
    "id": "671751CUP",
    "title": "Jumbo Soja Stracciatella Plantaardig 400g",
    "category": "Zuivel, eieren, boter",
    "price": 1.79,
    "promoPrice": null,
    "pricePerUnit": "4.48 kg",
    "image": "https://www.jumbo.com/dam-images/fit-in/360x360/Products/14022025_1739539160043_1739539171323_8718452815074_596.png",
    "available": true,
    "promoUntil": null
  },
  {
    "id": "600136PAK",
    "title": "Boon Kidneybonen in Chilisaus 190 g",
    "category": "Conserven, soepen, sauzen, oliën",
    "price": 1.19,
    "promoPrice": null,
    "pricePerUnit": "6.26 kg",
    "image": "https://www.jumbo.com/dam-images/fit-in/360x360/Products/25032024_1711381692142_1711381698058_8710646700210_1.png",
    "available": true,
    "promoUntil": null
  },
  {
    "id": "620693STK",
    "title": "Jumbo Fruit Yoghurtje Bosfruit 4 x 200 g",
    "category": "Zuivel, eieren, boter",
    "price": 5.96,
    "promoPrice": null,
    "pricePerUnit": "None None",
    "image": "https://www.jumbo.com/dam-images/fit-in/360x360/Products/620693STK119937c9e-9797-487f-9ce1-f4006546e589-1711440621890.png",
    "available": true,
    "promoUntil": null
  },
  {
    "id": "577795ZK",
    "title": "Danoontje Yoghurt Tussendoortje Appel Aardbei 70 g",
    "category": "Zuivel, eieren, boter",
    "price": 0.99,
    "promoPrice": null,
    "pricePerUnit": "14.14 kg",
    "image": "https://www.jumbo.com/dam-images/fit-in/360x360/Products/13082025_1755051489099_1755051498312_577795_ZK_08713788123442_H1N1.png",
    "available": true,
    "promoUntil": null
  },
  {
    "id": "681498STK",
    "title": "Activia Yoghurt Vijg 4 x 125 g",
    "category": "Zuivel, eieren, boter",
    "price": 2.99,
    "promoPrice": null,
    "pricePerUnit": "5.98 kg",
    "image": "https://www.jumbo.com/dam-images/fit-in/360x360/Products/21022025_1740166406521_1740166413388_5410146417894_1.png",
    "available": true,
    "promoUntil": null
  },
  {
    "id": "600348PAK",
    "title": "Boon Linzen in Tandoori Saus 380 g",
    "category": "Conserven, soepen, sauzen, oliën",
    "price": 1.99,
    "promoPrice": null,
    "pricePerUnit": "5.24 kg",
    "image": "https://www.jumbo.com/dam-images/fit-in/360x360/Products/25032024_1711381636581_1711381645268_8710646700050_1.png",
    "available": true,
    "promoUntil": null
  },
  {
    "id": "616279STK",
    "title": "Bonne Maman Pindapasta met Stukjes Pinda Romig én Zacht 325 g",
    "category": "Ontbijt, broodbeleg en bakproducten",
    "price": 4.15,
    "promoPrice": null,
    "pricePerUnit": "12.77 kg",
    "image": "https://www.jumbo.com/dam-images/fit-in/360x360/Products/3608580125716T5975eebc1c2-4811-4d53-9e0c-5420daf2e55f-1746702282180.png",
    "available": true,
    "promoUntil": null
  },
  {
    "id": "668331DS",
    "title": "Jumbo Mix voor Appel Karamel Upside Down Cake 490 g",
    "category": "Ontbijt, broodbeleg en bakproducten",
    "price": 2.49,
    "promoPrice": null,
    "pricePerUnit": "5.08 kg",
    "image": "https://www.jumbo.com/dam-images/fit-in/360x360/Products/14022025_1739539694845_1739539720290_8718452861866_596.png",
    "available": true,
    "promoUntil": null
  },
  {
    "id": "197470ZK",
    "title": "Jumbo Mix voor Pinda Satésaus 68 g",
    "category": "Conserven, soepen, sauzen, oliën",
    "price": 0.84,
    "promoPrice": null,
    "pricePerUnit": "12.35 kg",
    "image": "https://www.jumbo.com/dam-images/fit-in/360x360/Products/09082023_1691584856713_1691584872756_8718452277353_1.png",
    "available": true,
    "promoUntil": null
  },
  {
    "id": "358428STK",
    "title": "Jumbo Versierders Rolfondant 4 x 75 g",
    "category": "Ontbijt, broodbeleg en bakproducten",
    "price": 2.66,
    "promoPrice": null,
    "pricePerUnit": "8.87 kg",
    "image": "https://www.jumbo.com/dam-images/fit-in/360x360/Products/30072024_1722353716067_1722353745997_8718452787760_596.png",
    "available": true,
    "promoUntil": null
  },
  {
    "id": "224490POT",
    "title": "Jumbo Vijgen Port Dipper 45 g",
    "category": "Ontbijt, broodbeleg en bakproducten",
    "price": 1.29,
    "promoPrice": null,
    "pricePerUnit": "28.67 kg",
    "image": "https://www.jumbo.com/dam-images/fit-in/360x360/Products/12122024_1734014500725_1734014509567_87352566_1.png",
    "available": true,
    "promoUntil": null
  },
  {
    "id": "302322POT",
    "title": "Dr. Oetker Suikerhartjes Taart Versiering 40 g",
    "category": "Ontbijt, broodbeleg en bakproducten",
    "price": 1.95,
    "promoPrice": null,
    "pricePerUnit": "48.75 kg",
    "image": "https://www.jumbo.com/dam-images/fit-in/360x360/Products/17042025_1744858108854_1744858112296_302322_POT_08710466283023_C1N1_s01.png",
    "available": true,
    "promoUntil": null
  },
  {
    "id": "521379DS",
    "title": "Honig Maaltijdmix voor Chinese Groentesoep 57 g",
    "category": "Conserven, soepen, sauzen, oliën",
    "price": 1.99,
    "promoPrice": null,
    "pricePerUnit": "34.91 kg",
    "image": "https://www.jumbo.com/dam-images/fit-in/360x360/Products/19062025_1750298648533_1750298660429_521379_DS_08714700170650_H1N1.png",
    "available": true,
    "promoUntil": null
  },
  {
    "id": "672205DS",
    "title": "Dr. Oetker Kwarktaart Eigen Fruit Bakmix 210 g",
    "category": "Ontbijt, broodbeleg en bakproducten",
    "price": 3.26,
    "promoPrice": null,
    "pricePerUnit": "15.52 kg",
    "image": "https://www.jumbo.com/dam-images/fit-in/360x360/Products/17042025_1744857802487_1744857811583_672205_DS_08710466327628_C1N1_s02.png",
    "available": true,
    "promoUntil": null
  },
  {
    "id": "19209FLS",
    "title": "Holland Foodz Halfvolle Koffiemelk 3 x 100 g",
    "category": "Zuivel, eieren, boter",
    "price": 1.69,
    "promoPrice": null,
    "pricePerUnit": "5.63 kg",
    "image": "https://www.jumbo.com/dam-images/fit-in/360x360/Products/24052024_1716513230527_1716513241073_19209_FLS_08717729050996_C1N1.png",
    "available": true,
    "promoUntil": null
  },
  {
    "id": "648357ZK",
    "title": "HAK Jackfruit Rendang Protein Bowl 555g",
    "category": "Conserven, soepen, sauzen, oliën",
    "price": 3.99,
    "promoPrice": null,
    "pricePerUnit": "7.19 kg",
    "image": "https://www.jumbo.com/dam-images/fit-in/360x360/Products/30082024_1725008203807_1725008215434_648357_ZK_08720600667008_H1N1.png",
    "available": true,
    "promoUntil": null
  },
  {
    "id": "398036PAK",
    "title": "Dr. Oetker Pizza Pakket met Tomatensaus en Olijfolie Bakmix 615 g",
    "category": "Ontbijt, broodbeleg en bakproducten",
    "price": 2.93,
    "promoPrice": null,
    "pricePerUnit": "4.76 kg",
    "image": "https://www.jumbo.com/dam-images/fit-in/360x360/Products/17042025_1744854121350_1744854132571_398036_PAK_08710466303424_C1N1_s04.png",
    "available": true,
    "promoUntil": null
  },
  {
    "id": "31702PAK",
    "title": "Den Eelder Geiten Karnemelk 750ML",
    "category": "Zuivel, eieren, boter",
    "price": 1.89,
    "promoPrice": null,
    "pricePerUnit": "2.52 l",
    "image": "https://www.jumbo.com/dam-images/fit-in/360x360/Products/09082023_1691588458485_1691588538814_8711723131194_1.png",
    "available": true,
    "promoUntil": null
  },
  {
    "id": "58838BLK",
    "title": "Bonduelle Kikkererwten 310g",
    "category": "Conserven, soepen, sauzen, oliën",
    "price": 2.29,
    "promoPrice": null,
    "pricePerUnit": "8.64 kg",
    "image": "https://www.jumbo.com/dam-images/fit-in/360x360/Products/05062025_1749085807655_1749085818712_58838_BLK_03083681006964_H1N1.png",
    "available": true,
    "promoUntil": null
  },
  {
    "id": "688481STK",
    "title": "Jumbo High Protein Kwark Framboos 200 g",
    "category": "Zuivel, eieren, boter",
    "price": 1.29,
    "promoPrice": null,
    "pricePerUnit": "6.45 kg",
    "image": "https://www.jumbo.com/dam-images/fit-in/360x360/Products/24042025_1745487269251_1745487280617_8718452862610_596.png",
    "available": true,
    "promoUntil": null
  },
  {
    "id": "377350STK",
    "title": "Jumbo Amandelmarsepein Blank 250 g",
    "category": "Ontbijt, broodbeleg en bakproducten",
    "price": 1.99,
    "promoPrice": null,
    "pricePerUnit": "7.96 kg",
    "image": "https://www.jumbo.com/dam-images/fit-in/360x360/Products/09082023_1691587040464_1691587049080_8718452443048_1.png",
    "available": true,
    "promoUntil": null
  },
  {
    "id": "194044STK",
    "title": "Alpro Sojadrink Houdbaar 3 x 250ml",
    "category": "Zuivel, eieren, boter",
    "price": 2.49,
    "promoPrice": null,
    "pricePerUnit": "3.32 l",
    "image": "https://www.jumbo.com/dam-images/fit-in/360x360/Products/25032024_1711381811384_1711381816689_5411188121923_1.png",
    "available": true,
    "promoUntil": null
  },
  {
    "id": "342394BLK",
    "title": "Bonduelle Chilibonen in Saus 400g",
    "category": "Conserven, soepen, sauzen, oliën",
    "price": 2.99,
    "promoPrice": null,
    "pricePerUnit": "7.48 kg",
    "image": "https://www.jumbo.com/dam-images/fit-in/360x360/Products/27022024_1709002717567_1709002727236_342394_BLK_03083680045940_C1N1.png",
    "available": true,
    "promoUntil": null
  },
  {
    "id": "623921ZK",
    "title": "Jordans Crisp & Crunch Nuts 400 g",
    "category": "Ontbijt, broodbeleg en bakproducten",
    "price": 4.15,
    "promoPrice": null,
    "pricePerUnit": "10.38 kg",
    "image": "https://www.jumbo.com/dam-images/fit-in/360x360/Products/04062025_1749044026386_1749044033732_5010477366276_1.png",
    "available": true,
    "promoUntil": null
  },
  {
    "id": "667875DS",
    "title": "Jumbo Mix voor Confetti Koekjes 320 g",
    "category": "Ontbijt, broodbeleg en bakproducten",
    "price": 2.29,
    "promoPrice": null,
    "pricePerUnit": "7.16 kg",
    "image": "https://www.jumbo.com/dam-images/fit-in/360x360/Products/08012025_1736350410231_1736350426167_8718452814848_596.png",
    "available": true,
    "promoUntil": null
  },
  {
    "id": "668766DS",
    "title": "Jumbo Biologisch Kiem Mix 60 g",
    "category": "Conserven, soepen, sauzen, oliën",
    "price": 1.99,
    "promoPrice": null,
    "pricePerUnit": "33.17 kg",
    "image": "https://www.jumbo.com/dam-images/fit-in/360x360/Products/20032025_1742488408476_1742488416830_8718452892549_1.png",
    "available": true,
    "promoUntil": null
  },
  {
    "id": "484866STK",
    "title": "Dr. Oetker Suiker met Vanillesmaak 10x8g",
    "category": "Ontbijt, broodbeleg en bakproducten",
    "price": 0.99,
    "promoPrice": null,
    "pricePerUnit": "12.38 kg",
    "image": "https://www.jumbo.com/dam-images/fit-in/360x360/Products/17042025_1744861144666_1744861149074_484866_STK_08710466004802_C1N1_s04.png",
    "available": true,
    "promoUntil": null
  },
  {
    "id": "637299DSL",
    "title": "Jumbo Cappuccino Combicups 3 x 2 x 8 Combicups",
    "category": "Koffie en thee",
    "price": 13.99,
    "promoPrice": null,
    "pricePerUnit": "0.29 pieces",
    "image": "https://www.jumbo.com/dam-images/fit-in/360x360/Products/637299DSL19ab05a60-affd-4811-bf40-4bdbdd68d769-1728543561540.png",
    "available": true,
    "promoUntil": null
  },
  {
    "id": "82351FLS",
    "title": "De Friesche Vlag De Beroemde Friese Keukenstroop 500 g",
    "category": "Ontbijt, broodbeleg en bakproducten",
    "price": 1.49,
    "promoPrice": null,
    "pricePerUnit": "2.98 kg",
    "image": "https://www.jumbo.com/dam-images/fit-in/360x360/Products/09082023_1691585784701_1691585792486_8710437007153_1.png",
    "available": true,
    "promoUntil": null
  },
  {
    "id": "415858PAK",
    "title": "Dr. Oetker Vegan brownies choco bakmix 360 g",
    "category": "Ontbijt, broodbeleg en bakproducten",
    "price": 3.62,
    "promoPrice": null,
    "pricePerUnit": "10.06 kg",
    "image": "https://www.jumbo.com/dam-images/fit-in/360x360/Products/07062025_1749262958902_1749262964885_415858_PAK_08710466310125_C1N1_s01.png",
    "available": true,
    "promoUntil": null
  },
  {
    "id": "646622POT",
    "title": "Jumbo Nederlandse Bloemen Crème Honing 350 g",
    "category": "Ontbijt, broodbeleg en bakproducten",
    "price": 4.99,
    "promoPrice": null,
    "pricePerUnit": "14.26 kg",
    "image": "https://www.jumbo.com/dam-images/fit-in/360x360/Products/06112024_1730882044452_1730882050348_8718452837557_1.png",
    "available": true,
    "promoUntil": null
  },
  {
    "id": "686884PAK",
    "title": "BitesWeLove Bwl Chewy Oat Bar Chocolate 4 stuks",
    "category": "Ontbijt, broodbeleg en bakproducten",
    "price": 3.75,
    "promoPrice": null,
    "pricePerUnit": "31.25 kg",
    "image": "https://www.jumbo.com/dam-images/fit-in/360x360/Products/17032025_1742214004269_1742214008140_686884_PAK_08710105065829_C1N1.png",
    "available": true,
    "promoUntil": null
  },
  {
    "id": "494569BLK",
    "title": "Bonduelle Rode Kidneybonen 160g",
    "category": "Conserven, soepen, sauzen, oliën",
    "price": 1.39,
    "promoPrice": null,
    "pricePerUnit": "11.12 kg",
    "image": "https://www.jumbo.com/dam-images/fit-in/360x360/Products/31012024_1706672204132_1706672215460_494569_BLK_03083681012583_H1N1.png",
    "available": true,
    "promoUntil": null
  },
  {
    "id": "614868DS",
    "title": "Crema e Gusto Classico koffiecups 10stuks",
    "category": "Koffie en thee",
    "price": 4.89,
    "promoPrice": null,
    "pricePerUnit": "0.49 pieces",
    "image": "https://www.jumbo.com/dam-images/fit-in/360x360/Products/26012025_1737857979295_1737857989894_614868_DS_08000070053472_C1N1.png",
    "available": true,
    "promoUntil": null
  },
  {
    "id": "578065EM",
    "title": "Jumbo Yoghurt Griekse Stijl 0% vet 150g",
    "category": "Zuivel, eieren, boter",
    "price": 0.69,
    "promoPrice": null,
    "pricePerUnit": "4.6 kg",
    "image": "https://www.jumbo.com/dam-images/fit-in/360x360/Products/09082023_1691589167426_1691589173293_8718452528639_1.png",
    "available": true,
    "promoUntil": null
  },
  {
    "id": "199325BLK",
    "title": "John West Tonijnstukken in Zonnebloemolie 145g",
    "category": "Conserven, soepen, sauzen, oliën",
    "price": 2.5,
    "promoPrice": null,
    "pricePerUnit": "24.51 kg",
    "image": "https://www.jumbo.com/dam-images/fit-in/360x360/Products/18092024_1726629003351_1726629006577_199325_BLK_05000171061928_C1N1.png",
    "available": true,
    "promoUntil": null
  },
  {
    "id": "154913STK",
    "title": "Jumbo Mix voor Biscuit Bodem 250 g",
    "category": "Ontbijt, broodbeleg en bakproducten",
    "price": 1.35,
    "promoPrice": null,
    "pricePerUnit": "5.4 kg",
    "image": "https://www.jumbo.com/dam-images/fit-in/360x360/Products/30072024_1722353716054_1722353741723_8718452787869_596.png",
    "available": true,
    "promoUntil": null
  },
  {
    "id": "616784POT",
    "title": "Hazelnootpasta Duo 0% toegevoegde suiker",
    "category": "Ontbijt, broodbeleg en bakproducten",
    "price": 4.29,
    "promoPrice": null,
    "pricePerUnit": "23.83 kg",
    "image": "https://www.jumbo.com/dam-images/fit-in/360x360/Products/15112024_1731637053111_1731637062165_616784_POT_08410014473318_C1N1.png",
    "available": true,
    "promoUntil": null
  },
  {
    "id": "685507ZK",
    "title": "Jumbo Biologisch Romige Champignonsoep 570ML",
    "category": "Conserven, soepen, sauzen, oliën",
    "price": 2.29,
    "promoPrice": null,
    "pricePerUnit": "4.02 l",
    "image": "https://www.jumbo.com/dam-images/fit-in/360x360/Products/23052025_1748010789365_1748010810655_8718452873876_596.png",
    "available": true,
    "promoUntil": null
  },
  {
    "id": "286360STK",
    "title": "Bonduelle groenteconserven Macedoine de Legumes 200g",
    "category": "Conserven, soepen, sauzen, oliën",
    "price": 1.39,
    "promoPrice": null,
    "pricePerUnit": "6.95 kg",
    "image": "https://www.jumbo.com/dam-images/fit-in/360x360/Products/05062025_1749090746738_1749090759005_286360_STK_03083680600910_H1N1.png",
    "available": true,
    "promoUntil": null
  },
  {
    "id": "670484POT",
    "title": "Calvé Mayonaise De Échte 825 ml",
    "category": "Conserven, soepen, sauzen, oliën",
    "price": 5.29,
    "promoPrice": 3.96,
    "pricePerUnit": "6.41 l",
    "image": "https://www.jumbo.com/dam-images/fit-in/360x360/Products/03042025_1743690768478_1743690775708_8721201927973_1.png",
    "available": true,
    "promoUntil": "di 30 sep"
  },
  {
    "id": "600349PAK",
    "title": "Boon Zwarte Bonen in Teriyakisaus 200 g",
    "category": "Conserven, soepen, sauzen, oliën",
    "price": 1.19,
    "promoPrice": null,
    "pricePerUnit": "5.95 kg",
    "image": "https://www.jumbo.com/dam-images/fit-in/360x360/Products/25032024_1711381692237_1711381697194_8710646700296_1.png",
    "available": true,
    "promoUntil": null
  },
  {
    "id": "634948DS",
    "title": "Clipper Brazilian Sunset Organic Infusion",
    "category": "Koffie en thee",
    "price": 3.69,
    "promoPrice": null,
    "pricePerUnit": "0.18 pieces",
    "image": "https://www.jumbo.com/dam-images/fit-in/360x360/Products/22032025_1742611112998_1742611121142_634948_DS_05021991945472_H1N1.png",
    "available": true,
    "promoUntil": null
  },
  {
    "id": "609524DS",
    "title": "Clipper Earl Grey Orange Organic Tea 20 Zakjes 36 g",
    "category": "Koffie en thee",
    "price": 3.69,
    "promoPrice": null,
    "pricePerUnit": "0.18 pieces",
    "image": "https://www.jumbo.com/dam-images/fit-in/360x360/Products/30072025_1753868016548_1753868021299_5021991943744_1.png",
    "available": true,
    "promoUntil": null
  },
  {
    "id": "237611STK",
    "title": "FULFIL Hazelnut Whip Proteïnebar 55 gr",
    "category": "Ontbijt, broodbeleg en bakproducten",
    "price": 2.87,
    "promoPrice": null,
    "pricePerUnit": "52.18 kg",
    "image": "https://www.jumbo.com/dam-images/fit-in/360x360/Products/17092024_1726561999612_1726562002995_5391532120096_1.png",
    "available": true,
    "promoUntil": null
  },
  {
    "id": "678589STK",
    "title": "HEMA Taartkaarsjes Happy Birthday Goud",
    "category": "Ontbijt, broodbeleg en bakproducten",
    "price": 2.69,
    "promoPrice": null,
    "pricePerUnit": "2.69 pieces",
    "image": "https://www.jumbo.com/dam-images/fit-in/360x360/Products/07022025_1738939577492_1738939583554_678589_STK_08718537753673_C1N1.png",
    "available": true,
    "promoUntil": null
  },
  {
    "id": "706745POT",
    "title": "Jumbo Bladspinazie 330 g",
    "category": "Conserven, soepen, sauzen, oliën",
    "price": 1.59,
    "promoPrice": null,
    "pricePerUnit": "4.82 kg",
    "image": "https://www.jumbo.com/dam-images/fit-in/360x360/Products/08052024_1715182452713_1715182459318_8718452764594_1.png",
    "available": true,
    "promoUntil": null
  },
  {
    "id": "552666BLK",
    "title": "Bonduelle Doperwtjes 320g",
    "category": "Conserven, soepen, sauzen, oliën",
    "price": 2.19,
    "promoPrice": null,
    "pricePerUnit": "7.82 kg",
    "image": "https://www.jumbo.com/dam-images/fit-in/360x360/Products/02032024_1709350920589_1709350930226_552666_BLK_03083681028461_H1N1.png",
    "available": true,
    "promoUntil": null
  },
  {
    "id": "615460DS",
    "title": "De Ruijter Specials Gezouten Karamel 200 g",
    "category": "Ontbijt, broodbeleg en bakproducten",
    "price": 3.36,
    "promoPrice": null,
    "pricePerUnit": "16.8 kg",
    "image": "https://www.jumbo.com/dam-images/fit-in/360x360/Products/13082025_1755047233644_1755047236793_615460_DS_08715700126166_C1N1.png",
    "available": true,
    "promoUntil": null
  },
  {
    "id": "646484DS",
    "title": "Dr. Oetker Baking Time Dino Cupcakes Bakmix 242 g",
    "category": "Ontbijt, broodbeleg en bakproducten",
    "price": 3.36,
    "promoPrice": null,
    "pricePerUnit": "13.88 kg",
    "image": "https://www.jumbo.com/dam-images/fit-in/360x360/Products/17042025_1744860597604_1744860609505_646484_DS_08710466326522_C1N1_s02.png",
    "available": true,
    "promoUntil": null
  },
  {
    "id": "141021FLS",
    "title": "Extra Vierge Olijfolie Bios",
    "category": "Conserven, soepen, sauzen, oliën",
    "price": 16.33,
    "promoPrice": null,
    "pricePerUnit": "21.77 l",
    "image": "https://www.jumbo.com/dam-images/fit-in/360x360/Products/12122024_1734014920019_1734014923376_80508847_1.png",
    "available": true,
    "promoUntil": null
  },
  {
    "id": "691882DS",
    "title": "Bolletje Low Carb Groentecrackers Paprika Jalapeño 4 x 4 Stuks 200 g",
    "category": "Ontbijt, broodbeleg en bakproducten",
    "price": 2.96,
    "promoPrice": null,
    "pricePerUnit": "14.8 kg",
    "image": "https://www.jumbo.com/dam-images/fit-in/360x360/Products/01072025_1751369667052_1751369672017_8710482534949_1.png",
    "available": true,
    "promoUntil": null
  },
  {
    "id": "577764CUP",
    "title": "Dodoni Griekse Yoghurt van Schapenmelk 6% Vet 170 g",
    "category": "Zuivel, eieren, boter",
    "price": 1.29,
    "promoPrice": null,
    "pricePerUnit": "7.59 kg",
    "image": "https://www.jumbo.com/dam-images/fit-in/360x360/Products/29062025_1751159704903_1751159716513_577764_CUP_05201168415827_C1N1.png",
    "available": true,
    "promoUntil": null
  },
  {
    "id": "646623POT",
    "title": "Jumbo Nederlandse Bloemen Honing 350 g",
    "category": "Ontbijt, broodbeleg en bakproducten",
    "price": 4.99,
    "promoPrice": null,
    "pricePerUnit": "14.26 kg",
    "image": "https://www.jumbo.com/dam-images/fit-in/360x360/Products/06112024_1730882044411_1730882050567_8718452837540_1.png",
    "available": true,
    "promoUntil": null
  },
  {
    "id": "577351DSL",
    "title": "Douwe Egberts Ice Caramel Latte IJskoffie 230 ml",
    "category": "Zuivel, eieren, boter",
    "price": 12.72,
    "promoPrice": null,
    "pricePerUnit": "6.91 l",
    "image": "https://www.jumbo.com/dam-images/fit-in/360x360/Products/577351_5410138037871_1_1_577351DSL171be73c9-cf60-45ad-a1f2-4680745ea08a1692015913332.png",
    "available": true,
    "promoUntil": null
  },
  {
    "id": "607322PAK",
    "title": "Jumbo Hazelnootdrink Naturel 1L",
    "category": "Zuivel, eieren, boter",
    "price": 1.79,
    "promoPrice": null,
    "pricePerUnit": "1.79 l",
    "image": "https://www.jumbo.com/dam-images/fit-in/360x360/Products/01112024_1730471707458_1730471716638_8718452799688_596.png",
    "available": true,
    "promoUntil": null
  },
  {
    "id": "685676STK",
    "title": "Barú Pink Chai Latte Thee Poeder 250g",
    "category": "Koffie en thee",
    "price": 7.95,
    "promoPrice": 5.96,
    "pricePerUnit": "23.84 kg",
    "image": "https://www.jumbo.com/dam-images/fit-in/360x360/Products/11032025_1741682560335_1741682561471_685676_STK_.png",
    "available": true,
    "promoUntil": "di 7 okt"
  },
  {
    "id": "175096DS",
    "title": "Clipper Snore & Peace Organic Chamomile, Lemon Balm & Lavender Infusion 20 Stuks 30 g",
    "category": "Koffie en thee",
    "price": 3.69,
    "promoPrice": null,
    "pricePerUnit": "0.18 pieces",
    "image": "https://www.jumbo.com/dam-images/fit-in/360x360/Products/24042025_1745458510462_1745458517714_175096_DS_05021991940026_H1N1.png",
    "available": true,
    "promoUntil": null
  },
  {
    "id": "156612BLK",
    "title": "John West Tonijnmoot in Olijfolie 145g",
    "category": "Conserven, soepen, sauzen, oliën",
    "price": 3.5,
    "promoPrice": null,
    "pricePerUnit": "34.31 kg",
    "image": "https://www.jumbo.com/dam-images/fit-in/360x360/Products/156612_5000171056238_1_T1_156612BLK1691391896964.png",
    "available": true,
    "promoUntil": null
  },
  {
    "id": "485514FLS",
    "title": "Calvé Knijpfles Samba Saus 250 ml",
    "category": "Conserven, soepen, sauzen, oliën",
    "price": 3.39,
    "promoPrice": null,
    "pricePerUnit": "13.56 l",
    "image": "https://www.jumbo.com/dam-images/fit-in/360x360/Products/12082025_1754987602607_1754987608335_8720182269997_1.png",
    "available": true,
    "promoUntil": null
  },
  {
    "id": "613263FLS",
    "title": "Calvé Knijpfles Zoetzuur Saus 250 ml ",
    "category": "Conserven, soepen, sauzen, oliën",
    "price": 2.99,
    "promoPrice": null,
    "pricePerUnit": "11.96 l",
    "image": "https://www.jumbo.com/dam-images/fit-in/360x360/Products/30072025_1753889672951_1753889678175_8720182783349_1.png",
    "available": true,
    "promoUntil": null
  },
  {
    "id": "575852DS",
    "title": "Jumbo Koffiefilters No. 2 Ongebleekt 100 Stuks",
    "category": "Koffie en thee",
    "price": 0.99,
    "promoPrice": null,
    "pricePerUnit": "0.01 pieces",
    "image": "https://www.jumbo.com/dam-images/fit-in/360x360/Products/09082023_1691595445296_1691595452404_8718452726509_1.png",
    "available": true,
    "promoUntil": null
  },
  {
    "id": "711469STK",
    "title": "Campina Halfvolle Yoghurt 2 x 1 L",
    "category": "Zuivel, eieren, boter",
    "price": 3.78,
    "promoPrice": 3.4,
    "pricePerUnit": "None None",
    "image": "https://www.jumbo.com/dam-images/fit-in/360x360/Products/20258337e91c8c31-0c63-414b-9ee7-6376c93c76cf-1753712177458.png",
    "available": true,
    "promoUntil": "di 7 okt"
  },
  {
    "id": "711468STK",
    "title": "Campina halfvolle melk 3 x 1,5L",
    "category": "Zuivel, eieren, boter",
    "price": 5.85,
    "promoPrice": 5.26,
    "pricePerUnit": "None None",
    "image": "https://www.jumbo.com/dam-images/fit-in/360x360/Products/202583209849ed17-0ea2-409e-af0b-008a7fc8b222-1753712154560.png",
    "available": true,
    "promoUntil": "di 7 okt"
  },
  {
    "id": "614418BLK",
    "title": "Jumbo Borlottibonen in Tomaten-Chilisaus 400 g",
    "category": "Conserven, soepen, sauzen, oliën",
    "price": 1.79,
    "promoPrice": null,
    "pricePerUnit": "7.46 kg",
    "image": "https://www.jumbo.com/dam-images/fit-in/360x360/Products/14062024_1718364826028_1718364844580_8718452817801_596.png",
    "available": true,
    "promoUntil": null
  },
  {
    "id": "672886ZK",
    "title": "Jumbo Salademix Oosterse Stijl 125 g",
    "category": "Conserven, soepen, sauzen, oliën",
    "price": 2.49,
    "promoPrice": null,
    "pricePerUnit": "19.92 kg",
    "image": "https://www.jumbo.com/dam-images/fit-in/360x360/Products/29072025_1753796019917_1753796026786_8718452902163_1.png",
    "available": true,
    "promoUntil": null
  },
  {
    "id": "441090STK",
    "title": "Jumbo Vla 3 x 1L",
    "category": "Zuivel, eieren, boter",
    "price": 4.77,
    "promoPrice": null,
    "pricePerUnit": "None None",
    "image": "https://www.jumbo.com/dam-images/fit-in/360x360/Products/200341394828d8fe-df87-4e06-97b4-648053a2abcf-1725529067643.png",
    "available": true,
    "promoUntil": null
  },
  {
    "id": "600134PAK",
    "title": "Boon Linzen in Kruidige Tomatensaus 190 g",
    "category": "Conserven, soepen, sauzen, oliën",
    "price": 1.19,
    "promoPrice": null,
    "pricePerUnit": "6.26 kg",
    "image": "https://www.jumbo.com/dam-images/fit-in/360x360/Products/25032024_1711381692037_1711381696903_8710646700258_1.png",
    "available": true,
    "promoUntil": null
  },
  {
    "id": "388079PAK",
    "title": "Dr. Oetker Muffins Naturel Bakmix 350 g",
    "category": "Ontbijt, broodbeleg en bakproducten",
    "price": 2.56,
    "promoPrice": null,
    "pricePerUnit": "7.11 kg",
    "image": "https://www.jumbo.com/dam-images/fit-in/360x360/Products/28052025_1748396800990_1748396808478_388079_PAK_08710466304728_C1N1_s02.png",
    "available": true,
    "promoUntil": null
  },
  {
    "id": "672203DS",
    "title": "Dr. Oetker Safari Diertjes Decoratie 8 Stuks 16 g",
    "category": "Ontbijt, broodbeleg en bakproducten",
    "price": 2.96,
    "promoPrice": null,
    "pricePerUnit": "185.0 kg",
    "image": "https://www.jumbo.com/dam-images/fit-in/360x360/Products/17042025_1744857789196_1744857792566_672203_DS_08710466327321_C1N1_s02.png",
    "available": true,
    "promoUntil": null
  },
  {
    "id": "683037DS",
    "title": "Hero Mini Jam 6 x 28,3 g",
    "category": "Ontbijt, broodbeleg en bakproducten",
    "price": 3.99,
    "promoPrice": null,
    "pricePerUnit": "23.47 kg",
    "image": "https://www.jumbo.com/dam-images/fit-in/360x360/Products/15042025_1744720345814_1744720357418_8713500081074_1.png",
    "available": true,
    "promoUntil": null
  },
  {
    "id": "557687ZK",
    "title": "Jordans The Original Crunchy Naturel Granola 450 g",
    "category": "Ontbijt, broodbeleg en bakproducten",
    "price": 3.46,
    "promoPrice": null,
    "pricePerUnit": "7.69 kg",
    "image": "https://www.jumbo.com/dam-images/fit-in/360x360/Products/05062025_1749090121752_1749090128725_557687_ZK_05010477363459_A1N1.png",
    "available": true,
    "promoUntil": null
  },
  {
    "id": "599244PAK",
    "title": "Hak Linzen 190 g",
    "category": "Conserven, soepen, sauzen, oliën",
    "price": 0.99,
    "promoPrice": null,
    "pricePerUnit": "8.61 kg",
    "image": "https://www.jumbo.com/dam-images/fit-in/360x360/Products/15012024_1705322045252_1705322051842_8720600624483_1.png",
    "available": true,
    "promoUntil": null
  },
  {
    "id": "485513FLS",
    "title": "Calvé Knijpfles Ravigotte Saus 250 ml",
    "category": "Conserven, soepen, sauzen, oliën",
    "price": 3.29,
    "promoPrice": null,
    "pricePerUnit": "13.16 l",
    "image": "https://www.jumbo.com/dam-images/fit-in/360x360/Products/12082025_1754987602556_1754987607377_8720182269966_1.png",
    "available": true,
    "promoUntil": null
  },
  {
    "id": "684705DS",
    "title": "HomeMade Complete Mix voor Carrot Cake 330 g",
    "category": "Ontbijt, broodbeleg en bakproducten",
    "price": 2.96,
    "promoPrice": null,
    "pricePerUnit": "8.97 kg",
    "image": "https://www.jumbo.com/dam-images/fit-in/360x360/Products/06032025_1741289545749_1741289552895_8719678037394_1.png",
    "available": true,
    "promoUntil": null
  },
  {
    "id": "703583FLS",
    "title": "Chovi Salsa de Allioli 250 ml",
    "category": "Conserven, soepen, sauzen, oliën",
    "price": 2.65,
    "promoPrice": null,
    "pricePerUnit": "10.6 l",
    "image": "https://www.jumbo.com/dam-images/fit-in/360x360/Products/17062025_1750126102183_1750126104136_703583_FLS_08410422001899_A1N1.png",
    "available": true,
    "promoUntil": null
  },
  {
    "id": "191722ZK",
    "title": "Jumbo Gedroogde Linzenmix 400 g",
    "category": "Conserven, soepen, sauzen, oliën",
    "price": 1.59,
    "promoPrice": null,
    "pricePerUnit": "3.98 kg",
    "image": "https://www.jumbo.com/dam-images/fit-in/360x360/Products/09082023_1691584439501_1691584460631_8718452252602_1.png",
    "available": true,
    "promoUntil": null
  },
  {
    "id": "138523BLK",
    "title": "John West Tonijnstukken met een Vleugje Olijfolie 2 x 60g",
    "category": "Conserven, soepen, sauzen, oliën",
    "price": 3.75,
    "promoPrice": null,
    "pricePerUnit": "31.25 kg",
    "image": "https://www.jumbo.com/dam-images/fit-in/360x360/Products/18092024_1726624423087_1726624432112_138523_BLK_05000171061874_C1N1.png",
    "available": true,
    "promoUntil": null
  },
  {
    "id": "295221DS",
    "title": "Jumbo Lekker Vrij van Gluten Broodmix 450 g",
    "category": "Ontbijt, broodbeleg en bakproducten",
    "price": 2.93,
    "promoPrice": null,
    "pricePerUnit": "6.51 kg",
    "image": "https://www.jumbo.com/dam-images/fit-in/360x360/Products/09042025_1744212808291_1744212815191_8718452842643_1.png",
    "available": true,
    "promoUntil": null
  },
  {
    "id": "600140PAK",
    "title": "Boon Witte Bonen in Piri-Piri Saus 380 g",
    "category": "Conserven, soepen, sauzen, oliën",
    "price": 1.99,
    "promoPrice": null,
    "pricePerUnit": "5.24 kg",
    "image": "https://www.jumbo.com/dam-images/fit-in/360x360/Products/25032024_1711381636357_1711381645779_8710646700012_1.png",
    "available": true,
    "promoUntil": null
  },
  {
    "id": "655793FLS",
    "title": "Fry Light Aromatic Garlic Oil Cooking Spray 190 ml",
    "category": "Conserven, soepen, sauzen, oliën",
    "price": 3.99,
    "promoPrice": null,
    "pricePerUnit": "21.0 l",
    "image": "https://www.jumbo.com/dam-images/fit-in/360x360/Products/12122024_1734021201443_1734021205925_5000442007693_1.png",
    "available": true,
    "promoUntil": null
  },
  {
    "id": "558889ZK",
    "title": "Jumbo Jus Tuinkruiden 18 g",
    "category": "Conserven, soepen, sauzen, oliën",
    "price": 0.56,
    "promoPrice": null,
    "pricePerUnit": "31.11 kg",
    "image": "https://www.jumbo.com/dam-images/fit-in/360x360/Products/10082023_1691678617694_1691678627451_8718452645503_1.png",
    "available": true,
    "promoUntil": null
  },
  {
    "id": "667876DS",
    "title": "Jumbo Mix voor Mini Cupcakes Naturel & Chocolade 300 g",
    "category": "Ontbijt, broodbeleg en bakproducten",
    "price": 2.49,
    "promoPrice": null,
    "pricePerUnit": "8.3 kg",
    "image": "https://www.jumbo.com/dam-images/fit-in/360x360/Products/14022025_1739539723171_1739539738164_8718452861965_596.png",
    "available": true,
    "promoUntil": null
  },
  {
    "id": "446707PAK",
    "title": "Dr. Oetker Cookies Chocolate Chips Bakmix 425 g",
    "category": "Ontbijt, broodbeleg en bakproducten",
    "price": 3.09,
    "promoPrice": null,
    "pricePerUnit": "7.27 kg",
    "image": "https://www.jumbo.com/dam-images/fit-in/360x360/Products/17042025_1744854806260_1744854811690_446707_PAK_08710466313126_C1N1_s02.png",
    "available": true,
    "promoUntil": null
  },
  {
    "id": "599207PAK",
    "title": "Hak Bonenmix 190 g",
    "category": "Conserven, soepen, sauzen, oliën",
    "price": 0.99,
    "promoPrice": null,
    "pricePerUnit": "8.61 kg",
    "image": "https://www.jumbo.com/dam-images/fit-in/360x360/Products/15012024_1705322044996_1705322051639_8720600625046_1.png",
    "available": true,
    "promoUntil": null
  },
  {
    "id": "165248POT",
    "title": "Jumbo Biologisch Chocopasta Hazelnoot 350 g",
    "category": "Ontbijt, broodbeleg en bakproducten",
    "price": 2.81,
    "promoPrice": null,
    "pricePerUnit": "8.03 kg",
    "image": "https://www.jumbo.com/dam-images/fit-in/360x360/Products/19032025_1742402009904_1742402018851_8718452575084_1.png",
    "available": true,
    "promoUntil": null
  },
  {
    "id": "547424FLS",
    "title": "HiPRO Protein Drink Stracciatella 300 ml",
    "category": "Zuivel, eieren, boter",
    "price": 2.39,
    "promoPrice": 1.79,
    "pricePerUnit": "5.97 l",
    "image": "https://www.jumbo.com/dam-images/fit-in/360x360/Products/27032025_1743050916944_1743050918766_547424_FLS_08713788123855_H1N1.png",
    "available": true,
    "promoUntil": "di 7 okt"
  },
  {
    "id": "305431PAK",
    "title": "Barebells Protein Bar Cookies & Cream 55 g",
    "category": "Ontbijt, broodbeleg en bakproducten",
    "price": 2.84,
    "promoPrice": 2.13,
    "pricePerUnit": "38.73 kg",
    "image": "https://www.jumbo.com/dam-images/fit-in/360x360/Products/22122023_1703220080996_1703220091991_305431_PAK_07340001800623_C1N1.png",
    "available": true,
    "promoUntil": "di 7 okt"
  },
  {
    "id": "164449POT",
    "title": "Jumbo Biologisch Gebroken Sperziebonen 340 g",
    "category": "Conserven, soepen, sauzen, oliën",
    "price": 1.09,
    "promoPrice": null,
    "pricePerUnit": "5.89 kg",
    "image": "https://www.jumbo.com/dam-images/fit-in/360x360/Products/05122023_1701794044811_1701794057031_8718452764716_1.png",
    "available": true,
    "promoUntil": null
  },
  {
    "id": "627181POT",
    "title": "Jumbo Mayonaise met Citroensmaak 465 g",
    "category": "Conserven, soepen, sauzen, oliën",
    "price": 1.99,
    "promoPrice": null,
    "pricePerUnit": "3.98 l",
    "image": "https://www.jumbo.com/dam-images/fit-in/360x360/Products/12062024_1718202885146_1718202890757_8718452826025_1.png",
    "available": true,
    "promoUntil": null
  },
  {
    "id": "623973RP",
    "title": "BioToday Bar Karamel 40 g",
    "category": "Ontbijt, broodbeleg en bakproducten",
    "price": 1.29,
    "promoPrice": null,
    "pricePerUnit": "32.25 kg",
    "image": "https://www.jumbo.com/dam-images/fit-in/360x360/Products/11092025_1757588653071_1757588656918_8719153031787_1.png",
    "available": true,
    "promoUntil": null
  },
  {
    "id": "707215BLK",
    "title": "Jumbo Biologisch Maïs 330 g",
    "category": "Conserven, soepen, sauzen, oliën",
    "price": 1.39,
    "promoPrice": null,
    "pricePerUnit": "4.88 kg",
    "image": "https://www.jumbo.com/dam-images/fit-in/360x360/Products/29082025_1756477988530_1756478004173_8718452889068_596.png",
    "available": true,
    "promoUntil": null
  },
  {
    "id": "305993DS",
    "title": "Jumbo Kruidenthee Goedemorgen 15 Stuks",
    "category": "Koffie en thee",
    "price": 0.95,
    "promoPrice": null,
    "pricePerUnit": "0.06 pieces",
    "image": "https://www.jumbo.com/dam-images/fit-in/360x360/Products/18092023_1695038099779_1695038110403_8718452402847_1.png",
    "available": true,
    "promoUntil": null
  },
  {
    "id": "482135FLS",
    "title": "Gouda's Glorie Fritessaus Halfvol 750 ml",
    "category": "Conserven, soepen, sauzen, oliën",
    "price": 2.79,
    "promoPrice": null,
    "pricePerUnit": "3.72 l",
    "image": "https://www.jumbo.com/dam-images/fit-in/360x360/Products/10082023_1691677307116_1691677314755_8710448638124_1.png",
    "available": true,
    "promoUntil": null
  },
  {
    "id": "493828STK",
    "title": "Jumbo Biologisch Rijstwafels Melkchocolade 100 g",
    "category": "Ontbijt, broodbeleg en bakproducten",
    "price": 1.68,
    "promoPrice": null,
    "pricePerUnit": "16.8 kg",
    "image": "https://www.jumbo.com/dam-images/fit-in/360x360/Products/10082023_1691677258908_1691677268715_8718452641796_1.png",
    "available": true,
    "promoUntil": null
  },
  {
    "id": "213650POT",
    "title": "Jumbo Snack Augurk Pittig 190 g",
    "category": "Conserven, soepen, sauzen, oliën",
    "price": 1.39,
    "promoPrice": null,
    "pricePerUnit": "7.32 kg",
    "image": "https://www.jumbo.com/dam-images/fit-in/360x360/Products/09082023_1691585024669_1691585033467_8718452335381_1.png",
    "available": true,
    "promoUntil": null
  },
  {
    "id": "168240POT",
    "title": "Grand'Italia Piccante met Chilipeper Pastasaus 260g",
    "category": "Conserven, soepen, sauzen, oliën",
    "price": 3.0,
    "promoPrice": null,
    "pricePerUnit": "11.54 kg",
    "image": "https://www.jumbo.com/dam-images/fit-in/360x360/Products/29082024_1724899640879_1724899646893_168240_POT_00000080023418_H1N1.png",
    "available": true,
    "promoUntil": null
  },
  {
    "id": "18721BLK",
    "title": "Bonduelle Reuzenbonen 255g",
    "category": "Conserven, soepen, sauzen, oliën",
    "price": 2.15,
    "promoPrice": null,
    "pricePerUnit": "9.56 kg",
    "image": "https://www.jumbo.com/dam-images/fit-in/360x360/Products/20012024_1705723007034_1705723016763_18721_BLK_03083681012620_C1N1.png",
    "available": true,
    "promoUntil": null
  },
  {
    "id": "491950ZK",
    "title": "Il Molino Chiavazza Bio Volkoren Bloem van Zachte Tarwe 500 g",
    "category": "Ontbijt, broodbeleg en bakproducten",
    "price": 1.09,
    "promoPrice": null,
    "pricePerUnit": "2.18 kg",
    "image": "https://www.jumbo.com/dam-images/fit-in/360x360/Products/10082023_1691677210080_1691677219869_8009550007868_1.png",
    "available": true,
    "promoUntil": null
  },
  {
    "id": "705383PAK",
    "title": "Jumbo Pinto Bonen 195 g",
    "category": "Conserven, soepen, sauzen, oliën",
    "price": 0.99,
    "promoPrice": null,
    "pricePerUnit": "5.08 kg",
    "image": "https://www.jumbo.com/dam-images/fit-in/360x360/Products/04072025_1751636012830_1751636026361_8718452925001_596.png",
    "available": true,
    "promoUntil": null
  },
  {
    "id": "228128STK",
    "title": "Bijenhuis Lindehoning 250 g",
    "category": "Koffie en thee",
    "price": 5.49,
    "promoPrice": null,
    "pricePerUnit": "21.96 kg",
    "image": "https://www.jumbo.com/dam-images/fit-in/360x360/Products/07052025_1746581554930_1746581560661_228128_STK_08719326394015_C1N1.png",
    "available": true,
    "promoUntil": null
  },
  {
    "id": "586381FLS",
    "title": "D&L Tartare Squeeze 300ml",
    "category": "Conserven, soepen, sauzen, oliën",
    "price": 3.99,
    "promoPrice": null,
    "pricePerUnit": "13.3 l",
    "image": "https://www.jumbo.com/dam-images/fit-in/360x360/Products/28092023_1695919968564_1695920004008_5414972110523_1.png",
    "available": true,
    "promoUntil": null
  },
  {
    "id": "144152FLS",
    "title": "Daily Wokolie 500 ml",
    "category": "Conserven, soepen, sauzen, oliën",
    "price": 3.45,
    "promoPrice": null,
    "pricePerUnit": "6.9 l",
    "image": "https://www.jumbo.com/dam-images/fit-in/360x360/Products/10082023_1691674927480_1691674939956_8710161014120_1.png",
    "available": true,
    "promoUntil": null
  },
  {
    "id": "633653POT",
    "title": "Jumbo Unicorn Sprinkels 60 g",
    "category": "Ontbijt, broodbeleg en bakproducten",
    "price": 1.97,
    "promoPrice": null,
    "pricePerUnit": "32.83 kg",
    "image": "https://www.jumbo.com/dam-images/fit-in/360x360/Products/25092024_1727278476583_1727278484249_8718452843671_1.png",
    "available": true,
    "promoUntil": null
  },
  {
    "id": "609521DS",
    "title": "Clipper Ginger & Apple Organic Infusion 20 Stuks 40 g",
    "category": "Koffie en thee",
    "price": 3.69,
    "promoPrice": null,
    "pricePerUnit": "0.18 pieces",
    "image": "https://www.jumbo.com/dam-images/fit-in/360x360/Products/22032025_1742610855080_1742610860039_609521_DS_05021991944543_H1N1.png",
    "available": true,
    "promoUntil": null
  },
  {
    "id": "373375BUS",
    "title": "Drink me Chai Vegan Chai Latte 250 g",
    "category": "Koffie en thee",
    "price": 6.59,
    "promoPrice": null,
    "pricePerUnit": "26.36 kg",
    "image": "https://www.jumbo.com/dam-images/fit-in/360x360/Products/29112023_1701229419885_1701229423390_373375_BUS_05060072971320_C1N1.png",
    "available": true,
    "promoUntil": null
  },
  {
    "id": "142105FLS",
    "title": "Dr. Oetker Aroma Citroensmaak 38 ml",
    "category": "Ontbijt, broodbeleg en bakproducten",
    "price": 1.19,
    "promoPrice": null,
    "pricePerUnit": "31.32 l",
    "image": "https://www.jumbo.com/dam-images/fit-in/360x360/Products/17042025_1744862159503_1744862167744_142105_FLS_08710466268525_C1N1_s01.png",
    "available": true,
    "promoUntil": null
  },
  {
    "id": "557683DSL",
    "title": "Holie's Crunchy Muesli Chocolate - 6 x 400g",
    "category": "Ontbijt, broodbeleg en bakproducten",
    "price": 22.5,
    "promoPrice": null,
    "pricePerUnit": "9.38 kg",
    "image": "https://www.jumbo.com/dam-images/fit-in/360x360/Products/87202560823781ce1b778-070e-44b9-8dff-8c747c1a5a48-1757511657346.png",
    "available": true,
    "promoUntil": null
  },
  {
    "id": "600148STK",
    "title": "Jumbo Energy Gel Framboos Smaak 45 g",
    "category": "Ontbijt, broodbeleg en bakproducten",
    "price": 1.53,
    "promoPrice": null,
    "pricePerUnit": "34.0 kg",
    "image": "https://www.jumbo.com/dam-images/fit-in/360x360/Products/14042025_1744644769362_1744644773185_8718452624966_1.png",
    "available": true,
    "promoUntil": null
  },
  {
    "id": "191720ZK",
    "title": "Jumbo Gedroogde Rode Kidneybonen 400 g",
    "category": "Conserven, soepen, sauzen, oliën",
    "price": 2.39,
    "promoPrice": null,
    "pricePerUnit": "5.98 kg",
    "image": "https://www.jumbo.com/dam-images/fit-in/360x360/Products/09082023_1691584439553_1691584459006_8718452252596_1.png",
    "available": true,
    "promoUntil": null
  },
  {
    "id": "191667ZK",
    "title": "Jumbo Gedroogde Witte Bonen 400 g",
    "category": "Conserven, soepen, sauzen, oliën",
    "price": 1.19,
    "promoPrice": null,
    "pricePerUnit": "2.98 kg",
    "image": "https://www.jumbo.com/dam-images/fit-in/360x360/Products/09082023_1691584439079_1691584471567_8718452252589_1.png",
    "available": true,
    "promoUntil": null
  },
  {
    "id": "569974CUP",
    "title": "Jumbo Plantaardig Soya 400 g",
    "category": "Zuivel, eieren, boter",
    "price": 1.69,
    "promoPrice": null,
    "pricePerUnit": "4.23 kg",
    "image": "https://www.jumbo.com/dam-images/fit-in/360x360/Products/14022024_1707872790573_1707872795283_8718452688715_1.png",
    "available": true,
    "promoUntil": null
  },
  {
    "id": "673143FLS",
    "title": "Jumbo Dressing Thousand Island 450ML",
    "category": "Conserven, soepen, sauzen, oliën",
    "price": 1.79,
    "promoPrice": null,
    "pricePerUnit": "3.98 l",
    "image": "https://www.jumbo.com/dam-images/fit-in/360x360/Products/30052025_1748619189647_1748619194910_8718452895588_1.png",
    "available": true,
    "promoUntil": null
  },
  {
    "id": "152230ZK",
    "title": "Jumbo Mix voor Gele Room 140 g",
    "category": "Ontbijt, broodbeleg en bakproducten",
    "price": 1.21,
    "promoPrice": null,
    "pricePerUnit": "8.64 kg",
    "image": "https://www.jumbo.com/dam-images/fit-in/360x360/Products/02042025_1743604410340_1743604427717_8718452825400_596.png",
    "available": true,
    "promoUntil": null
  },
  {
    "id": "677308PAK",
    "title": "Barebells Protein Bar Creamy Crisp 55g",
    "category": "Ontbijt, broodbeleg en bakproducten",
    "price": 2.96,
    "promoPrice": 2.22,
    "pricePerUnit": "40.36 kg",
    "image": "https://www.jumbo.com/dam-images/fit-in/360x360/Products/04022025_1738658734475_1738658743768_677308_PAK_07340001805918_C1N1.png",
    "available": true,
    "promoUntil": "di 7 okt"
  },
  {
    "id": "76764FLS",
    "title": "Bertolli Balsamico azijn uit Modena",
    "category": "Conserven, soepen, sauzen, oliën",
    "price": 4.25,
    "promoPrice": null,
    "pricePerUnit": "17.0 l",
    "image": "https://www.jumbo.com/dam-images/fit-in/360x360/Products/08082025_1754652803718_1754652808791_8000850210651_596.png",
    "available": true,
    "promoUntil": null
  },
  {
    "id": "450850FLS",
    "title": "Brassica Koud & Warm Koolzaadolie 500 ml ",
    "category": "Conserven, soepen, sauzen, oliën",
    "price": 3.63,
    "promoPrice": null,
    "pricePerUnit": "7.26 l",
    "image": "https://www.jumbo.com/dam-images/fit-in/360x360/Products/29072025_1753796019863_1753796024010_8718182760088_1.png",
    "available": true,
    "promoUntil": null
  },
  {
    "id": "558978ZK",
    "title": "Jordans Low Sugar Granola with Chocolate 400 g",
    "category": "Ontbijt, broodbeleg en bakproducten",
    "price": 4.99,
    "promoPrice": null,
    "pricePerUnit": "12.48 kg",
    "image": "https://www.jumbo.com/dam-images/fit-in/360x360/Products/17042025_1744900367557_1744900376405_5010477363596_1.png",
    "available": true,
    "promoUntil": null
  },
  {
    "id": "676006DS",
    "title": "Holie's Crunchy Muesli Protein Speculaas 400g",
    "category": "Ontbijt, broodbeleg en bakproducten",
    "price": 4.15,
    "promoPrice": null,
    "pricePerUnit": "10.38 kg",
    "image": "https://www.jumbo.com/dam-images/fit-in/360x360/Products/18032025_1742269024661_1742269036490_676006_DS_08721161523321_C1N1.png",
    "available": true,
    "promoUntil": null
  },
  {
    "id": "485063POT",
    "title": "Brinkers So Vegan So Fine Pistachepasta 270 g",
    "category": "Ontbijt, broodbeleg en bakproducten",
    "price": 5.16,
    "promoPrice": null,
    "pricePerUnit": "19.11 kg",
    "image": "https://www.jumbo.com/dam-images/fit-in/360x360/Products/10082023_1691677258553_1691677266820_8710573743199_1.png",
    "available": true,
    "promoUntil": null
  },
  {
    "id": "685851FLS",
    "title": "Arla Cultura Blauwe Bes 330 ml",
    "category": "Zuivel, eieren, boter",
    "price": 1.99,
    "promoPrice": null,
    "pricePerUnit": "6.03 l",
    "image": "https://www.jumbo.com/dam-images/fit-in/360x360/Products/11032025_1741698415808_1741698431291_685851_FLS_05711953195969_H1N1.png",
    "available": true,
    "promoUntil": null
  },
  {
    "id": "712604FLS",
    "title": "Heinz Curry Gewurz Ketchup Classic 400 ml",
    "category": "Conserven, soepen, sauzen, oliën",
    "price": 2.99,
    "promoPrice": null,
    "pricePerUnit": "7.48 l",
    "image": "https://www.jumbo.com/dam-images/fit-in/360x360/Products/05082025_1754395606342_1754395609159_712604_FLS_08715700128580_C1N1.png",
    "available": true,
    "promoUntil": null
  },
  {
    "id": "560669PAK",
    "title": "Boon Zwarte Boon 380 g",
    "category": "Conserven, soepen, sauzen, oliën",
    "price": 1.19,
    "promoPrice": null,
    "pricePerUnit": "5.17 kg",
    "image": "https://www.jumbo.com/dam-images/fit-in/360x360/Products/25032024_1711381521627_1711381524265_8710646900047_1.png",
    "available": true,
    "promoUntil": null
  },
  {
    "id": "182863STK",
    "title": "Becel Olie Blend met Olijfolie 0,5 L",
    "category": "Conserven, soepen, sauzen, oliën",
    "price": 5.44,
    "promoPrice": null,
    "pricePerUnit": "10.88 l",
    "image": "https://www.jumbo.com/dam-images/fit-in/360x360/Products/21022025_1740137586309_1740137589648_8719200073012_1.png",
    "available": true,
    "promoUntil": null
  },
  {
    "id": "617247FLS",
    "title": "Beautiful Immunity Kefir ondersteunt de darmflora Naturel 500 ml",
    "category": "Zuivel, eieren, boter",
    "price": 2.19,
    "promoPrice": null,
    "pricePerUnit": "4.38 l",
    "image": "https://www.jumbo.com/dam-images/fit-in/360x360/Products/05082025_1754356008904_1754356018127_617247_FLS_05060337222761_C1N1.png",
    "available": true,
    "promoUntil": null
  },
  {
    "id": "646912ZK",
    "title": "BioToday Spelt Speculoos Koeken 200 g",
    "category": "Ontbijt, broodbeleg en bakproducten",
    "price": 3.75,
    "promoPrice": null,
    "pricePerUnit": "18.75 kg",
    "image": "https://www.jumbo.com/dam-images/fit-in/360x360/Products/09092025_1757410418635_1757410424256_8718858932337_1.png",
    "available": true,
    "promoUntil": null
  },
  {
    "id": "673410FLS",
    "title": "Hela Tomaat Olijf Dressing 250 ml",
    "category": "Conserven, soepen, sauzen, oliën",
    "price": 2.89,
    "promoPrice": null,
    "pricePerUnit": "11.56 l",
    "image": "https://www.jumbo.com/dam-images/fit-in/360x360/Products/14082025_1755137474540_1755137478887_673410_FLS_08713883999874_C1N1.png",
    "available": true,
    "promoUntil": null
  },
  {
    "id": "607321PAK",
    "title": "Jumbo Almond Barista Opschuimbaar 1 L",
    "category": "Zuivel, eieren, boter",
    "price": 1.69,
    "promoPrice": null,
    "pricePerUnit": "1.69 l",
    "image": "https://www.jumbo.com/dam-images/fit-in/360x360/Products/20062024_1718894210158_1718894221097_8718452799701_596.png",
    "available": true,
    "promoUntil": null
  },
  {
    "id": "418770FLS",
    "title": "Jumbo Gele Natuurazijn 1,5L",
    "category": "Conserven, soepen, sauzen, oliën",
    "price": 1.18,
    "promoPrice": null,
    "pricePerUnit": "0.79 l",
    "image": "https://www.jumbo.com/dam-images/fit-in/360x360/Products/28022025_1740753169000_1740753180625_8718452544837_596.png",
    "available": true,
    "promoUntil": null
  },
  {
    "id": "624438DS",
    "title": "Jumbo Mix voor Brownies 360 g",
    "category": "Ontbijt, broodbeleg en bakproducten",
    "price": 1.63,
    "promoPrice": null,
    "pricePerUnit": "4.53 kg",
    "image": "https://www.jumbo.com/dam-images/fit-in/360x360/Products/10052024_1715351656861_1715351673868_8718452787951_596.png",
    "available": true,
    "promoUntil": null
  },
  {
    "id": "622896FLS",
    "title": "Jumbo Ravigote Saus 300 ml",
    "category": "Conserven, soepen, sauzen, oliën",
    "price": 1.35,
    "promoPrice": null,
    "pricePerUnit": "4.5 l",
    "image": "https://www.jumbo.com/dam-images/fit-in/360x360/Products/31052024_1717151660992_1717151664598_8718452804948_1.png",
    "available": true,
    "promoUntil": null
  },
  {
    "id": "689500DS",
    "title": "Jordans Pop & Crisp Honey 400 g",
    "category": "Ontbijt, broodbeleg en bakproducten",
    "price": 3.99,
    "promoPrice": null,
    "pricePerUnit": "9.98 kg",
    "image": "https://www.jumbo.com/dam-images/fit-in/360x360/Products/22052025_1747876218941_1747876223464_689500_DS_05010477367853_A1N1.png",
    "available": true,
    "promoUntil": null
  },
  {
    "id": "198248FLS",
    "title": "Calvé Saus Honing Mosterd 250 ml",
    "category": "Conserven, soepen, sauzen, oliën",
    "price": 2.49,
    "promoPrice": null,
    "pricePerUnit": "9.96 l",
    "image": "https://www.jumbo.com/dam-images/fit-in/360x360/Products/24092025_1758680059342_1758680086506_198248_FLS_08720182743589_C1N1.png",
    "available": true,
    "promoUntil": null
  },
  {
    "id": "586385FLS",
    "title": "D&L Mayonaise Citroen Squeeze 450ml",
    "category": "Conserven, soepen, sauzen, oliën",
    "price": 4.45,
    "promoPrice": null,
    "pricePerUnit": "9.89 l",
    "image": "https://www.jumbo.com/dam-images/fit-in/360x360/Products/30082023_1693402036754_1693402039471_586385_FLS_05410056197749_C1N1.png",
    "available": true,
    "promoUntil": null
  },
  {
    "id": "275130FLS",
    "title": "Hela Kruiden Ketchup Pinda 500 ml",
    "category": "Conserven, soepen, sauzen, oliën",
    "price": 3.59,
    "promoPrice": null,
    "pricePerUnit": "7.18 l",
    "image": "https://www.jumbo.com/dam-images/fit-in/360x360/Products/14022024_1707873912147_1707873915346_8713883000136_1.png",
    "available": true,
    "promoUntil": null
  },
  {
    "id": "39038DS",
    "title": "Celestial Seasonings Sleepytime Infusion 20 Tea Bags 29 g",
    "category": "Koffie en thee",
    "price": 2.99,
    "promoPrice": null,
    "pricePerUnit": "0.15 pieces",
    "image": "https://www.jumbo.com/dam-images/fit-in/360x360/Products/12122024_1734014599336_1734014608586_70734000034_1.png",
    "available": true,
    "promoUntil": null
  },
  {
    "id": "466414ZK",
    "title": "Dr. Oetker Choco Glazuur 100g",
    "category": "Ontbijt, broodbeleg en bakproducten",
    "price": 1.79,
    "promoPrice": null,
    "pricePerUnit": "17.9 kg",
    "image": "https://www.jumbo.com/dam-images/fit-in/360x360/Products/17042025_1744856161855_1744856166400_466414_ZK_08710466282521_C1N1_s01.png",
    "available": true,
    "promoUntil": null
  },
  {
    "id": "156425STK",
    "title": "Dr. Oetker Mug Cake Stracciatella 60 g",
    "category": "Ontbijt, broodbeleg en bakproducten",
    "price": 1.57,
    "promoPrice": null,
    "pricePerUnit": "26.17 kg",
    "image": "https://www.jumbo.com/dam-images/fit-in/360x360/Products/18042025_1744945311107_1744945312711_156425_STK_08710466271624_C1N1_s01.png",
    "available": true,
    "promoUntil": null
  },
  {
    "id": "648622BLK",
    "title": "John West Protein Tonijnmoot Vleugje Olijfolie 120g",
    "category": "Conserven, soepen, sauzen, oliën",
    "price": 3.36,
    "promoPrice": null,
    "pricePerUnit": "28.0 kg",
    "image": "https://www.jumbo.com/dam-images/fit-in/360x360/Products/02092024_1725271950402_1725271953553_648622_BLK_05000171061904_C1N1.png",
    "available": true,
    "promoUntil": null
  },
  {
    "id": "522116FLS",
    "title": "Jumbo High Protein Shake Vanille Smaak 310 ml",
    "category": "Zuivel, eieren, boter",
    "price": 1.79,
    "promoPrice": null,
    "pricePerUnit": "5.77 l",
    "image": "https://www.jumbo.com/dam-images/fit-in/360x360/Products/14082024_1723649723135_1723649733593_8718452808700_596.png",
    "available": true,
    "promoUntil": null
  },
  {
    "id": "638551POT",
    "title": "Jumbo Mayonaise met Citroen 180 g",
    "category": "Conserven, soepen, sauzen, oliën",
    "price": 1.39,
    "promoPrice": null,
    "pricePerUnit": "7.72 kg",
    "image": "https://www.jumbo.com/dam-images/fit-in/360x360/Products/16072024_1721094133424_1721094150707_638551_POT_08718452839209_C1N1.png",
    "available": true,
    "promoUntil": null
  },
  {
    "id": "633662DS",
    "title": "Jumbo Taartdecoratie Feest 35 g",
    "category": "Ontbijt, broodbeleg en bakproducten",
    "price": 2.99,
    "promoPrice": null,
    "pricePerUnit": "85.43 kg",
    "image": "https://www.jumbo.com/dam-images/fit-in/360x360/Products/25092024_1727278476491_1727278484615_8718452843756_1.png",
    "available": true,
    "promoUntil": null
  },
  {
    "id": "676454PAK",
    "title": "Jumbo Croutons Volkoren 125 g ",
    "category": "Conserven, soepen, sauzen, oliën",
    "price": 1.89,
    "promoPrice": null,
    "pricePerUnit": "15.12 kg",
    "image": "https://www.jumbo.com/dam-images/fit-in/360x360/Products/29072025_1753796020032_1753796025967_8718452913282_1.png",
    "available": true,
    "promoUntil": null
  },
  {
    "id": "627180POT",
    "title": "Jumbo Mayonaise 465 g",
    "category": "Conserven, soepen, sauzen, oliën",
    "price": 1.89,
    "promoPrice": null,
    "pricePerUnit": "3.78 l",
    "image": "https://www.jumbo.com/dam-images/fit-in/360x360/Products/12062024_1718202885252_1718202896767_8718452826032_1.png",
    "available": true,
    "promoUntil": null
  },
  {
    "id": "642013STK",
    "title": "Campina Vla variatie 3 x 1L",
    "category": "Zuivel, eieren, boter",
    "price": 7.77,
    "promoPrice": null,
    "pricePerUnit": "None None",
    "image": "https://www.jumbo.com/dam-images/fit-in/360x360/Products/200582033afeb0d3-b841-42c3-8eab-a837e04b3176-1721899620054.png",
    "available": true,
    "promoUntil": null
  },
  {
    "id": "650033FLS",
    "title": "Jumbo Biologisch Appelcider Azijn Ongefilterd 500ML",
    "category": "Conserven, soepen, sauzen, oliën",
    "price": 2.69,
    "promoPrice": null,
    "pricePerUnit": "5.38 l",
    "image": "https://www.jumbo.com/dam-images/fit-in/360x360/Products/8718452814237T1def6b532-4005-45a5-84da-35196978d198-1733137867189.png",
    "available": true,
    "promoUntil": null
  },
  {
    "id": "600915DS",
    "title": "Jumbo Biologisch Citroengras Gember Thee 30 g",
    "category": "Koffie en thee",
    "price": 1.79,
    "promoPrice": null,
    "pricePerUnit": "0.09 pieces",
    "image": "https://www.jumbo.com/dam-images/fit-in/360x360/Products/25032024_1711381756153_1711381767149_8718452774968_1.png",
    "available": true,
    "promoUntil": null
  },
  {
    "id": "558886ZK",
    "title": "Jumbo Jus Stamppot 18 g",
    "category": "Conserven, soepen, sauzen, oliën",
    "price": 0.39,
    "promoPrice": null,
    "pricePerUnit": "21.67 kg",
    "image": "https://www.jumbo.com/dam-images/fit-in/360x360/Products/10082023_1691678617590_1691678628596_8718452645527_1.png",
    "available": true,
    "promoUntil": null
  },
  {
    "id": "190167STK",
    "title": "Dr. Oetker Glazuur Wit Taart Versiering 125 g",
    "category": "Ontbijt, broodbeleg en bakproducten",
    "price": 1.79,
    "promoPrice": null,
    "pricePerUnit": "14.32 kg",
    "image": "https://www.jumbo.com/dam-images/fit-in/360x360/Products/17042025_1744854050959_1744854055917_190167_STK_08710466282620_C1N1_s01.png",
    "available": true,
    "promoUntil": null
  },
  {
    "id": "659492CUP",
    "title": "Fusero Panna Cotta Koffie 125g",
    "category": "Zuivel, eieren, boter",
    "price": 1.99,
    "promoPrice": null,
    "pricePerUnit": "15.92 kg",
    "image": "https://www.jumbo.com/dam-images/fit-in/360x360/Products/23042025_1745386345471_1745386352345_8051128533026_1.png",
    "available": true,
    "promoUntil": null
  },
  {
    "id": "223849POT",
    "title": "Hak BIO Rode Bieten Sticks 355g",
    "category": "Conserven, soepen, sauzen, oliën",
    "price": 2.56,
    "promoPrice": null,
    "pricePerUnit": "9.85 kg",
    "image": "https://www.jumbo.com/dam-images/fit-in/360x360/Products/09082023_1691594321483_1691594330623_8720600617430_1.png",
    "available": true,
    "promoUntil": null
  },
  {
    "id": "624762BLK",
    "title": "Illy Arabica Selection Gebrande Koffiebonen Brasile 250g",
    "category": "Koffie en thee",
    "price": 7.99,
    "promoPrice": null,
    "pricePerUnit": "31.96 kg",
    "image": "https://www.jumbo.com/dam-images/fit-in/360x360/Products/04022025_1738648466893_1738648470569_624762_BLK_08003753214887_C1N1.png",
    "available": true,
    "promoUntil": null
  },
  {
    "id": "421556ZK",
    "title": "John West Tonijn Twist met Franse Dressing 85g",
    "category": "Conserven, soepen, sauzen, oliën",
    "price": 3.26,
    "promoPrice": null,
    "pricePerUnit": "38.35 kg",
    "image": "https://www.jumbo.com/dam-images/fit-in/360x360/Products/16082023_1692148930353_1692148934225_421556_ZK_05000171060754_C1N1.png",
    "available": true,
    "promoUntil": null
  },
  {
    "id": "191669ZK",
    "title": "Jumbo Gedroogde Kikkererwten 400 g",
    "category": "Conserven, soepen, sauzen, oliën",
    "price": 1.79,
    "promoPrice": null,
    "pricePerUnit": "4.48 kg",
    "image": "https://www.jumbo.com/dam-images/fit-in/360x360/Products/09082023_1691584439433_1691584453667_8718452252572_1.png",
    "available": true,
    "promoUntil": null
  },
  {
    "id": "674152ZK",
    "title": "Jumbo Moerbei Gojibes Mix 260 g",
    "category": "Ontbijt, broodbeleg en bakproducten",
    "price": 3.08,
    "promoPrice": null,
    "pricePerUnit": "11.85 kg",
    "image": "https://www.jumbo.com/dam-images/fit-in/360x360/Products/14042025_1744644770064_1744644777952_8718452870660_1.png",
    "available": true,
    "promoUntil": null
  },
  {
    "id": "688093DS",
    "title": "Dr. Oetker Slagschuim 70g",
    "category": "Ontbijt, broodbeleg en bakproducten",
    "price": 2.59,
    "promoPrice": null,
    "pricePerUnit": "37.0 kg",
    "image": "https://www.jumbo.com/dam-images/fit-in/360x360/Products/17042025_1744859622909_1744859628701_688093_DS_05410231114127_C1N1_s01.png",
    "available": true,
    "promoUntil": null
  },
  {
    "id": "689024ZK",
    "title": "Jumbo Gevulde Chinese Tomatensoep 570ML",
    "category": "Conserven, soepen, sauzen, oliën",
    "price": 2.79,
    "promoPrice": null,
    "pricePerUnit": "4.89 l",
    "image": "https://www.jumbo.com/dam-images/fit-in/360x360/Products/08052025_1746714772156_1746714790740_8718452887903_596.png",
    "available": true,
    "promoUntil": null
  },
  {
    "id": "630479DS",
    "title": "Jumbo Mix voor Kwarktaart Naturel 400 g",
    "category": "Ontbijt, broodbeleg en bakproducten",
    "price": 2.29,
    "promoPrice": null,
    "pricePerUnit": "5.73 kg",
    "image": "https://www.jumbo.com/dam-images/fit-in/360x360/Products/14062024_1718364826659_1718364844407_8718452788026_596.png",
    "available": true,
    "promoUntil": null
  },
  {
    "id": "646896DS",
    "title": "BioToday Vegan Chocolate Coated Bar Pinda's 3 x 40 g",
    "category": "Ontbijt, broodbeleg en bakproducten",
    "price": 3.95,
    "promoPrice": null,
    "pricePerUnit": "32.92 kg",
    "image": "https://www.jumbo.com/dam-images/fit-in/360x360/Products/10092025_1757466041797_1757466053676_646896_DS_08719153035167_C1N1.png",
    "available": true,
    "promoUntil": null
  },
  {
    "id": "454449CUP",
    "title": "Blue Band Finesse Kookroom 250 ml",
    "category": "Zuivel, eieren, boter",
    "price": 1.69,
    "promoPrice": null,
    "pricePerUnit": "6.76 l",
    "image": "https://www.jumbo.com/dam-images/fit-in/360x360/Products/8719200285040T1f1a4bea4-6bb6-4ab6-8819-6b856b2b50fd-1745485688415.png",
    "available": true,
    "promoUntil": null
  },
  {
    "id": "385742BLK",
    "title": "Bonduelle Doperwtjes 160g",
    "category": "Conserven, soepen, sauzen, oliën",
    "price": 1.09,
    "promoPrice": null,
    "pricePerUnit": "6.81 kg",
    "image": "https://www.jumbo.com/dam-images/fit-in/360x360/Products/27022024_1709002374635_1709002383540_385742_BLK_03083681012705_H1N1.png",
    "available": true,
    "promoUntil": null
  },
  {
    "id": "507650BLK",
    "title": "Bonduelle Linzen 160g",
    "category": "Conserven, soepen, sauzen, oliën",
    "price": 1.49,
    "promoPrice": null,
    "pricePerUnit": "11.46 kg",
    "image": "https://www.jumbo.com/dam-images/fit-in/360x360/Products/05062025_1749094623987_1749094635146_507650_BLK_03083681012644_C1N1.png",
    "available": true,
    "promoUntil": null
  },
  {
    "id": "549944PAK",
    "title": "Grenade Proteïne Reep Oreo 60g",
    "category": "Ontbijt, broodbeleg en bakproducten",
    "price": 2.76,
    "promoPrice": 2.07,
    "pricePerUnit": "34.5 kg",
    "image": "https://www.jumbo.com/dam-images/fit-in/360x360/Products/05082025_1754408014962_1754408019233_5060811383254_1.png",
    "available": true,
    "promoUntil": "di 7 okt"
  },
  {
    "id": "584681DS",
    "title": "Jordans Ultimate Berry Granola 325 g",
    "category": "Ontbijt, broodbeleg en bakproducten",
    "price": 3.95,
    "promoPrice": null,
    "pricePerUnit": "12.15 kg",
    "image": "https://www.jumbo.com/dam-images/fit-in/360x360/Products/14022024_1707873316956_1707873324771_5010477364739_1.png",
    "available": true,
    "promoUntil": null
  },
  {
    "id": "638047PAK",
    "title": "Barebells White Salty Peanut 55g",
    "category": "Ontbijt, broodbeleg en bakproducten",
    "price": 2.96,
    "promoPrice": 2.22,
    "pricePerUnit": "40.36 kg",
    "image": "https://www.jumbo.com/dam-images/fit-in/360x360/Products/07340001804430C1N1d83fcb63-882c-4630-b63e-dd31f5543f49-1725870642973.png",
    "available": true,
    "promoUntil": "di 7 okt"
  },
  {
    "id": "646243DS",
    "title": "Jumbo Biologisch Vezelrijk Knäckebrod 3 x 5 Stuks",
    "category": "Ontbijt, broodbeleg en bakproducten",
    "price": 1.53,
    "promoPrice": null,
    "pricePerUnit": "6.8 kg",
    "image": "https://www.jumbo.com/dam-images/fit-in/360x360/Products/10092024_1725982458953_1725982483750_8718452839766_596.png",
    "available": true,
    "promoUntil": null
  },
  {
    "id": "646911ZK",
    "title": "BioToday Rozijnen Cranberrykoeken 200 g",
    "category": "Ontbijt, broodbeleg en bakproducten",
    "price": 3.75,
    "promoPrice": null,
    "pricePerUnit": "18.75 kg",
    "image": "https://www.jumbo.com/dam-images/fit-in/360x360/Products/16092025_1758008009823_1758008015323_8718858932344_1.png",
    "available": true,
    "promoUntil": null
  },
  {
    "id": "175126STK",
    "title": "Jumbo Biologisch Havermeel 400g",
    "category": "Ontbijt, broodbeleg en bakproducten",
    "price": 3.39,
    "promoPrice": null,
    "pricePerUnit": "8.48 kg",
    "image": "https://www.jumbo.com/dam-images/fit-in/360x360/Products/29092023_1695995258390_1695995262297_8718452492770_1.png",
    "available": true,
    "promoUntil": null
  },
  {
    "id": "549589ZK",
    "title": "Café Intención Fuerte Filterkoffie 250 g",
    "category": "Koffie en thee",
    "price": 6.49,
    "promoPrice": null,
    "pricePerUnit": "25.96 kg",
    "image": "https://www.jumbo.com/dam-images/fit-in/360x360/Products/10082023_1691675710707_1691675717715_4006581023571_1.png",
    "available": true,
    "promoUntil": null
  },
  {
    "id": "166517FLS",
    "title": "Debic Basis voor Crème Brûlée 1 L",
    "category": "Zuivel, eieren, boter",
    "price": 7.49,
    "promoPrice": null,
    "pricePerUnit": "7.49 l",
    "image": "https://www.jumbo.com/dam-images/fit-in/360x360/Products/29092023_1695994881804_1695994887505_5410488821786_1.png",
    "available": true,
    "promoUntil": null
  },
  {
    "id": "626470DS",
    "title": "Jumbo Havermout Porties Original 5 x 27 g",
    "category": "Ontbijt, broodbeleg en bakproducten",
    "price": 1.29,
    "promoPrice": null,
    "pricePerUnit": "9.56 kg",
    "image": "https://www.jumbo.com/dam-images/fit-in/360x360/Products/07102024_1728300856261_1728300864029_8718452803019_1.png",
    "available": true,
    "promoUntil": null
  },
  {
    "id": "633304FLS",
    "title": "Calvé Saus Honey BBQ 320 ml",
    "category": "Conserven, soepen, sauzen, oliën",
    "price": 2.29,
    "promoPrice": null,
    "pricePerUnit": "7.16 l",
    "image": "https://www.jumbo.com/dam-images/fit-in/360x360/Products/12082025_1754994819876_1754994825994_8720182779540_1.png",
    "available": true,
    "promoUntil": null
  },
  {
    "id": "551411FLS",
    "title": "Jumbo Sla Olie 1 L",
    "category": "Conserven, soepen, sauzen, oliën",
    "price": 3.14,
    "promoPrice": null,
    "pricePerUnit": "3.14 l",
    "image": "https://www.jumbo.com/dam-images/fit-in/360x360/Products/09082023_1691592914092_1691592918911_8718452704903_1.png",
    "available": true,
    "promoUntil": null
  },
  {
    "id": "340707BLK",
    "title": "Bonduelle Gebroken Sperzieboontjes Fijn 200g",
    "category": "Conserven, soepen, sauzen, oliën",
    "price": 1.29,
    "promoPrice": null,
    "pricePerUnit": "11.73 kg",
    "image": "https://www.jumbo.com/dam-images/fit-in/360x360/Products/24022024_1708742581553_1708742593479_340707_BLK_03083680002134_H1N1.png",
    "available": true,
    "promoUntil": null
  },
  {
    "id": "203562POT",
    "title": "Jumbo Biologisch Bruine Bonen 360 g",
    "category": "Conserven, soepen, sauzen, oliën",
    "price": 1.19,
    "promoPrice": null,
    "pricePerUnit": "4.96 kg",
    "image": "https://www.jumbo.com/dam-images/fit-in/360x360/Products/24032025_1742830391652_1742830403329_8718452834624_1.png",
    "available": true,
    "promoUntil": null
  },
  {
    "id": "600916DS",
    "title": "Jumbo Biologisch Zwarte Thee Chai Vanille Smaak 20 Stuks",
    "category": "Koffie en thee",
    "price": 1.79,
    "promoPrice": null,
    "pricePerUnit": "0.09 pieces",
    "image": "https://www.jumbo.com/dam-images/fit-in/360x360/Products/25032024_1711381756202_1711381767414_8718452774975_1.png",
    "available": true,
    "promoUntil": null
  },
  {
    "id": "690242ZK",
    "title": "Jumbo Lekker Vrij van Gluten Cornflakes 200 g",
    "category": "Ontbijt, broodbeleg en bakproducten",
    "price": 1.69,
    "promoPrice": null,
    "pricePerUnit": "8.45 kg",
    "image": "https://www.jumbo.com/dam-images/fit-in/360x360/Products/01042025_1743532389417_1743532397519_8718452838233_1.png",
    "available": true,
    "promoUntil": null
  },
  {
    "id": "680360DS",
    "title": "Jumbo Smeltchocolade Puur 200 g",
    "category": "Ontbijt, broodbeleg en bakproducten",
    "price": 3.69,
    "promoPrice": null,
    "pricePerUnit": "18.45 kg",
    "image": "https://www.jumbo.com/dam-images/fit-in/360x360/Products/07032025_1741354388020_1741354407184_8718452878314_596.png",
    "available": true,
    "promoUntil": null
  },
  {
    "id": "630477PAK",
    "title": "Barebells Soft Protein Bar Salty Chocolate 55 g",
    "category": "Ontbijt, broodbeleg en bakproducten",
    "price": 2.83,
    "promoPrice": 2.12,
    "pricePerUnit": "38.55 kg",
    "image": "https://www.jumbo.com/dam-images/fit-in/360x360/Products/14062024_1718361341206_1718361344722_7340001806106_1.png",
    "available": true,
    "promoUntil": "di 7 okt"
  },
  {
    "id": "197643STK",
    "title": "Bertolli Originale extra vierge olijfolie ",
    "category": "Conserven, soepen, sauzen, oliën",
    "price": 4.5,
    "promoPrice": null,
    "pricePerUnit": "18.0 l",
    "image": "https://www.jumbo.com/dam-images/fit-in/360x360/Products/22092025_1758540896124_1758540901815_8000606000130_596.png",
    "available": true,
    "promoUntil": null
  },
  {
    "id": "815527BLK",
    "title": "Bonduelle Macédoine de Légumes 400 g",
    "category": "Conserven, soepen, sauzen, oliën",
    "price": 2.09,
    "promoPrice": null,
    "pricePerUnit": "7.89 kg",
    "image": "https://www.jumbo.com/dam-images/fit-in/360x360/Products/01032024_1709260251358_1709260260644_815527_BLK_03083680600903_H1N1.png",
    "available": true,
    "promoUntil": null
  },
  {
    "id": "621810FLS",
    "title": "Canderel vloeibaar",
    "category": "Koffie en thee",
    "price": 4.19,
    "promoPrice": null,
    "pricePerUnit": "20.95 l",
    "image": "https://www.jumbo.com/dam-images/fit-in/360x360/Products/28032024_1711606073834_1711606075842_621810_FLS_07630486402932_C1N1.png",
    "available": true,
    "promoUntil": null
  },
  {
    "id": "702484DS",
    "title": "Chogal Boterhamvlokken donker 300g",
    "category": "Ontbijt, broodbeleg en bakproducten",
    "price": 1.69,
    "promoPrice": null,
    "pricePerUnit": "5.63 kg",
    "image": "https://www.jumbo.com/dam-images/fit-in/360x360/Products/24062025_1750727630687_1750727634751_702484_DS_08710474241275_C1N1.png",
    "available": true,
    "promoUntil": null
  },
  {
    "id": "354928ZK",
    "title": "Dr. Oetker Bourbon Vanille suiker 3x8g",
    "category": "Ontbijt, broodbeleg en bakproducten",
    "price": 2.37,
    "promoPrice": null,
    "pricePerUnit": "98.75 kg",
    "image": "https://www.jumbo.com/dam-images/fit-in/360x360/Products/17042025_1744860617289_1744860623708_354928_ZK_08710466297129_C1N1_s01.png",
    "available": true,
    "promoUntil": null
  },
  {
    "id": "635318ZK",
    "title": "Goodies Knijpfruit Smoothie Abrikoos & Appel 100 g",
    "category": "Conserven, soepen, sauzen, oliën",
    "price": 0.98,
    "promoPrice": null,
    "pricePerUnit": "9.8 kg",
    "image": "https://www.jumbo.com/dam-images/fit-in/360x360/Products/23052025_1748014408848_1748014447629_8713500013372_596.png",
    "available": true,
    "promoUntil": null
  },
  {
    "id": "613297FLS",
    "title": "HiPRO Protein Drink Kokos 300 ml",
    "category": "Zuivel, eieren, boter",
    "price": 2.39,
    "promoPrice": 1.79,
    "pricePerUnit": "5.97 l",
    "image": "https://www.jumbo.com/dam-images/fit-in/360x360/Products/01032025_1740794531894_1740794536009_613297_FLS_08713788124227_H1N1.png",
    "available": true,
    "promoUntil": "di 7 okt"
  },
  {
    "id": "622898FLS",
    "title": "Jumbo Kerrie-Ananas Saus 300ML",
    "category": "Conserven, soepen, sauzen, oliën",
    "price": 1.49,
    "promoPrice": null,
    "pricePerUnit": "4.97 l",
    "image": "https://www.jumbo.com/dam-images/fit-in/360x360/Products/09072024_1720517787735_1720517793857_8718452804917_1.png",
    "available": true,
    "promoUntil": null
  },
  {
    "id": "587964CUP",
    "title": "Jumbo Romige Koffiemousse met Speculooscrumble 75 g",
    "category": "Zuivel, eieren, boter",
    "price": 1.55,
    "promoPrice": null,
    "pricePerUnit": "20.67 kg",
    "image": "https://www.jumbo.com/dam-images/fit-in/360x360/Products/27032024_1711535593117_1711535613128_8718452716838_9.png",
    "available": true,
    "promoUntil": null
  },
  {
    "id": "162459POT",
    "title": "Chiu Chow Chilli Oil",
    "category": "Wereldkeukens, kruiden, pasta en rijst",
    "price": 4.64,
    "promoPrice": null,
    "pricePerUnit": "27.29 kg",
    "image": "https://www.jumbo.com/dam-images/fit-in/360x360/Products/12122024_1734014739982_1734014745100_78895141849_1.png",
    "available": true,
    "promoUntil": null
  },
  {
    "id": "710343ZK",
    "title": "Consenza Koekjes Glutenvrij Rozijn-Cranberry 150 g",
    "category": "Ontbijt, broodbeleg en bakproducten",
    "price": 3.49,
    "promoPrice": null,
    "pricePerUnit": "23.27 kg",
    "image": "https://www.jumbo.com/dam-images/fit-in/360x360/Products/17072025_1752777164924_1752777171223_8719153049102_1.png",
    "available": true,
    "promoUntil": null
  },
  {
    "id": "648353PAK",
    "title": "HAK Chilibonen 380g",
    "category": "Conserven, soepen, sauzen, oliën",
    "price": 1.99,
    "promoPrice": null,
    "pricePerUnit": "8.65 kg",
    "image": "https://www.jumbo.com/dam-images/fit-in/360x360/Products/30082024_1725008156111_1725008163821_648353_PAK_08720600666889_H1N1.png",
    "available": true,
    "promoUntil": null
  },
  {
    "id": "39037DS",
    "title": "Celestial Seasonings Bengal Spice Infusion 20 Stuks 47 g",
    "category": "Koffie en thee",
    "price": 2.99,
    "promoPrice": null,
    "pricePerUnit": "0.15 pieces",
    "image": "https://www.jumbo.com/dam-images/fit-in/360x360/Products/12122024_1734014599253_1734014606798_70734053283_1.png",
    "available": true,
    "promoUntil": null
  },
  {
    "id": "577350KRL",
    "title": "Douwe Egberts Ice Cappuccino Ijskoffie 230 ml",
    "category": "Zuivel, eieren, boter",
    "price": 12.72,
    "promoPrice": null,
    "pricePerUnit": "6.91 l",
    "image": "https://www.jumbo.com/dam-images/fit-in/360x360/Products/577350_8711000870204_1_1_577350KRL140e16e48-060d-4cca-8a2b-67ae870b00f41692016191727.png",
    "available": true,
    "promoUntil": null
  },
  {
    "id": "548889ZK",
    "title": "John West Vegan Visvrije Tonijn met Tomaat en Basilicum 135g",
    "category": "Conserven, soepen, sauzen, oliën",
    "price": 2.66,
    "promoPrice": null,
    "pricePerUnit": "19.7 kg",
    "image": "https://www.jumbo.com/dam-images/fit-in/360x360/Products/20122023_1703037959586_1703037973524_548889_ZK_05000171061263_C1N1.png",
    "available": true,
    "promoUntil": null
  },
  {
    "id": "655791FLS",
    "title": "Fry Light Delicate Butter Flavour Cooking Spray 190 ml",
    "category": "Conserven, soepen, sauzen, oliën",
    "price": 3.99,
    "promoPrice": null,
    "pricePerUnit": "21.0 l",
    "image": "https://www.jumbo.com/dam-images/fit-in/360x360/Products/12122024_1734017703598_1734017707918_5000442007570_1.png",
    "available": true,
    "promoUntil": null
  },
  {
    "id": "615362ZK",
    "title": "BACHMAN Biscuit ABC 600g",
    "category": "Ontbijt, broodbeleg en bakproducten",
    "price": 3.09,
    "promoPrice": null,
    "pricePerUnit": "5.15 kg",
    "image": "https://www.jumbo.com/dam-images/fit-in/360x360/Products/08032024_1709865016984_1709865019909_615362_ZK_08710482534017_C1ND.png",
    "available": true,
    "promoUntil": null
  },
  {
    "id": "628649STK",
    "title": "Bolletje Rond Knäckebröd Volkoren Sesam 250 g",
    "category": "Ontbijt, broodbeleg en bakproducten",
    "price": 2.29,
    "promoPrice": null,
    "pricePerUnit": "9.16 kg",
    "image": "https://www.jumbo.com/dam-images/fit-in/360x360/Products/03062024_1717420815278_1717420823602_8710482534772_1.png",
    "available": true,
    "promoUntil": null
  },
  {
    "id": "213909STK",
    "title": "Hero Betuwe Bessen Sap Zwarte Bes en Bosbes 0,25 L",
    "category": "Ontbijt, broodbeleg en bakproducten",
    "price": 3.26,
    "promoPrice": null,
    "pricePerUnit": "13.04 l",
    "image": "https://www.jumbo.com/dam-images/fit-in/360x360/Products/24112023_1700840057959_1700840063639_8713500011927_1.png",
    "available": true,
    "promoUntil": null
  },
  {
    "id": "291650STK",
    "title": "Bonduelle Linzen Bio 310g",
    "category": "Conserven, soepen, sauzen, oliën",
    "price": 2.99,
    "promoPrice": null,
    "pricePerUnit": "11.28 kg",
    "image": "https://www.jumbo.com/dam-images/fit-in/360x360/Products/18012024_1705547227018_1705547231726_291650_STK_03083681098419_H1N1.png",
    "available": true,
    "promoUntil": null
  },
  {
    "id": "237612STK",
    "title": "FULFIL Salted Caramel Proteïnebar 55 gr",
    "category": "Ontbijt, broodbeleg en bakproducten",
    "price": 2.93,
    "promoPrice": null,
    "pricePerUnit": "53.27 kg",
    "image": "https://www.jumbo.com/dam-images/fit-in/360x360/Products/17092024_1726561999692_1726562002812_5391532121710_1.png",
    "available": true,
    "promoUntil": null
  },
  {
    "id": "665029POT",
    "title": "Frutesse Stroop Appel Kaneel 330 g",
    "category": "Ontbijt, broodbeleg en bakproducten",
    "price": 2.17,
    "promoPrice": null,
    "pricePerUnit": "6.58 kg",
    "image": "https://www.jumbo.com/dam-images/fit-in/360x360/Products/17082025_1755393099548_1755393112463_665029_POT_08710742022391_C1N1.png",
    "available": true,
    "promoUntil": null
  },
  {
    "id": "475674DS",
    "title": "Clipper Nighty Night 20 Zakjes 40 g",
    "category": "Koffie en thee",
    "price": 3.69,
    "promoPrice": null,
    "pricePerUnit": "0.18 pieces",
    "image": "https://www.jumbo.com/dam-images/fit-in/360x360/Products/24042025_1745460934568_1745460943623_475674_DS_05021991943966_H1N1.png",
    "available": true,
    "promoUntil": null
  },
  {
    "id": "277843POT",
    "title": "Jumbo Mayonaise met Sriracha 180 ml",
    "category": "Conserven, soepen, sauzen, oliën",
    "price": 1.39,
    "promoPrice": null,
    "pricePerUnit": "7.72 kg",
    "image": "https://www.jumbo.com/dam-images/fit-in/360x360/Products/09082023_1691586029874_1691586042755_8718452395309_1.png",
    "available": true,
    "promoUntil": null
  },
  {
    "id": "468538CUP",
    "title": "Jumbo Verse Ongeklopte Slagroom Biologisch 250 ML",
    "category": "Zuivel, eieren, boter",
    "price": 1.55,
    "promoPrice": null,
    "pricePerUnit": "6.2 l",
    "image": "https://www.jumbo.com/dam-images/fit-in/360x360/Products/29092023_1695995395921_1695995400861_8718452620340_1.png",
    "available": true,
    "promoUntil": null
  },
  {
    "id": "430939FLS",
    "title": "Diamant Friet & Snacks Vloeibaar 2 L",
    "category": "Conserven, soepen, sauzen, oliën",
    "price": 9.0,
    "promoPrice": null,
    "pricePerUnit": "4.5 l",
    "image": "https://www.jumbo.com/dam-images/fit-in/360x360/Products/21092025_1758416490185_1758416497146_430939_FLS_.png",
    "available": true,
    "promoUntil": null
  },
  {
    "id": "417633FLS",
    "title": "Heinz Burger Saus 220 ml",
    "category": "Conserven, soepen, sauzen, oliën",
    "price": 1.99,
    "promoPrice": null,
    "pricePerUnit": "9.05 l",
    "image": "https://www.jumbo.com/dam-images/fit-in/360x360/Products/18042025_1744945033560_1744945039063_417633_FLS_08715700120331_H1N1.png",
    "available": true,
    "promoUntil": null
  },
  {
    "id": "564050STK",
    "title": "Jumbo Vla Favorieten 4 x 1L",
    "category": "Zuivel, eieren, boter",
    "price": 6.66,
    "promoPrice": null,
    "pricePerUnit": "None None",
    "image": "https://www.jumbo.com/dam-images/fit-in/360x360/Products/20464707bf4383a7-5eb3-458e-a51a-bc2542b106e7-1725529067571.png",
    "available": true,
    "promoUntil": null
  },
  {
    "id": "519687DS",
    "title": "Céréal Minder Suikers Choco Delight Puur 126 g",
    "category": "Ontbijt, broodbeleg en bakproducten",
    "price": 3.46,
    "promoPrice": null,
    "pricePerUnit": "27.46 kg",
    "image": "https://www.jumbo.com/dam-images/fit-in/360x360/Products/18122024_1734492881161_1734492884674_519687_DS_05410063007864_C1N1.png",
    "available": true,
    "promoUntil": null
  },
  {
    "id": "529028FLS",
    "title": "Belem Portugal Madeira 100ML",
    "category": "Conserven, soepen, sauzen, oliën",
    "price": 3.29,
    "promoPrice": null,
    "pricePerUnit": "32.9 l",
    "image": "https://www.jumbo.com/dam-images/fit-in/360x360/Products/10042024_1712756112979_1712756117636_4008943572604_1.png",
    "available": true,
    "promoUntil": null
  },
  {
    "id": "505977POT",
    "title": "Bertolli Carciofi Gegrilde Artisjokken 180 g",
    "category": "Conserven, soepen, sauzen, oliën",
    "price": 3.69,
    "promoPrice": null,
    "pricePerUnit": "36.53 kg",
    "image": "https://www.jumbo.com/dam-images/fit-in/360x360/Products/10082023_1691677736162_1691677774224_8712247231650_1.png",
    "available": true,
    "promoUntil": null
  },
  {
    "id": "452470POT",
    "title": "Bertolli Salsa per Pizza Piccante 180 g",
    "category": "Conserven, soepen, sauzen, oliën",
    "price": 2.56,
    "promoPrice": null,
    "pricePerUnit": "14.22 kg",
    "image": "https://www.jumbo.com/dam-images/fit-in/360x360/Products/25072025_1753408864816_1753408884398_452470_POT_08712247231520_C1N1.png",
    "available": true,
    "promoUntil": null
  },
  {
    "id": "142106FLS",
    "title": "Dr. Oetker Aroma Rumsmaak 38 ml",
    "category": "Ontbijt, broodbeleg en bakproducten",
    "price": 1.99,
    "promoPrice": null,
    "pricePerUnit": "52.37 l",
    "image": "https://www.jumbo.com/dam-images/fit-in/360x360/Products/10072025_1752113758443_1752113761255_142106_FLS_08710466268624_C1N1_s01.png",
    "available": true,
    "promoUntil": null
  },
  {
    "id": "430635PAK",
    "title": "Dr. Oetker Chocoladehartjes versiering 45 g",
    "category": "Ontbijt, broodbeleg en bakproducten",
    "price": 3.29,
    "promoPrice": null,
    "pricePerUnit": "73.11 kg",
    "image": "https://www.jumbo.com/dam-images/fit-in/360x360/Products/17042025_1744859216284_1744859221454_430635_PAK_08710466310620_C1N1_s01.png",
    "available": true,
    "promoUntil": null
  },
  {
    "id": "623761ZK",
    "title": "Fairtrade Original Espresso Bonen 500g Zak",
    "category": "Koffie en thee",
    "price": 11.89,
    "promoPrice": null,
    "pricePerUnit": "23.78 kg",
    "image": "https://www.jumbo.com/dam-images/fit-in/360x360/Products/13082024_1723515205082_1723515208161_623761_ZK_08711741360071_C1N1.png",
    "available": true,
    "promoUntil": null
  },
  {
    "id": "623963POT",
    "title": "Bio Today Amandel Pasta Wit 170 g",
    "category": "Ontbijt, broodbeleg en bakproducten",
    "price": 7.49,
    "promoPrice": null,
    "pricePerUnit": "44.06 kg",
    "image": "https://www.jumbo.com/dam-images/fit-in/360x360/Products/07022025_1738890027596_1738890038311_8718546999024_1.png",
    "available": true,
    "promoUntil": null
  },
  {
    "id": "156262STK",
    "title": "Jos Poell Suiker Schelpen 6 Stuks 100 g",
    "category": "Ontbijt, broodbeleg en bakproducten",
    "price": 2.37,
    "promoPrice": null,
    "pricePerUnit": "23.7 kg",
    "image": "https://www.jumbo.com/dam-images/fit-in/360x360/Products/16062025_1750088026437_1750088034169_8710759007596_1.png",
    "available": true,
    "promoUntil": null
  },
  {
    "id": "418597FLS",
    "title": "Jumbo Witte Wijnazijn 250 ml",
    "category": "Conserven, soepen, sauzen, oliën",
    "price": 0.99,
    "promoPrice": null,
    "pricePerUnit": "3.96 l",
    "image": "https://www.jumbo.com/dam-images/fit-in/360x360/Products/09082023_1691588326782_1691588418103_8718452544851_1.png",
    "available": true,
    "promoUntil": null
  },
  {
    "id": "644315DS",
    "title": "Honig Soep in Droge Vorm Bouillon 47 g",
    "category": "Conserven, soepen, sauzen, oliën",
    "price": 1.99,
    "promoPrice": null,
    "pricePerUnit": "42.34 kg",
    "image": "https://www.jumbo.com/dam-images/fit-in/360x360/Products/05082025_1754357497213_1754357507072_644315_DS_08714700170780_H1N1.png",
    "available": true,
    "promoUntil": null
  },
  {
    "id": "569938STK",
    "title": "Jumbo Plantaardig Alternatief voor Yoghurt Amandel 400 g",
    "category": "Zuivel, eieren, boter",
    "price": 1.99,
    "promoPrice": null,
    "pricePerUnit": "4.98 kg",
    "image": "https://www.jumbo.com/dam-images/fit-in/360x360/Products/14022024_1707872790387_1707872794145_8718452711222_1.png",
    "available": true,
    "promoUntil": null
  },
  {
    "id": "398035PAK",
    "title": "Dr. Oetker Pizzabodem Origineel Bakmix 450 g",
    "category": "Ontbijt, broodbeleg en bakproducten",
    "price": 0.98,
    "promoPrice": null,
    "pricePerUnit": "2.18 kg",
    "image": "https://www.jumbo.com/dam-images/fit-in/360x360/Products/17042025_1744854077035_1744854083974_398035_PAK_08710466303622_C1N1_s04.png",
    "available": true,
    "promoUntil": null
  },
  {
    "id": "73586POT",
    "title": "Grand'Italia Formaggio Pastasaus400 g",
    "category": "Conserven, soepen, sauzen, oliën",
    "price": 4.2,
    "promoPrice": null,
    "pricePerUnit": "10.5 kg",
    "image": "https://www.jumbo.com/dam-images/fit-in/360x360/Products/26092024_1727317079468_1727317086860_73586_POT_00000080023203_H1N1.png",
    "available": true,
    "promoUntil": null
  },
  {
    "id": "215124STK",
    "title": "Holland Jersey Volle Melk 750 ml",
    "category": "Zuivel, eieren, boter",
    "price": 2.19,
    "promoPrice": null,
    "pricePerUnit": "2.92 l",
    "image": "https://www.jumbo.com/dam-images/fit-in/360x360/Products/14022024_1707872952519_1707872957935_8711723136380_1.png",
    "available": true,
    "promoUntil": null
  },
  {
    "id": "691974PAK",
    "title": "Jumbo Biologische Bruine Bonen 205 g",
    "category": "Conserven, soepen, sauzen, oliën",
    "price": 0.75,
    "promoPrice": null,
    "pricePerUnit": "3.75 l",
    "image": "https://www.jumbo.com/dam-images/fit-in/360x360/Products/23052025_1748014409578_1748014421584_8718452877881_596.png",
    "available": true,
    "promoUntil": null
  },
  {
    "id": "629522STK",
    "title": "Jumbo Cappuccino Mousse met Biscuit 4 x 75 g - Bevat Alcohol",
    "category": "Zuivel, eieren, boter",
    "price": 6.2,
    "promoPrice": null,
    "pricePerUnit": "None None",
    "image": "https://www.jumbo.com/dam-images/fit-in/360x360/Products/629522STK12f04b393-2cc5-4415-addd-da08e4bfea5e-1715774045090.png",
    "available": true,
    "promoUntil": null
  },
  {
    "id": "678372BLS",
    "title": "HEMA Taartkaarsjes Cijfer 1",
    "category": "Ontbijt, broodbeleg en bakproducten",
    "price": 0.99,
    "promoPrice": null,
    "pricePerUnit": "0.99 pieces",
    "image": "https://www.jumbo.com/dam-images/fit-in/360x360/Products/06022025_1738858596012_1738858598276_678372_BLS_08720354508985_C1N1.png",
    "available": true,
    "promoUntil": null
  },
  {
    "id": "627344FLS",
    "title": "Hero Tova Dessertsaus Karamel 125ml",
    "category": "Ontbijt, broodbeleg en bakproducten",
    "price": 2.37,
    "promoPrice": null,
    "pricePerUnit": "18.96 l",
    "image": "https://www.jumbo.com/dam-images/fit-in/360x360/Products/30042024_1714472699255_1714472704515_627344_FLS_00000087135381_H1N1.png",
    "available": true,
    "promoUntil": null
  },
  {
    "id": "188719STK",
    "title": "HomeMade Complete Mix voor Kleurige Koekjes 360 g",
    "category": "Ontbijt, broodbeleg en bakproducten",
    "price": 2.96,
    "promoPrice": null,
    "pricePerUnit": "8.22 kg",
    "image": "https://www.jumbo.com/dam-images/fit-in/360x360/Products/25032024_1711381814886_1711381820577_8717524527341_1.png",
    "available": true,
    "promoUntil": null
  },
  {
    "id": "163281ZK",
    "title": "Jack Link's Beef Jerky Sweet & Hot 25 g",
    "category": "Conserven, soepen, sauzen, oliën",
    "price": 2.49,
    "promoPrice": null,
    "pricePerUnit": "99.6 kg",
    "image": "https://www.jumbo.com/dam-images/fit-in/360x360/Products/29022024_1709220848248_1709220865613_4251097402918_596.png",
    "available": true,
    "promoUntil": null
  },
  {
    "id": "600920DS",
    "title": "Jumbo Biologisch Kamille Lavendel 20 Stuks 20 g",
    "category": "Koffie en thee",
    "price": 1.79,
    "promoPrice": null,
    "pricePerUnit": "0.09 pieces",
    "image": "https://www.jumbo.com/dam-images/fit-in/360x360/Products/25032024_1711381756322_1711381766448_8718452775019_1.png",
    "available": true,
    "promoUntil": null
  }
]