[
  {
    "id": "676451FLS",
    "title": "Dreft Platinum Quickwash Citroen Vloeibaar Afwasmiddel 520ml",
    "category": "Huishouden en dieren",
    "price": 4.39,
    "promoPrice": null,
    "pricePerUnit": "8.44 l",
    "image": "https://www.jumbo.com/dam-images/fit-in/360x360/Products/22082025_1755820925492_1755820929093_8700216630535_1.png",
    "available": true,
    "promoUntil": null
  },
  {
    "id": "143860ZK",
    "title": "Aviko Pommes Frites 1 kg",
    "category": "Diepvries",
    "price": 2.53,
    "promoPrice": null,
    "pricePerUnit": "2.53 kg",
    "image": "https://www.jumbo.com/dam-images/fit-in/360x360/Products/15102024_1728999188998_1728999194630_8710449925346_1.png",
    "available": true,
    "promoUntil": null
  },
  {
    "id": "25527FLS",
    "title": "Kikkoman Natuurlijk Gebrouwen Sojasaus 150 ml",
    "category": "Wereldkeukens, kruiden, pasta en rijst",
    "price": 3.63,
    "promoPrice": null,
    "pricePerUnit": "24.2 l",
    "image": "https://www.jumbo.com/dam-images/fit-in/360x360/Products/17112023_1700196864857_1700196868861_25527_FLS_08715035110106_C1N1.png",
    "available": true,
    "promoUntil": null
  },
  {
    "id": "531827FLS",
    "title": "Jumbo Vers Sap Ananas, Meloen, Mango & Passievrucht 500ML",
    "category": "Aardappelen, groente en fruit",
    "price": 2.49,
    "promoPrice": null,
    "pricePerUnit": "4.98 l",
    "image": "https://www.jumbo.com/dam-images/fit-in/360x360/Products/04112024_1730752387204_1730752389999_8718452863471_1.png",
    "available": true,
    "promoUntil": null
  },
  {
    "id": "680074FLS",
    "title": "Head & Shoulders Classic Anti-roos Shampoo 300ml Voor Dagelijks Gebruik. Fris Gevoel",
    "category": "Drogisterij en baby",
    "price": 7.69,
    "promoPrice": null,
    "pricePerUnit": "25.63 l",
    "image": "https://www.jumbo.com/dam-images/fit-in/360x360/Products/24092025_1758672133837_1758672139005_8700216318402_1.png",
    "available": true,
    "promoUntil": null
  },
  {
    "id": "710447DS",
    "title": "FELIX® Original Mix Selectie in Gelei Kattenvoer 44 x 85g",
    "category": "Huishouden en dieren",
    "price": 18.5,
    "promoPrice": null,
    "pricePerUnit": "4.95 kg",
    "image": "https://www.jumbo.com/dam-images/fit-in/360x360/Products/22082025_1755829065510_1755829109662_710447_DS_07613039916254_C1N1_s04.png",
    "available": true,
    "promoUntil": null
  },
  {
    "id": "208316FLS",
    "title": "TerraPura - Reserva - Chardonnay - 750 ML",
    "category": "Bier en wijn",
    "price": 6.49,
    "promoPrice": null,
    "pricePerUnit": "8.65 l",
    "image": "https://www.jumbo.com/dam-images/fit-in/360x360/Products/09082023_1691587937920_1691587945122_7804616090140_1.png",
    "available": true,
    "promoUntil": null
  },
  {
    "id": "588519DS",
    "title": "Jumbo Selderij 40 g",
    "category": "Aardappelen, groente en fruit",
    "price": 1.19,
    "promoPrice": null,
    "pricePerUnit": "29.75 kg",
    "image": "https://www.jumbo.com/dam-images/fit-in/360x360/Products/29072024_1722270917973_1722270924537_8718452796328_1.png",
    "available": true,
    "promoUntil": null
  },
  {
    "id": "81113ZK",
    "title": "Côte d'Or Chokotoff Chocolaatjes Puur 250g",
    "category": "Koek, snoep, chocolade en chips",
    "price": 4.31,
    "promoPrice": null,
    "pricePerUnit": "17.24 kg",
    "image": "https://www.jumbo.com/dam-images/fit-in/360x360/Products/02092025_1756816428120_1756816441075_7622200006793_596.png",
    "available": true,
    "promoUntil": null
  },
  {
    "id": "517259DS",
    "title": "Jumbo Vietnamese Loempia's 8 Stuks",
    "category": "Diepvries",
    "price": 2.49,
    "promoPrice": null,
    "pricePerUnit": "6.62 kg",
    "image": "https://www.jumbo.com/dam-images/fit-in/360x360/Products/01112024_1730471707622_1730471725137_8718452766840_596.png",
    "available": true,
    "promoUntil": null
  },
  {
    "id": "218877STK",
    "title": "Bolletje Zoute Pepsels 180 g",
    "category": "Koek, snoep, chocolade en chips",
    "price": 1.26,
    "promoPrice": null,
    "pricePerUnit": "7.0 kg",
    "image": "https://www.jumbo.com/dam-images/fit-in/360x360/Products/01092025_1756733705665_1756733713973_8710482533102_1.png",
    "available": true,
    "promoUntil": null
  },
  {
    "id": "348171PAK",
    "title": "Pirulo Kaktus 9 Stuks 432 g",
    "category": "Diepvries",
    "price": 3.99,
    "promoPrice": null,
    "pricePerUnit": "9.24 kg",
    "image": "https://www.jumbo.com/dam-images/fit-in/360x360/Products/29052024_1716978851083_1716978859828_7613035493780_1.png",
    "available": true,
    "promoUntil": null
  },
  {
    "id": "420098CUP",
    "title": "Apetina Original White Cheese in Brine 410 g",
    "category": "Vleeswaren, kaas en tapas",
    "price": 3.19,
    "promoPrice": null,
    "pricePerUnit": "7.42 kg",
    "image": "https://www.jumbo.com/dam-images/fit-in/360x360/Products/13062025_1749825269184_1749825278325_5711953182761_1.png",
    "available": true,
    "promoUntil": null
  },
  {
    "id": "603602PAK",
    "title": "Grimbergen Abdijbier van Hoge Gisting Blond Blikken 4 x 500ml",
    "category": "Bier en wijn",
    "price": 7.29,
    "promoPrice": null,
    "pricePerUnit": "3.65 l",
    "image": "https://www.jumbo.com/dam-images/fit-in/360x360/Products/08716700019250C1N1a3468389-4b9d-46a0-920b-86438de0a6be-1745413051140.png",
    "available": true,
    "promoUntil": null
  },
  {
    "id": "679249PAK",
    "title": "Sanpellegrino Italian Sparkling Drinks Clementina 6 x 330 ml",
    "category": "Frisdrank en sappen",
    "price": 7.99,
    "promoPrice": null,
    "pricePerUnit": "4.04 l",
    "image": "https://www.jumbo.com/dam-images/fit-in/360x360/Products/12122024_1734014643041_1734014652166_8002270466892_1.png",
    "available": true,
    "promoUntil": null
  },
  {
    "id": "611602STK",
    "title": "Jumbo BBQ Houtskool 2,5 kg",
    "category": "Non-food en servicebalie",
    "price": 3.7,
    "promoPrice": null,
    "pricePerUnit": "1.48 kg",
    "image": "https://www.jumbo.com/dam-images/fit-in/360x360/Products/07032025_1741361566267_1741361575693_8718452862511_596.png",
    "available": true,
    "promoUntil": null
  },
  {
    "id": "576329BLS",
    "title": "Oral-B Pro Sensitive Clean Opzetborstels, 4 Stuks",
    "category": "Drogisterij en baby",
    "price": 27.71,
    "promoPrice": null,
    "pricePerUnit": "6.93 pieces",
    "image": "https://www.jumbo.com/dam-images/fit-in/360x360/Products/23092025_1758585734810_1758585737876_8006540892473_1.png",
    "available": true,
    "promoUntil": null
  },
  {
    "id": "664930ZK",
    "title": "Venco Kleurendrop Hard Zoet 285 g",
    "category": "Koek, snoep, chocolade en chips",
    "price": 2.56,
    "promoPrice": null,
    "pricePerUnit": "8.98 kg",
    "image": "https://www.jumbo.com/dam-images/fit-in/360x360/Products/31012025_1738285368214_1738285378022_8713800255922_1.png",
    "available": true,
    "promoUntil": null
  },
  {
    "id": "206499STK",
    "title": "Jumbo Extra Large Inlegkruisjes 22 Stuks",
    "category": "Drogisterij en baby",
    "price": 0.96,
    "promoPrice": null,
    "pricePerUnit": "0.04 pieces",
    "image": "https://www.jumbo.com/dam-images/fit-in/360x360/Products/29092023_1695996140727_1695996150804_8718452693344_1.png",
    "available": true,
    "promoUntil": null
  },
  {
    "id": "638610BAK",
    "title": "Jumbo's Gegrilde Paprika met Tomaat & Courgette Groente Spread & Dip 150 g",
    "category": "Vleeswaren, kaas en tapas",
    "price": 1.99,
    "promoPrice": null,
    "pricePerUnit": "13.27 kg",
    "image": "https://www.jumbo.com/dam-images/fit-in/360x360/Products/07072025_1751887996594_1751888003798_8718452856305_1.png",
    "available": true,
    "promoUntil": null
  },
  {
    "id": "431356PKL",
    "title": "Hero Cassis Zero 6 x 0,5L",
    "category": "Frisdrank en sappen",
    "price": 8.64,
    "promoPrice": null,
    "pricePerUnit": "2.88 l",
    "image": "https://www.jumbo.com/dam-images/fit-in/360x360/Products/27052025_1748352766447_1748352773717_8713500232049_1.png",
    "available": true,
    "promoUntil": null
  },
  {
    "id": "636189FLS",
    "title": "Rivella Citroen Fles 1,5L",
    "category": "Frisdrank en sappen",
    "price": 2.99,
    "promoPrice": null,
    "pricePerUnit": "1.99 l",
    "image": "https://www.jumbo.com/dam-images/fit-in/360x360/Products/20062024_1718873028077_1718873036641_636189_FLS_08715600249743_H1N1.png",
    "available": true,
    "promoUntil": null
  },
  {
    "id": "547750PKL",
    "title": "Dove Men+Care 3-in-1 Douchegel Extra Fresh 400 ml 6x 400 ML",
    "category": "Drogisterij en baby",
    "price": 41.94,
    "promoPrice": 29.35,
    "pricePerUnit": "12.23 l",
    "image": "https://www.jumbo.com/dam-images/fit-in/360x360/Products/12122024_1734014723174_1734014729844_8720181356278_1.png",
    "available": true,
    "promoUntil": "di 7 okt"
  },
  {
    "id": "139096FLS",
    "title": "Grand Sud - Chardonnay - 250ML",
    "category": "Bier en wijn",
    "price": 2.49,
    "promoPrice": null,
    "pricePerUnit": "9.96 l",
    "image": "https://www.jumbo.com/dam-images/fit-in/360x360/Products/10082023_1691674904388_1691674912013_3263286350178_1.png",
    "available": true,
    "promoUntil": null
  },
  {
    "id": "568788DS",
    "title": "Glade Touch & Fresh Sensual Sandalwood & Jasmine 2 x 10 ml",
    "category": "Huishouden en dieren",
    "price": 3.99,
    "promoPrice": null,
    "pricePerUnit": "199.5 l",
    "image": "https://www.jumbo.com/dam-images/fit-in/360x360/Products/23092025_1758595076867_1758595081839_568788_DS_05000204298789_C1N1.png",
    "available": true,
    "promoUntil": null
  },
  {
    "id": "137564TRA",
    "title": "Jupiler - Belgisch Pils - Fles - 6 x 250ML",
    "category": "Bier en wijn",
    "price": 6.19,
    "promoPrice": null,
    "pricePerUnit": "4.13 l",
    "image": "https://www.jumbo.com/dam-images/fit-in/360x360/Products/18092023_1695044197077_1695044207699_5410228213192_1.png",
    "available": true,
    "promoUntil": null
  },
  {
    "id": "530934FLS",
    "title": "Jumbo Vers Geperst Sap Sinaasappel & Aardbei 500 ml",
    "category": "Aardappelen, groente en fruit",
    "price": 2.49,
    "promoPrice": null,
    "pricePerUnit": "4.98 l",
    "image": "https://www.jumbo.com/dam-images/fit-in/360x360/Products/04112024_1730752386955_1730752390646_8718452863518_1.png",
    "available": true,
    "promoUntil": null
  },
  {
    "id": "701856KGR",
    "title": "Jumbo Palingworst ca. 120g",
    "category": "Vleeswaren, kaas en tapas",
    "price": 2.0,
    "promoPrice": null,
    "pricePerUnit": "16.67 kg",
    "image": "https://www.jumbo.com/dam-images/fit-in/360x360/Products/16062025_1750080805654_1750080811119_2348699000000_1.png",
    "available": true,
    "promoUntil": null
  },
  {
    "id": "553402FLS",
    "title": "Lipton Ice Tea Sparkling Zero Sugar 500ml",
    "category": "Frisdrank en sappen",
    "price": 1.99,
    "promoPrice": null,
    "pricePerUnit": "3.98 l",
    "image": "https://www.jumbo.com/dam-images/fit-in/360x360/Products/09042025_1744171030671_1744171074054_553402_FLS_08711327586079_H1N1.png",
    "available": true,
    "promoUntil": null
  },
  {
    "id": "643216TRA",
    "title": "Maaslander Jong Belegen 50+ Kaas Plakken 145 g",
    "category": "Vleeswaren, kaas en tapas",
    "price": 3.29,
    "promoPrice": null,
    "pricePerUnit": "22.69 kg",
    "image": "https://www.jumbo.com/dam-images/fit-in/360x360/Products/10072025_1752157973570_1752157987143_8710243910371_596.png",
    "available": true,
    "promoUntil": null
  },
  {
    "id": "580287BKR",
    "title": "Jumbo Ongezouten Amandelen 140 g",
    "category": "Koek, snoep, chocolade en chips",
    "price": 3.69,
    "promoPrice": null,
    "pricePerUnit": "26.36 kg",
    "image": "https://www.jumbo.com/dam-images/fit-in/360x360/Products/24042025_1745490746425_1745490750451_8718452740109_1.png",
    "available": true,
    "promoUntil": null
  },
  {
    "id": "174223RP",
    "title": "Tony's Chocolonely Melkchocolade Karamel Zeezout 47 g",
    "category": "Koek, snoep, chocolade en chips",
    "price": 1.89,
    "promoPrice": null,
    "pricePerUnit": "40.21 kg",
    "image": "https://www.jumbo.com/dam-images/fit-in/360x360/Products/08112024_1731065833705_1731065837044_8717677336036_1.png",
    "available": true,
    "promoUntil": null
  },
  {
    "id": "154956DS",
    "title": "Gourmet Gold Luxe Mix Kattenvoer nat",
    "category": "Huishouden en dieren",
    "price": 6.09,
    "promoPrice": null,
    "pricePerUnit": "8.96 kg",
    "image": "https://www.jumbo.com/dam-images/fit-in/360x360/Products/26082025_1756171505309_1756171517875_154956_DS_07613035150041_C1N1_s01.png",
    "available": true,
    "promoUntil": null
  },
  {
    "id": "369692BLS",
    "title": "Witte Reus Blauw Actief Bloesem 100 g",
    "category": "Huishouden en dieren",
    "price": 7.99,
    "promoPrice": null,
    "pricePerUnit": "79.9 kg",
    "image": "https://www.jumbo.com/dam-images/fit-in/360x360/Products/10072024_1720576355806_1720576359911_369692_BLS_05410091754204_C1N1.png",
    "available": true,
    "promoUntil": null
  },
  {
    "id": "383722TRA",
    "title": "Parma Prosciutto di Parma 70 g",
    "category": "Vleeswaren, kaas en tapas",
    "price": 2.56,
    "promoPrice": null,
    "pricePerUnit": "36.57 kg",
    "image": "https://www.jumbo.com/dam-images/fit-in/360x360/Products/09082023_1691587249984_1691587261361_8023918010703_1.png",
    "available": true,
    "promoUntil": null
  },
  {
    "id": "412096TRA",
    "title": "Jumbo Pindakoeken 200 g",
    "category": "Koek, snoep, chocolade en chips",
    "price": 1.35,
    "promoPrice": null,
    "pricePerUnit": "6.75 kg",
    "image": "https://www.jumbo.com/dam-images/fit-in/360x360/Products/09082023_1691587977279_1691587982894_8718452512188_1.png",
    "available": true,
    "promoUntil": null
  },
  {
    "id": "206516STK",
    "title": "Jumbo Normal Inlegkruisjes 60 Stuks",
    "category": "Drogisterij en baby",
    "price": 1.45,
    "promoPrice": null,
    "pricePerUnit": "0.02 pieces",
    "image": "https://www.jumbo.com/dam-images/fit-in/360x360/Products/29092023_1695996140776_1695996157539_8718452693368_1.png",
    "available": true,
    "promoUntil": null
  },
  {
    "id": "648141KGR",
    "title": "Jumbo Biologische Kaas Belegen 50+ Plakken ca. 200 g",
    "category": "Vleeswaren, kaas en tapas",
    "price": 4.28,
    "promoPrice": null,
    "pricePerUnit": "21.39 kg",
    "image": "https://www.jumbo.com/dam-images/fit-in/360x360/Products/12122024_1734021201156_1734021205404_2368966000000_1.png",
    "available": true,
    "promoUntil": null
  },
  {
    "id": "705751FLS",
    "title": "Palmolive Shampoo Elke Dag 350 ML",
    "category": "Drogisterij en baby",
    "price": 2.19,
    "promoPrice": null,
    "pricePerUnit": "6.26 l",
    "image": "https://www.jumbo.com/dam-images/fit-in/360x360/Products/19062025_1750324882425_1750324885757_705751_FLS_08718951066106_C1N1.png",
    "available": true,
    "promoUntil": null
  },
  {
    "id": "451466DS",
    "title": "Ritter Sport Mini Chocolate Mix 9 x 16,67 g",
    "category": "Koek, snoep, chocolade en chips",
    "price": 2.75,
    "promoPrice": null,
    "pricePerUnit": "18.33 kg",
    "image": "https://www.jumbo.com/dam-images/fit-in/360x360/Products/09082023_1691588637431_1691588643620_4000417119407_1.png",
    "available": true,
    "promoUntil": null
  },
  {
    "id": "530135STK",
    "title": "Jumbo Galetten Wafels Melkchocolade 300 g",
    "category": "Koek, snoep, chocolade en chips",
    "price": 2.34,
    "promoPrice": null,
    "pricePerUnit": "7.8 kg",
    "image": "https://www.jumbo.com/dam-images/fit-in/360x360/Products/10082023_1691675073121_1691675140996_8718452382408_1.png",
    "available": true,
    "promoUntil": null
  },
  {
    "id": "449002DSL",
    "title": "Neleman - Tempranillo - Biologisch 6 x 750 ml",
    "category": "Bier en wijn",
    "price": 38.94,
    "promoPrice": null,
    "pricePerUnit": "8.65 l",
    "image": "https://www.jumbo.com/dam-images/fit-in/360x360/Products/449002DSL-1692282933034.png",
    "available": true,
    "promoUntil": null
  },
  {
    "id": "661565STK",
    "title": "Chatar Pikant 280 g",
    "category": "Vleeswaren, kaas en tapas",
    "price": 1.45,
    "promoPrice": null,
    "pricePerUnit": "5.18 kg",
    "image": "https://www.jumbo.com/dam-images/fit-in/360x360/Products/12122024_1734014863939_1734014869605_5411123905458_1.png",
    "available": true,
    "promoUntil": null
  },
  {
    "id": "433059TRA",
    "title": "Olvarit 8+ Maanden 12 x 200 g",
    "category": "Drogisterij en baby",
    "price": 15.83,
    "promoPrice": null,
    "pricePerUnit": "6.6 kg",
    "image": "https://www.jumbo.com/dam-images/fit-in/360x360/Products/18122024_1734532378312_1734532384143_8712400117364_1.png",
    "available": true,
    "promoUntil": null
  },
  {
    "id": "250521PAK",
    "title": "CacaoTrancio 10 x 28 g",
    "category": "Koek, snoep, chocolade en chips",
    "price": 2.12,
    "promoPrice": null,
    "pricePerUnit": "7.57 kg",
    "image": "https://www.jumbo.com/dam-images/fit-in/360x360/Products/09082023_1691585276722_1691585290990_8001585008940_1.png",
    "available": true,
    "promoUntil": null
  },
  {
    "id": "497044STK",
    "title": "Jumbo Gorgonzola Dolce 200 g",
    "category": "Vleeswaren, kaas en tapas",
    "price": 2.49,
    "promoPrice": null,
    "pricePerUnit": "12.45 kg",
    "image": "https://www.jumbo.com/dam-images/fit-in/360x360/Products/10082023_1691677661175_1691677674986_8718452637508_1.png",
    "available": true,
    "promoUntil": null
  },
  {
    "id": "674219PAK",
    "title": "Milka Reep Gebroken Noot 90g",
    "category": "Koek, snoep, chocolade en chips",
    "price": 1.57,
    "promoPrice": null,
    "pricePerUnit": "17.44 kg",
    "image": "https://www.jumbo.com/dam-images/fit-in/360x360/Products/05072025_1751677597321_1751677611185_674219_PAK_07622202261626_C1N1_s02.png",
    "available": true,
    "promoUntil": null
  },
  {
    "id": "417433DS",
    "title": "Jumbo Sushi Rijst 500 g",
    "category": "Wereldkeukens, kruiden, pasta en rijst",
    "price": 2.47,
    "promoPrice": null,
    "pricePerUnit": "4.94 kg",
    "image": "https://www.jumbo.com/dam-images/fit-in/360x360/Products/10082023_1691676549728_1691676567222_8718452541539_1.png",
    "available": true,
    "promoUntil": null
  },
  {
    "id": "340552DS",
    "title": "Jumbo Rundvlees Kroketten 4 Stuks",
    "category": "Diepvries",
    "price": 1.79,
    "promoPrice": null,
    "pricePerUnit": "6.39 kg",
    "image": "https://www.jumbo.com/dam-images/fit-in/360x360/Products/07022024_1707320044219_1707320071184_8718452767007_596.png",
    "available": true,
    "promoUntil": null
  },
  {
    "id": "33102FLS",
    "title": "Mezzacorona - Chardonnay - 750ML",
    "category": "Bier en wijn",
    "price": 6.79,
    "promoPrice": null,
    "pricePerUnit": "9.05 l",
    "image": "https://www.jumbo.com/dam-images/fit-in/360x360/Products/12082025_1755005659945_1755005663395_8004305000132_1.png",
    "available": true,
    "promoUntil": null
  },
  {
    "id": "575953DS",
    "title": "Jumbo Vershoudzakken 3 L 30 Stuks",
    "category": "Huishouden en dieren",
    "price": 1.87,
    "promoPrice": null,
    "pricePerUnit": "0.06 pieces",
    "image": "https://www.jumbo.com/dam-images/fit-in/360x360/Products/09082023_1691595445395_1691595449985_8718452726554_1.png",
    "available": true,
    "promoUntil": null
  },
  {
    "id": "584963FLS",
    "title": "Jever Fun - Pilsener Suikervrij & Alcoholvrij 0.5% - Fles - 330ML",
    "category": "Bier en wijn",
    "price": 1.09,
    "promoPrice": null,
    "pricePerUnit": "3.3 l",
    "image": "https://www.jumbo.com/dam-images/fit-in/360x360/Products/379139FLS1d6df23cb-b6d5-4bab-a9b8-88e67d135fac-1696583617748.png",
    "available": true,
    "promoUntil": null
  },
  {
    "id": "495580DS",
    "title": "Jumbo Huzarensalade 600 g",
    "category": "Verse maaltijden en gemak",
    "price": 2.19,
    "promoPrice": null,
    "pricePerUnit": "3.65 kg",
    "image": "https://www.jumbo.com/dam-images/fit-in/360x360/Products/03062025_1748946833738_1748946838660_8718452648344_1.png",
    "available": true,
    "promoUntil": null
  },
  {
    "id": "595070STK",
    "title": "Trolli Fun for All 1000 g",
    "category": "Koek, snoep, chocolade en chips",
    "price": 8.99,
    "promoPrice": null,
    "pricePerUnit": "8.99 kg",
    "image": "https://www.jumbo.com/dam-images/fit-in/360x360/Products/25062024_1719283077181_1719283081532_595070_STK_04000512015314_C1N1.png",
    "available": true,
    "promoUntil": null
  },
  {
    "id": "540373ZK",
    "title": "PURINA ONE® Senior 7+ Rijk aan Kip kattenvoer 1,5 kg",
    "category": "Huishouden en dieren",
    "price": 9.69,
    "promoPrice": null,
    "pricePerUnit": "6.46 kg",
    "image": "https://www.jumbo.com/dam-images/fit-in/360x360/Products/23092025_1758596184970_1758596199024_540373_ZK_07613035618817_C1N1_s03.png",
    "available": true,
    "promoUntil": null
  },
  {
    "id": "201508ZK",
    "title": "Iglo Roerbak Sensatie South Indian Curry 450 g",
    "category": "Diepvries",
    "price": 5.5,
    "promoPrice": null,
    "pricePerUnit": "12.22 kg",
    "image": "https://www.jumbo.com/dam-images/fit-in/360x360/Products/02082025_1754097322813_1754097334606_201508_ZK_08717774268032_C1N1.png",
    "available": true,
    "promoUntil": null
  },
  {
    "id": "179291STK",
    "title": "Dr. Oetker Ristorante Pizza Salami Glutenvrij 315 g",
    "category": "Diepvries",
    "price": 4.99,
    "promoPrice": null,
    "pricePerUnit": "15.84 kg",
    "image": "https://www.jumbo.com/dam-images/fit-in/360x360/Products/17042025_1744857582491_1744857592380_179291_STK_04001724022473_C1N1_s03.png",
    "available": true,
    "promoUntil": null
  },
  {
    "id": "517016ZK",
    "title": "Jumbo Marmer Muffins 300 g",
    "category": "Koek, snoep, chocolade en chips",
    "price": 2.29,
    "promoPrice": null,
    "pricePerUnit": "7.63 kg",
    "image": "https://www.jumbo.com/dam-images/fit-in/360x360/Products/10082023_1691677688285_1691677698573_8718452676095_1.png",
    "available": true,
    "promoUntil": null
  },
  {
    "id": "351769CUP",
    "title": "Ben & Jerry's IJs Half Baked 465 ml",
    "category": "Diepvries",
    "price": 7.59,
    "promoPrice": null,
    "pricePerUnit": "16.32 l",
    "image": "https://www.jumbo.com/dam-images/fit-in/360x360/Products/17092025_1758073046856_1758073054269_351769_CUP_08711327371002_H1N1.png",
    "available": true,
    "promoUntil": null
  },
  {
    "id": "203719ZK",
    "title": "Verstegen Kruidenmix voor Nasi & Bami Goreng 30 g",
    "category": "Wereldkeukens, kruiden, pasta en rijst",
    "price": 1.34,
    "promoPrice": null,
    "pricePerUnit": "44.67 kg",
    "image": "https://www.jumbo.com/dam-images/fit-in/360x360/Products/07052024_1715048119074_1715048125634_203719_ZK_08712200982148_C1N1.png",
    "available": true,
    "promoUntil": null
  },
  {
    "id": "666390STK",
    "title": "Jumbo Boerenmetworst 175g",
    "category": "Vleeswaren, kaas en tapas",
    "price": 2.49,
    "promoPrice": null,
    "pricePerUnit": "14.23 kg",
    "image": "https://www.jumbo.com/dam-images/fit-in/360x360/Products/18092023_1695039546135_1695039557741_8718452234370_1.png",
    "available": true,
    "promoUntil": null
  },
  {
    "id": "382756DS",
    "title": "Lindt Excellence 90% Cacao 100g",
    "category": "Koek, snoep, chocolade en chips",
    "price": 4.35,
    "promoPrice": null,
    "pricePerUnit": "43.5 kg",
    "image": "https://www.jumbo.com/dam-images/fit-in/360x360/Products/16112024_1731727720633_1731727745285_382756_DS_03046920029759_H1N1.png",
    "available": true,
    "promoUntil": null
  },
  {
    "id": "688520FLS",
    "title": "Robijn Wasverzachter Tropical 765ML",
    "category": "Huishouden en dieren",
    "price": 7.29,
    "promoPrice": null,
    "pricePerUnit": "0.19 wb",
    "image": "https://www.jumbo.com/dam-images/fit-in/360x360/Products/24092025_1758677647909_1758677678317_688520_FLS_08720181633119_H1N1.png",
    "available": true,
    "promoUntil": null
  },
  {
    "id": "686076FLS",
    "title": "Doppio Passo - Pinot Grigio - 750ML",
    "category": "Bier en wijn",
    "price": 7.99,
    "promoPrice": null,
    "pricePerUnit": "10.65 l",
    "image": "https://www.jumbo.com/dam-images/fit-in/360x360/Products/06052025_1746545608909_1746545612759_8008863057874_1.png",
    "available": true,
    "promoUntil": null
  },
  {
    "id": "616653FLS",
    "title": "Palmolive Douchegel Amandel 500 ml",
    "category": "Drogisterij en baby",
    "price": 5.79,
    "promoPrice": null,
    "pricePerUnit": "11.58 l",
    "image": "https://www.jumbo.com/dam-images/fit-in/360x360/Products/29022024_1709191119808_1709191122628_616653_FLS_08718951635876_C1N1.png",
    "available": true,
    "promoUntil": null
  },
  {
    "id": "640739FLS",
    "title": "HG Badkamer Schimmel Reiniger Schuimspray 500 ml",
    "category": "Huishouden en dieren",
    "price": 11.29,
    "promoPrice": null,
    "pricePerUnit": "22.58 l",
    "image": "https://www.jumbo.com/dam-images/fit-in/360x360/Products/14062025_1749866028051_1749866032013_640739_FLS_08711577202248_C1N1.png",
    "available": true,
    "promoUntil": null
  },
  {
    "id": "206748STK",
    "title": "Jumbo Maandverband Ultra Super+ met Vleugels 12 Stuks",
    "category": "Drogisterij en baby",
    "price": 1.19,
    "promoPrice": null,
    "pricePerUnit": "0.1 pieces",
    "image": "https://www.jumbo.com/dam-images/fit-in/360x360/Products/29092023_1695996140956_1695996147913_8718452693320_1.png",
    "available": true,
    "promoUntil": null
  },
  {
    "id": "621518FLS",
    "title": "Ajax Allesreiniger Fête des Fleurs Lentebloem  1L",
    "category": "Huishouden en dieren",
    "price": 3.19,
    "promoPrice": null,
    "pricePerUnit": "3.19 l",
    "image": "https://www.jumbo.com/dam-images/fit-in/360x360/Products/27032024_1711524304129_1711524307074_621518_FLS_08718951646063_C1N1.png",
    "available": true,
    "promoUntil": null
  },
  {
    "id": "214432STK",
    "title": "Milky Way Twin luchtige chocolade repen 6-pack",
    "category": "Koek, snoep, chocolade en chips",
    "price": 2.99,
    "promoPrice": null,
    "pricePerUnit": "23.18 kg",
    "image": "https://www.jumbo.com/dam-images/fit-in/360x360/Products/15052025_1747330434856_1747330448797_5000159552004_596.png",
    "available": true,
    "promoUntil": null
  },
  {
    "id": "706637DS",
    "title": "Apetito Maaltijdbox B Fijn Gemalen (IDDSI 5) - 7 Verschillende Maaltijden",
    "category": "Diepvries",
    "price": 49.6,
    "promoPrice": null,
    "pricePerUnit": "16.1 kg",
    "image": "https://www.jumbo.com/dam-images/fit-in/360x360/Products/47390winvitalisdinerdoosFijngemalen2400x24008ecf518e-98e2-470f-9c8e-637bf2e2a3a7-1754577466243.png",
    "available": true,
    "promoUntil": null
  },
  {
    "id": "431083FLS",
    "title": "Spa TOUCH Bruisend Lemon 50cl",
    "category": "Frisdrank en sappen",
    "price": 1.12,
    "promoPrice": null,
    "pricePerUnit": "2.24 l",
    "image": "https://www.jumbo.com/dam-images/fit-in/360x360/Products/15072025_1752537616409_1752537619523_5410013194002_1.png",
    "available": true,
    "promoUntil": null
  },
  {
    "id": "405748STK",
    "title": "Swirl Vuilniszakken met Actifresh 35 liter 9 stuks",
    "category": "Huishouden en dieren",
    "price": 3.22,
    "promoPrice": null,
    "pricePerUnit": "0.36 pieces",
    "image": "https://www.jumbo.com/dam-images/fit-in/360x360/Products/15052025_1747276136368_1747276143652_405748_STK_.png",
    "available": true,
    "promoUntil": null
  },
  {
    "id": "191967STK",
    "title": "Honig Lasagne Original 250 g",
    "category": "Wereldkeukens, kruiden, pasta en rijst",
    "price": 1.78,
    "promoPrice": null,
    "pricePerUnit": "7.12 kg",
    "image": "https://www.jumbo.com/dam-images/fit-in/360x360/Products/07122024_1733543208119_1733543215992_191967_STK_08714700999916_H1N1.png",
    "available": true,
    "promoUntil": null
  },
  {
    "id": "159119ZK",
    "title": "Kathy Belgian Milk Chocolate Bouchées 250 g",
    "category": "Koek, snoep, chocolade en chips",
    "price": 2.49,
    "promoPrice": null,
    "pricePerUnit": "9.96 kg",
    "image": "https://www.jumbo.com/dam-images/fit-in/360x360/Products/05122023_1701744006361_1701744015502_159119_ZK_05410348742596_C1N1.png",
    "available": true,
    "promoUntil": null
  },
  {
    "id": "648943PAK",
    "title": "Jumbo Fresh Vochtig Toiletpapier 40 Stuks",
    "category": "Huishouden en dieren",
    "price": 0.79,
    "promoPrice": null,
    "pricePerUnit": "0.02 pieces",
    "image": "https://www.jumbo.com/dam-images/fit-in/360x360/Products/24092024_1727192005911_1727192018603_8718452849161_596.png",
    "available": true,
    "promoUntil": null
  },
  {
    "id": "538457TRA",
    "title": "Leffe - Blond Belgisch Abdijbier - Blik - 4 x 500ML",
    "category": "Bier en wijn",
    "price": 8.49,
    "promoPrice": 6.36,
    "pricePerUnit": "3.18 l",
    "image": "https://www.jumbo.com/dam-images/fit-in/360x360/Products/538457_5410228304531_1_T1_53833TRA1691076801651.png",
    "available": true,
    "promoUntil": "di 30 sep"
  },
  {
    "id": "85578FLS",
    "title": "Sanicur Original Bad en Douche Gel 1L",
    "category": "Drogisterij en baby",
    "price": 4.39,
    "promoPrice": null,
    "pricePerUnit": "4.39 l",
    "image": "https://www.jumbo.com/dam-images/fit-in/360x360/Products/01032024_1709262344352_1709262345917_85578_FLS_08710919106671_C1N1.png",
    "available": true,
    "promoUntil": null
  },
  {
    "id": "672339PAK",
    "title": "Sultana Crunchers Kaas/Tomaat 175 g",
    "category": "Koek, snoep, chocolade en chips",
    "price": 2.27,
    "promoPrice": null,
    "pricePerUnit": "12.97 kg",
    "image": "https://www.jumbo.com/dam-images/fit-in/360x360/Products/21022025_1740108578627_1740108585240_672339_PAK_08710412045507_H1N1.png",
    "available": true,
    "promoUntil": null
  },
  {
    "id": "625188FLS",
    "title": "Slimpie Kids Siroop Aardbei Bananana Smaak 580 ml",
    "category": "Frisdrank en sappen",
    "price": 3.19,
    "promoPrice": null,
    "pricePerUnit": "5.5 l",
    "image": "https://www.jumbo.com/dam-images/fit-in/360x360/Products/11082025_1754919207601_1754919212041_8719214811426_1.png",
    "available": true,
    "promoUntil": null
  },
  {
    "id": "498044PAK",
    "title": "Jumbo - Desem Broodjes - 4 Stuks",
    "category": "Brood en gebak",
    "price": 2.06,
    "promoPrice": null,
    "pricePerUnit": "6.87 kg",
    "image": "https://www.jumbo.com/dam-images/fit-in/360x360/Products/09082023_1691591317882_1691591325765_8718452649785_1.png",
    "available": true,
    "promoUntil": null
  },
  {
    "id": "677986BUS",
    "title": "AXE Deodorant Bodyspray Africa 150 ml",
    "category": "Drogisterij en baby",
    "price": 7.49,
    "promoPrice": null,
    "pricePerUnit": "49.93 l",
    "image": "https://www.jumbo.com/dam-images/fit-in/360x360/Products/26032025_1742985166481_1742985169042_8720181546495_1.png",
    "available": true,
    "promoUntil": null
  },
  {
    "id": "497205BAK",
    "title": "Maza Hoemoes Spicy Chipotle",
    "category": "Vleeswaren, kaas en tapas",
    "price": 2.69,
    "promoPrice": null,
    "pricePerUnit": "13.45 kg",
    "image": "https://www.jumbo.com/dam-images/fit-in/360x360/Products/28082025_1756398808278_1756398813322_8714779005921_1.png",
    "available": true,
    "promoUntil": null
  },
  {
    "id": "477132PAK",
    "title": "Tony's Chocolonely Hieper de Piepert Melk Karamel Zeezout 180 g",
    "category": "Koek, snoep, chocolade en chips",
    "price": 4.31,
    "promoPrice": null,
    "pricePerUnit": "23.94 kg",
    "image": "https://www.jumbo.com/dam-images/fit-in/360x360/Products/08112024_1731065833740_1731065839473_8719956493621_1.png",
    "available": true,
    "promoUntil": null
  },
  {
    "id": "425598EM",
    "title": "Jumbo Italiaanse Burrata 50+ 193 g",
    "category": "Vleeswaren, kaas en tapas",
    "price": 2.99,
    "promoPrice": null,
    "pricePerUnit": "29.9 kg",
    "image": "https://www.jumbo.com/dam-images/fit-in/360x360/Products/09082023_1691588270164_1691588465932_8718452553129_1.png",
    "available": true,
    "promoUntil": null
  },
  {
    "id": "539070BLK",
    "title": "Red Bull Energy Drink Bosbessmaak The Blue Edition 250 ml",
    "category": "Frisdrank en sappen",
    "price": 1.69,
    "promoPrice": null,
    "pricePerUnit": "6.76 l",
    "image": "https://www.jumbo.com/dam-images/fit-in/360x360/Products/12122024_1734014860714_1734014866930_90453441_1.png",
    "available": true,
    "promoUntil": null
  },
  {
    "id": "705282ZK",
    "title": "Jumbo - Mini Mueslibollen - 9 Stuks",
    "category": "Brood en gebak",
    "price": 2.49,
    "promoPrice": null,
    "pricePerUnit": "0.28 pieces",
    "image": "https://www.jumbo.com/dam-images/fit-in/360x360/Products/17042025_1744882429862_1744882438068_8718452862856_1.png",
    "available": true,
    "promoUntil": null
  },
  {
    "id": "421752DS",
    "title": "Sleepzz Melatonine 3 mg tabletten, 30 stuks",
    "category": "Drogisterij en baby",
    "price": 16.99,
    "promoPrice": null,
    "pricePerUnit": "0.57 pieces",
    "image": "https://www.jumbo.com/dam-images/fit-in/360x360/Products/23092025_1758585734189_1758585739551_8711744051341_1.png",
    "available": true,
    "promoUntil": null
  },
  {
    "id": "656149CUP",
    "title": "Komkommer Rauwkost in Romige Dressing 400 g",
    "category": "Aardappelen, groente en fruit",
    "price": 2.69,
    "promoPrice": null,
    "pricePerUnit": "6.73 kg",
    "image": "https://www.jumbo.com/dam-images/fit-in/360x360/Products/17032025_1742229208905_1742229215479_8711145234848_1.png",
    "available": true,
    "promoUntil": null
  },
  {
    "id": "360494DS",
    "title": "Jumbo Biologisch Tomatenpuree 140 g",
    "category": "Wereldkeukens, kruiden, pasta en rijst",
    "price": 0.66,
    "promoPrice": null,
    "pricePerUnit": "4.71 kg",
    "image": "https://www.jumbo.com/dam-images/fit-in/360x360/Products/15112023_1700044384616_1700044397037_8718452504534_1.png",
    "available": true,
    "promoUntil": null
  },
  {
    "id": "533217PAK",
    "title": "Coca-Cola Cherry 4 x 250 ml",
    "category": "Frisdrank en sappen",
    "price": 3.25,
    "promoPrice": null,
    "pricePerUnit": "3.25 l",
    "image": "https://www.jumbo.com/dam-images/fit-in/360x360/Products/04032024_1709559247427_1709559255539_5000112658996_1.png",
    "available": true,
    "promoUntil": null
  },
  {
    "id": "184995DS",
    "title": "Queens Pangalicious Extra Krokant 2 stuks 250 g",
    "category": "Diepvries",
    "price": 3.45,
    "promoPrice": null,
    "pricePerUnit": "13.8 kg",
    "image": "https://www.jumbo.com/dam-images/fit-in/360x360/Products/09082023_1691593275369_1691593283459_8710247096347_1.png",
    "available": true,
    "promoUntil": null
  },
  {
    "id": "540379PAK",
    "title": "Whiskas 7+ Kattenvoer - Vis selectie in gelei - maaltijdzakjes 12x85g",
    "category": "Huishouden en dieren",
    "price": 5.91,
    "promoPrice": null,
    "pricePerUnit": "0.49 pieces",
    "image": "https://www.jumbo.com/dam-images/fit-in/360x360/Products/08082024_1723120458563_1723120476034_3065890155015_596.png",
    "available": true,
    "promoUntil": null
  },
  {
    "id": "543430PAK",
    "title": "Jumbo Cola Light 12 x 150ML",
    "category": "Frisdrank en sappen",
    "price": 3.78,
    "promoPrice": null,
    "pricePerUnit": "2.1 l",
    "image": "https://www.jumbo.com/dam-images/fit-in/360x360/Products/10062025_1749547946887_1749547956653_8718452660599_596.png",
    "available": true,
    "promoUntil": null
  },
  {
    "id": "518559BKR",
    "title": "Jumbo's Klassieke Tomatensoep 500 g",
    "category": "Verse maaltijden en gemak",
    "price": 3.59,
    "promoPrice": null,
    "pricePerUnit": "7.18 kg",
    "image": "https://www.jumbo.com/dam-images/fit-in/360x360/Products/31072025_1753972505543_1753972510693_8718452855438_1.png",
    "available": true,
    "promoUntil": null
  },
  {
    "id": "555521FLS",
    "title": "Roche Mazet - Viognier - 750ML",
    "category": "Bier en wijn",
    "price": 5.29,
    "promoPrice": null,
    "pricePerUnit": "7.05 l",
    "image": "https://www.jumbo.com/dam-images/fit-in/360x360/Products/09082023_1691596459810_1691596464139_3175529653628_1.png",
    "available": true,
    "promoUntil": null
  },
  {
    "id": "350691PAK",
    "title": "Jumbo Sinaasappel 1 L",
    "category": "",
    "price": 2.89,
    "promoPrice": null,
    "pricePerUnit": "2.89 l",
    "image": "https://www.jumbo.com/dam-images/fit-in/360x360/Products/09082023_1691586738258_1691586744101_8718452439225_1.png",
    "available": true,
    "promoUntil": null
  },
  {
    "id": "456927ZK",
    "title": "Jumbo Vegan Marshmallows 150 g",
    "category": "Koek, snoep, chocolade en chips",
    "price": 1.09,
    "promoPrice": null,
    "pricePerUnit": "7.27 kg",
    "image": "https://www.jumbo.com/dam-images/fit-in/360x360/Products/456927_8718452606092_1_T1_456927ZK1691161940358.png",
    "available": true,
    "promoUntil": null
  },
  {
    "id": "668584ZK",
    "title": "HEMA Waxine Sfeerlichten Maxi 20 Stuks",
    "category": "Non-food en servicebalie",
    "price": 5.49,
    "promoPrice": null,
    "pricePerUnit": "0.27 pieces",
    "image": "https://www.jumbo.com/dam-images/fit-in/360x360/Products/20032025_1742439383419_1742439389897_668584_ZK_08720354609330_C1N1.png",
    "available": true,
    "promoUntil": null
  },
  {
    "id": "629544BLS",
    "title": "Glorix Actief Blauw Water Toiletblok Bleek 1 stuk",
    "category": "Huishouden en dieren",
    "price": 3.71,
    "promoPrice": null,
    "pricePerUnit": "3.71 pieces",
    "image": "https://www.jumbo.com/dam-images/fit-in/360x360/Products/20082024_1724153717157_1724153723019_8720182908995_1.png",
    "available": true,
    "promoUntil": null
  },
  {
    "id": "655338BLS",
    "title": "Ambi Pur 3Volution Luchtverfrisser Navulling",
    "category": "Huishouden en dieren",
    "price": 6.29,
    "promoPrice": null,
    "pricePerUnit": "314.5 l",
    "image": "https://www.jumbo.com/dam-images/fit-in/360x360/Products/25082025_1756118062550_1756118068413_8700216505307_1.png",
    "available": true,
    "promoUntil": null
  },
  {
    "id": "195812STK",
    "title": "Jumbo Sambal Badjak 200 g",
    "category": "Wereldkeukens, kruiden, pasta en rijst",
    "price": 1.69,
    "promoPrice": null,
    "pricePerUnit": "8.45 kg",
    "image": "https://www.jumbo.com/dam-images/fit-in/360x360/Products/09082023_1691584855773_1691584871213_8718452274611_1.png",
    "available": true,
    "promoUntil": null
  },
  {
    "id": "684431ZK",
    "title": "MAGGI Noedels Bami Goreng 185g",
    "category": "Wereldkeukens, kruiden, pasta en rijst",
    "price": 2.89,
    "promoPrice": null,
    "pricePerUnit": "15.62 kg",
    "image": "https://www.jumbo.com/dam-images/fit-in/360x360/Products/18032025_1742266213607_1742266224507_684431_ZK_08445291680333_C1N1_s01.png",
    "available": true,
    "promoUntil": null
  },
  {
    "id": "578886TRA",
    "title": "Jumbo Spianata Romana 50 g",
    "category": "Vleeswaren, kaas en tapas",
    "price": 2.19,
    "promoPrice": null,
    "pricePerUnit": "43.8 kg",
    "image": "https://www.jumbo.com/dam-images/fit-in/360x360/Products/06122023_1701876843713_1701876854392_8718452768035_1.png",
    "available": true,
    "promoUntil": null
  },
  {
    "id": "393220CUP",
    "title": "Jumbo Halfgedroogd Tomaten 130 g",
    "category": "Vleeswaren, kaas en tapas",
    "price": 2.39,
    "promoPrice": null,
    "pricePerUnit": "18.38 kg",
    "image": "https://www.jumbo.com/dam-images/fit-in/360x360/Products/14022024_1707873857218_1707873868000_8718452757251_1.png",
    "available": true,
    "promoUntil": null
  },
  {
    "id": "578743STK",
    "title": "Ben & Jerry's IJs Strawberry Cheesecake 100 ml",
    "category": "Diepvries",
    "price": 2.19,
    "promoPrice": null,
    "pricePerUnit": "21.9 l",
    "image": "https://www.jumbo.com/dam-images/fit-in/360x360/Products/15072025_1752577908774_1752577932912_578743_STK_08711200859306_H1N1.png",
    "available": true,
    "promoUntil": null
  },
  {
    "id": "647307PAK",
    "title": "Jumbo Biologisch Shiitake 100 g",
    "category": "Aardappelen, groente en fruit",
    "price": 1.99,
    "promoPrice": null,
    "pricePerUnit": "19.9 kg",
    "image": "https://www.jumbo.com/dam-images/fit-in/360x360/Products/12122024_1734014904557_1734014908790_8718452850549_1.png",
    "available": true,
    "promoUntil": null
  },
  {
    "id": "685933DS",
    "title": "Omo Waspoeder Wit 14 Wasbeurten",
    "category": "Huishouden en dieren",
    "price": 5.99,
    "promoPrice": null,
    "pricePerUnit": "0.43 wb",
    "image": "https://www.jumbo.com/dam-images/fit-in/360x360/Products/11032025_1741704726773_1741704766341_685933_DS_08720181605246_C1N1.png",
    "available": true,
    "promoUntil": null
  },
  {
    "id": "680918ZK",
    "title": "Pampers Baby-Dry Pants Luierbroekjes Maat 4, 84 Luierbroekjes",
    "category": "Drogisterij en baby",
    "price": 46.99,
    "promoPrice": null,
    "pricePerUnit": "0.56 pieces",
    "image": "https://www.jumbo.com/dam-images/fit-in/360x360/Products/19082025_1755561734054_1755561740158_8700216595728_1.png",
    "available": true,
    "promoUntil": null
  },
  {
    "id": "620574DSL",
    "title": "Always Discreet Verband Voor Urineverlies 4 x 12 stuks",
    "category": "Drogisterij en baby",
    "price": 18.36,
    "promoPrice": 12.85,
    "pricePerUnit": "0.27 pieces",
    "image": "https://www.jumbo.com/dam-images/fit-in/360x360/Products/620574DSL182e8a004-f219-472b-86df-9c068a033409-1712128486202.png",
    "available": true,
    "promoUntil": "di 7 okt"
  },
  {
    "id": "608116FLS",
    "title": "Coca-Cola Frisdrank Vanilla 1,5 L",
    "category": "Frisdrank en sappen",
    "price": 2.99,
    "promoPrice": null,
    "pricePerUnit": "1.99 l",
    "image": "https://www.jumbo.com/dam-images/fit-in/360x360/Products/03022024_1706931200715_1706931205924_608116_FLS_05000112668292_H1N1.png",
    "available": true,
    "promoUntil": null
  },
  {
    "id": "195750FLS",
    "title": "Jumbo Woksaus Sweet Chili 200 ml",
    "category": "Wereldkeukens, kruiden, pasta en rijst",
    "price": 2.08,
    "promoPrice": null,
    "pricePerUnit": "10.4 l",
    "image": "https://www.jumbo.com/dam-images/fit-in/360x360/Products/09082023_1691584855412_1691584861292_8718452261987_1.png",
    "available": true,
    "promoUntil": null
  },
  {
    "id": "644096KGR",
    "title": "Jumbo Streek Pas Ontbijtspek ca. 110 g",
    "category": "Vleeswaren, kaas en tapas",
    "price": 2.97,
    "promoPrice": null,
    "pricePerUnit": "27.0 kg",
    "image": "https://www.jumbo.com/dam-images/fit-in/360x360/Products/09092025_1757421321730_1757421330111_2335859000000_1.png",
    "available": true,
    "promoUntil": null
  },
  {
    "id": "208675BAK",
    "title": "Jumbo's Pompoen Kaas Mezzelune 250 g",
    "category": "Wereldkeukens, kruiden, pasta en rijst",
    "price": 3.59,
    "promoPrice": null,
    "pricePerUnit": "14.36 kg",
    "image": "https://www.jumbo.com/dam-images/fit-in/360x360/Products/23092024_1727091276669_1727091283103_8718452832675_1.png",
    "available": true,
    "promoUntil": null
  },
  {
    "id": "656721KGR",
    "title": "Wapenaer Goudse Kaas 35+ Belegen ca. 200 g",
    "category": "Vleeswaren, kaas en tapas",
    "price": 3.8,
    "promoPrice": null,
    "pricePerUnit": "18.99 kg",
    "image": "https://www.jumbo.com/dam-images/fit-in/360x360/Products/14102024_1728894968331_1728894980242_2336152000000_1.png",
    "available": true,
    "promoUntil": null
  },
  {
    "id": "214034PAK",
    "title": "Rummo Linguine 13 500 g",
    "category": "Wereldkeukens, kruiden, pasta en rijst",
    "price": 2.49,
    "promoPrice": null,
    "pricePerUnit": "4.98 kg",
    "image": "https://www.jumbo.com/dam-images/fit-in/360x360/Products/214034_8008343200134_1_T1_214034PAK1691326613882.png",
    "available": true,
    "promoUntil": null
  },
  {
    "id": "558429POT",
    "title": "Verstegen Zwarte Peper 160 g",
    "category": "Wereldkeukens, kruiden, pasta en rijst",
    "price": 7.91,
    "promoPrice": null,
    "pricePerUnit": "49.44 kg",
    "image": "https://www.jumbo.com/dam-images/fit-in/360x360/Products/31082024_1725068396890_1725068400315_558429_POT_08712200945983_C1N1.png",
    "available": true,
    "promoUntil": null
  },
  {
    "id": "478303DS",
    "title": "Jumbo Soeppakket Erwtensoep 4-6 Personen",
    "category": "Wereldkeukens, kruiden, pasta en rijst",
    "price": 3.99,
    "promoPrice": 2.99,
    "pricePerUnit": "3.22 kg",
    "image": "https://www.jumbo.com/dam-images/fit-in/360x360/Products/01092025_1756733705965_1756733717499_8718452933037_1.png",
    "available": true,
    "promoUntil": "di 30 sep"
  },
  {
    "id": "649013PAK",
    "title": "Jumbo Sensitive Vochtig Toiletpapier Voordeelverpakking 80 Stuks",
    "category": "Huishouden en dieren",
    "price": 2.34,
    "promoPrice": null,
    "pricePerUnit": "0.03 pieces",
    "image": "https://www.jumbo.com/dam-images/fit-in/360x360/Products/24092024_1727188368823_1727188382097_8718452849215_596.png",
    "available": true,
    "promoUntil": null
  },
  {
    "id": "62389PAK",
    "title": "Maaza Mango Fruit Drink 1 L",
    "category": "Frisdrank en sappen",
    "price": 2.09,
    "promoPrice": null,
    "pricePerUnit": "2.09 l",
    "image": "https://www.jumbo.com/dam-images/fit-in/360x360/Products/26022025_1740573213779_1740573217583_8718226323040_1.png",
    "available": true,
    "promoUntil": null
  },
  {
    "id": "528092DS",
    "title": "Olvarit Variatiemenu 2 Smaken Knijpfruit 12+ Maanden 12 x 100 g",
    "category": "Drogisterij en baby",
    "price": 13.81,
    "promoPrice": null,
    "pricePerUnit": "11.51 kg",
    "image": "https://www.jumbo.com/dam-images/fit-in/360x360/Products/09082023_1691591345448_1691591349382_8712400119764_1.png",
    "available": true,
    "promoUntil": null
  },
  {
    "id": "699699FLS",
    "title": "Go-Tan Sticky Chicken Korean 220ml",
    "category": "Wereldkeukens, kruiden, pasta en rijst",
    "price": 2.37,
    "promoPrice": null,
    "pricePerUnit": "10.77 l",
    "image": "https://www.jumbo.com/dam-images/fit-in/360x360/Products/19052025_1747641011340_1747641016890_699699_FLS_08710605021622_C1N1.png",
    "available": true,
    "promoUntil": null
  },
  {
    "id": "539094BLK",
    "title": "Atlas - Ultra Strong 14 - Blik - 500ML",
    "category": "Bier en wijn",
    "price": 2.29,
    "promoPrice": null,
    "pricePerUnit": "4.58 l",
    "image": "https://www.jumbo.com/dam-images/fit-in/360x360/Products/20092025_1758333104030_1758333107031_539094_BLK_08720039762299_C1N1.png",
    "available": true,
    "promoUntil": null
  },
  {
    "id": "588446FLS",
    "title": "Enjoy It - Sauvignon Blanc - Alcoholvrij - 750ML",
    "category": "Bier en wijn",
    "price": 4.99,
    "promoPrice": null,
    "pricePerUnit": "6.65 l",
    "image": "https://www.jumbo.com/dam-images/fit-in/360x360/Products/30042024_1714463353756_1714463356430_4062073012812_1.png",
    "available": true,
    "promoUntil": null
  },
  {
    "id": "370012ZK",
    "title": "Haribo Zoute Rijen 175 g",
    "category": "Koek, snoep, chocolade en chips",
    "price": 2.15,
    "promoPrice": null,
    "pricePerUnit": "12.29 kg",
    "image": "https://www.jumbo.com/dam-images/fit-in/360x360/Products/29042025_1745894436591_1745894451980_370012_ZK_04001686111239_H1N1.png",
    "available": true,
    "promoUntil": null
  },
  {
    "id": "610977DS",
    "title": "Jumbo Fusion Waterijsjes 8 x 50 g",
    "category": "Diepvries",
    "price": 1.89,
    "promoPrice": null,
    "pricePerUnit": "4.73 l",
    "image": "https://www.jumbo.com/dam-images/fit-in/360x360/Products/27022025_1740670388215_1740670403521_8718452634798_1.png",
    "available": true,
    "promoUntil": null
  },
  {
    "id": "283313STK",
    "title": "Rosewood Chewy Bone Eend Medium, 2 Stuks",
    "category": "Huishouden en dieren",
    "price": 3.29,
    "promoPrice": null,
    "pricePerUnit": "41.13 kg",
    "image": "https://www.jumbo.com/dam-images/fit-in/360x360/Products/11042024_1712793795827_1712793801096_8712113455142_1.png",
    "available": true,
    "promoUntil": null
  },
  {
    "id": "468721DS",
    "title": "Affligem Belgisch Wit Bier Fles 6 x 300ml",
    "category": "Bier en wijn",
    "price": 7.29,
    "promoPrice": null,
    "pricePerUnit": "4.05 l",
    "image": "https://www.jumbo.com/dam-images/fit-in/360x360/Products/21082025_1755761587049_1755761592194_8712000056988_1.png",
    "available": true,
    "promoUntil": null
  },
  {
    "id": "175591DS",
    "title": "Céréal Zonder Suikers Kokos Smaak 3 x 4 Stuks 132 g",
    "category": "Koek, snoep, chocolade en chips",
    "price": 3.36,
    "promoPrice": null,
    "pricePerUnit": "25.45 kg",
    "image": "https://www.jumbo.com/dam-images/fit-in/360x360/Products/02062025_1748856767867_1748856772568_5410063021259_1.png",
    "available": true,
    "promoUntil": null
  },
  {
    "id": "435953PAK",
    "title": "Go-Tan Kokosmelk 8% 500ml",
    "category": "Wereldkeukens, kruiden, pasta en rijst",
    "price": 2.96,
    "promoPrice": null,
    "pricePerUnit": "5.92 l",
    "image": "https://www.jumbo.com/dam-images/fit-in/360x360/Products/21092024_1726882693005_1726882700989_435953_PAK_08710605092226_C1N1.png",
    "available": true,
    "promoUntil": null
  },
  {
    "id": "546484BLK",
    "title": "Krombacher - Pils - Blik - 500ML",
    "category": "Bier en wijn",
    "price": 1.5,
    "promoPrice": null,
    "pricePerUnit": "3.0 l",
    "image": "https://www.jumbo.com/dam-images/fit-in/360x360/Products/20092025_1758330955555_1758330959054_546484_BLK_04008287944020_C1N1.png",
    "available": true,
    "promoUntil": null
  },
  {
    "id": "57015PAK",
    "title": "Jumbo Naturel Aardappelpuree Zakjes 2 x 138 g",
    "category": "Wereldkeukens, kruiden, pasta en rijst",
    "price": 0.99,
    "promoPrice": null,
    "pricePerUnit": "3.59 kg",
    "image": "https://www.jumbo.com/dam-images/fit-in/360x360/Products/29042025_1745937192255_1745937201722_8711715823731_1.png",
    "available": true,
    "promoUntil": null
  },
  {
    "id": "675885DS",
    "title": "Ola IJs Twister Mini Pineapple 6 x 50 ml",
    "category": "Diepvries",
    "price": 3.19,
    "promoPrice": null,
    "pricePerUnit": "10.63 l",
    "image": "https://www.jumbo.com/dam-images/fit-in/360x360/Products/29032025_1743214767159_1743214783337_675885_DS_08711327576957_C1N1.png",
    "available": true,
    "promoUntil": null
  },
  {
    "id": "622975ZK",
    "title": "Sun Brilliant Shine Plus Vaatwascapsules All-in 1 34 capsules",
    "category": "Huishouden en dieren",
    "price": 23.19,
    "promoPrice": null,
    "pricePerUnit": "0.68 pieces",
    "image": "https://www.jumbo.com/dam-images/fit-in/360x360/Products/29082025_1756431589100_1756431671494_622975_ZK_08720182805454_C1N1.png",
    "available": true,
    "promoUntil": null
  },
  {
    "id": "678171ZK",
    "title": "Always Ultra  Maandverbanden Secure Night (maat 4)",
    "category": "Drogisterij en baby",
    "price": 6.39,
    "promoPrice": null,
    "pricePerUnit": "0.36 pieces",
    "image": "https://www.jumbo.com/dam-images/fit-in/360x360/Products/14082025_1755200015507_1755200019837_8006540822791_1.png",
    "available": true,
    "promoUntil": null
  },
  {
    "id": "523351FLS",
    "title": "innocent super smoothie green antioxidant 300ml",
    "category": "Frisdrank en sappen",
    "price": 2.79,
    "promoPrice": null,
    "pricePerUnit": "9.3 l",
    "image": "https://www.jumbo.com/dam-images/fit-in/360x360/Products/11042025_1744360406073_1744360410279_5038862233354_1.png",
    "available": true,
    "promoUntil": null
  },
  {
    "id": "77585PAK",
    "title": "Appelsientje Zontomaatje 1L",
    "category": "Frisdrank en sappen",
    "price": 2.29,
    "promoPrice": null,
    "pricePerUnit": "2.29 l",
    "image": "https://www.jumbo.com/dam-images/fit-in/360x360/Products/26022025_1740576765300_1740576772117_8713300046334_1.png",
    "available": true,
    "promoUntil": null
  },
  {
    "id": "246250ZK",
    "title": "Jumbo - Koffiebroodjes met Rozijnen & Bakkersroom - 6 Stuks",
    "category": "Brood en gebak",
    "price": 3.29,
    "promoPrice": null,
    "pricePerUnit": "10.97 kg",
    "image": "https://www.jumbo.com/dam-images/fit-in/360x360/Products/09082023_1691586112852_1691586117222_8718452393787_1.png",
    "available": true,
    "promoUntil": null
  },
  {
    "id": "218403STK",
    "title": "Jumbo Snack Kip Mini Strips 100 g",
    "category": "Huishouden en dieren",
    "price": 2.19,
    "promoPrice": null,
    "pricePerUnit": "21.9 kg",
    "image": "https://www.jumbo.com/dam-images/fit-in/360x360/Products/19032025_1742402010188_1742402018694_8718452584031_1.png",
    "available": true,
    "promoUntil": null
  },
  {
    "id": "622573CUP",
    "title": "Hertog IJs IJssalon Advocaat Royaal 825 ml",
    "category": "Diepvries",
    "price": 5.79,
    "promoPrice": null,
    "pricePerUnit": "7.02 l",
    "image": "https://www.jumbo.com/dam-images/fit-in/360x360/Products/29032025_1743222470555_1743222521373_622573_CUP_08711327615649_H1N1.png",
    "available": true,
    "promoUntil": null
  },
  {
    "id": "600459ZK",
    "title": "Jumbo Rode Goudreinet Extra Voordeel 1,5 kg",
    "category": "Aardappelen, groente en fruit",
    "price": 2.45,
    "promoPrice": null,
    "pricePerUnit": "1.63 kg",
    "image": "https://www.jumbo.com/dam-images/fit-in/360x360/Products/19122023_1703000187012_1703000197142_8718452800469_1.png",
    "available": true,
    "promoUntil": null
  },
  {
    "id": "608721STK",
    "title": "Jumbo Biologische Kaas Jong 50+ 6 Plakken 190 g",
    "category": "Vleeswaren, kaas en tapas",
    "price": 3.35,
    "promoPrice": null,
    "pricePerUnit": "17.63 kg",
    "image": "https://www.jumbo.com/dam-images/fit-in/360x360/Products/12122024_1734021186097_1734021197736_8718452764334_1.png",
    "available": true,
    "promoUntil": null
  },
  {
    "id": "19509BUS",
    "title": "JOZO Jodium Zout Extra Fijn 125 g",
    "category": "Wereldkeukens, kruiden, pasta en rijst",
    "price": 0.69,
    "promoPrice": null,
    "pricePerUnit": "5.52 kg",
    "image": "https://www.jumbo.com/dam-images/fit-in/360x360/Products/12122024_1734014660961_1734014663752_87158342_1.png",
    "available": true,
    "promoUntil": null
  },
  {
    "id": "475506TRA",
    "title": "Jumbo Salame Felino 100 g",
    "category": "Vleeswaren, kaas en tapas",
    "price": 4.49,
    "promoPrice": null,
    "pricePerUnit": "44.9 kg",
    "image": "https://www.jumbo.com/dam-images/fit-in/360x360/Products/10082023_1691676434992_1691676456016_8718452623488_1.png",
    "available": true,
    "promoUntil": null
  },
  {
    "id": "131149DS",
    "title": "Van Strien Roomboter Kaasvlinders 80 g",
    "category": "Koek, snoep, chocolade en chips",
    "price": 3.06,
    "promoPrice": null,
    "pricePerUnit": "38.25 kg",
    "image": "https://www.jumbo.com/dam-images/fit-in/360x360/Products/21112024_1732214141727_1732214151915_8716827129009_1.png",
    "available": true,
    "promoUntil": null
  },
  {
    "id": "616697FLS",
    "title": "Dove Advanced Care Verzorgende Douchegel Deeply Nourishing 400 ml",
    "category": "Drogisterij en baby",
    "price": 8.95,
    "promoPrice": null,
    "pricePerUnit": "22.38 l",
    "image": "https://www.jumbo.com/dam-images/fit-in/360x360/Products/11032025_1741660943656_1741660966452_616697_FLS_08720181457500_H1N1.png",
    "available": true,
    "promoUntil": null
  },
  {
    "id": "696409POT",
    "title": "Koningsvogel Sambal Badjak 280 g",
    "category": "Wereldkeukens, kruiden, pasta en rijst",
    "price": 3.65,
    "promoPrice": null,
    "pricePerUnit": "13.04 kg",
    "image": "https://www.jumbo.com/dam-images/fit-in/360x360/Products/02052025_1746167771679_1746167777820_696409_POT_08718719362006_C1N1.png",
    "available": true,
    "promoUntil": null
  },
  {
    "id": "586130STK",
    "title": "HiPP Bio Combiotik 1 Zuigelingenmelk vanaf de Geboorte 800 g",
    "category": "Drogisterij en baby",
    "price": 17.81,
    "promoPrice": null,
    "pricePerUnit": "22.26 kg",
    "image": "https://www.jumbo.com/dam-images/fit-in/360x360/Products/10092025_1757468556931_1757468561859_586130_STK_.png",
    "available": true,
    "promoUntil": null
  },
  {
    "id": "176674STK",
    "title": "Haribo Kikkers 250 g",
    "category": "Koek, snoep, chocolade en chips",
    "price": 1.79,
    "promoPrice": null,
    "pricePerUnit": "7.16 kg",
    "image": "https://www.jumbo.com/dam-images/fit-in/360x360/Products/30082025_1756516746087_1756516750405_176674_STK_04001686472620_C1N1.png",
    "available": true,
    "promoUntil": null
  },
  {
    "id": "690243DSL",
    "title": "Robijn Klein & Krachtig Wasmiddel Kleur - 8 x 665ML",
    "category": "Huishouden en dieren",
    "price": 143.92,
    "promoPrice": 71.96,
    "pricePerUnit": "0.82 wb",
    "image": "https://www.jumbo.com/dam-images/fit-in/360x360/Products/08720181676918H1N1915181b8-2453-4488-8208-41989b64d607-1753099384402.png",
    "available": true,
    "promoUntil": "di 7 okt"
  },
  {
    "id": "421765DS",
    "title": "Lassie Poké bowl rijst 375g",
    "category": "Wereldkeukens, kruiden, pasta en rijst",
    "price": 2.43,
    "promoPrice": null,
    "pricePerUnit": "6.48 kg",
    "image": "https://www.jumbo.com/dam-images/fit-in/360x360/Products/03052024_1714701329329_1714701335440_421765_DS_08718781601553_H1N1.png",
    "available": true,
    "promoUntil": null
  },
  {
    "id": "628068TUB",
    "title": "Prodent Kids 0-6 jaar Tandpasta Super Mario 75 ml",
    "category": "Drogisterij en baby",
    "price": 3.29,
    "promoPrice": null,
    "pricePerUnit": "43.87 l",
    "image": "https://www.jumbo.com/dam-images/fit-in/360x360/Products/19082025_1755567946715_1755568058585_628068_TUB_08720181501432_C1N1.png",
    "available": true,
    "promoUntil": null
  },
  {
    "id": "595913KGR",
    "title": "Jumbo Kruidenkaas Italiaanse Stijl 50+ ca. 250 g",
    "category": "Vleeswaren, kaas en tapas",
    "price": 5.1,
    "promoPrice": null,
    "pricePerUnit": "18.9 kg",
    "image": "https://www.jumbo.com/dam-images/fit-in/360x360/Products/12122024_1734014580835_1734014597105_2353178000000_1.png",
    "available": true,
    "promoUntil": null
  },
  {
    "id": "565001FLS",
    "title": "Jumbo Wasverzachter Orchidee 30 Wasbeurten",
    "category": "Huishouden en dieren",
    "price": 1.99,
    "promoPrice": null,
    "pricePerUnit": "0.07 wb",
    "image": "https://www.jumbo.com/dam-images/fit-in/360x360/Products/20112023_1700498044472_1700498053954_8718452738564_1.png",
    "available": true,
    "promoUntil": null
  },
  {
    "id": "59607FLS",
    "title": "Graves Supérieures - Sémillon - 750 ML",
    "category": "Bier en wijn",
    "price": 5.99,
    "promoPrice": null,
    "pricePerUnit": "7.99 l",
    "image": "https://www.jumbo.com/dam-images/fit-in/360x360/Products/09082023_1691588268004_1691588332201_3500610063183_1.png",
    "available": true,
    "promoUntil": null
  },
  {
    "id": "563695ZK",
    "title": "Lay's Bugles Roasted Paprika Chips 160 g",
    "category": "Koek, snoep, chocolade en chips",
    "price": 2.75,
    "promoPrice": null,
    "pricePerUnit": "17.19 kg",
    "image": "https://www.jumbo.com/dam-images/fit-in/360x360/Products/03042025_1743680029135_1743680033893_8710398527714_1.png",
    "available": true,
    "promoUntil": null
  },
  {
    "id": "613846FLS",
    "title": "Jumbo Geurbooster Lente Fris 40 Wasbeurten",
    "category": "Huishouden en dieren",
    "price": 3.99,
    "promoPrice": null,
    "pricePerUnit": "4.99 l",
    "image": "https://www.jumbo.com/dam-images/fit-in/360x360/Products/09102024_1728470047473_1728470052727_8718452804573_1.png",
    "available": true,
    "promoUntil": null
  },
  {
    "id": "555550FLS",
    "title": "Lipton Ice Tea Green 1 L",
    "category": "Frisdrank en sappen",
    "price": 2.65,
    "promoPrice": null,
    "pricePerUnit": "2.65 l",
    "image": "https://www.jumbo.com/dam-images/fit-in/360x360/Products/04062025_1749000119079_1749000145070_555550_FLS_08711327507524_H1N1.png",
    "available": true,
    "promoUntil": null
  },
  {
    "id": "533121PAK",
    "title": "Coca-Cola Zero Sugar Vanilla 4 x 250 ml",
    "category": "Frisdrank en sappen",
    "price": 3.25,
    "promoPrice": null,
    "pricePerUnit": "3.25 l",
    "image": "https://www.jumbo.com/dam-images/fit-in/360x360/Products/25032024_1711381755581_1711381771984_5000112659009_1.png",
    "available": true,
    "promoUntil": null
  },
  {
    "id": "585791FLS",
    "title": "Jumbo Vers Geperste Smoothie Appel, Avocado, Kokos & Mango 500 ml",
    "category": "Aardappelen, groente en fruit",
    "price": 2.59,
    "promoPrice": null,
    "pricePerUnit": "5.18 l",
    "image": "https://www.jumbo.com/dam-images/fit-in/360x360/Products/04112024_1730752387720_1730752391980_8718452863792_1.png",
    "available": true,
    "promoUntil": null
  },
  {
    "id": "584704DS",
    "title": "Heks'nkaas Trio Dip 180 g",
    "category": "Vleeswaren, kaas en tapas",
    "price": 3.99,
    "promoPrice": null,
    "pricePerUnit": "22.17 kg",
    "image": "https://www.jumbo.com/dam-images/fit-in/360x360/Products/20022025_1740018901502_1740018915272_584704_DS_08718719177402_C1N1.png",
    "available": true,
    "promoUntil": null
  },
  {
    "id": "283517STK",
    "title": "Grand'Italia Tagliatelle all'Uovo 250 g",
    "category": "Wereldkeukens, kruiden, pasta en rijst",
    "price": 2.56,
    "promoPrice": null,
    "pricePerUnit": "10.24 kg",
    "image": "https://www.jumbo.com/dam-images/fit-in/360x360/Products/09102024_1728446807551_1728446818888_283517_STK_08000050026373_H1N1.png",
    "available": true,
    "promoUntil": null
  },
  {
    "id": "187793ZK",
    "title": "Jumbo Choco Ballen Hazelnoot Melk 200 g",
    "category": "Koek, snoep, chocolade en chips",
    "price": 2.17,
    "promoPrice": null,
    "pricePerUnit": "10.85 kg",
    "image": "https://www.jumbo.com/dam-images/fit-in/360x360/Products/29092023_1695995343896_1695995352341_8718452491018_1.png",
    "available": true,
    "promoUntil": null
  },
  {
    "id": "568231PAK",
    "title": "Roosvicee Multivit Kiwi & Sinaasappel 1,5 L",
    "category": "Frisdrank en sappen",
    "price": 2.49,
    "promoPrice": null,
    "pricePerUnit": "1.66 l",
    "image": "https://www.jumbo.com/dam-images/fit-in/360x360/Products/26012025_1737858211491_1737858218901_568231_PAK_08710395949205_H1N1.png",
    "available": true,
    "promoUntil": null
  },
  {
    "id": "646928PAK",
    "title": "Jumbo Roerbak Paddenstoelen Mix 200 g",
    "category": "Aardappelen, groente en fruit",
    "price": 2.69,
    "promoPrice": null,
    "pricePerUnit": "13.45 kg",
    "image": "https://www.jumbo.com/dam-images/fit-in/360x360/Products/02122024_1733142835521_1733142841221_8718452833207_1.png",
    "available": true,
    "promoUntil": null
  },
  {
    "id": "447832FLS",
    "title": "Jumbo Allesreiniger Ruby 1250 ml",
    "category": "Huishouden en dieren",
    "price": 0.75,
    "promoPrice": null,
    "pricePerUnit": "0.6 l",
    "image": "https://www.jumbo.com/dam-images/fit-in/360x360/Products/09082023_1691589144850_1691589150768_8718452564934_1.png",
    "available": true,
    "promoUntil": null
  },
  {
    "id": "306324ZK",
    "title": "Jumbo - Maaltijd Pita's - 5 Stuks",
    "category": "Brood en gebak",
    "price": 0.85,
    "promoPrice": null,
    "pricePerUnit": "2.13 kg",
    "image": "https://www.jumbo.com/dam-images/fit-in/360x360/Products/29092023_1695995555030_1695995564010_8718452633395_1.png",
    "available": true,
    "promoUntil": null
  },
  {
    "id": "564434FLS",
    "title": "Red Phoenix Sriracha Original",
    "category": "Wereldkeukens, kruiden, pasta en rijst",
    "price": 2.99,
    "promoPrice": null,
    "pricePerUnit": "8.54 l",
    "image": "https://www.jumbo.com/dam-images/fit-in/360x360/Products/13092023_1694597643931_1694597647881_8717662269394_1.png",
    "available": true,
    "promoUntil": null
  },
  {
    "id": "589249FLS",
    "title": "Enjoy It - Cabernet Sauvignon - Alcoholvrij - 750ML",
    "category": "Bier en wijn",
    "price": 4.99,
    "promoPrice": null,
    "pricePerUnit": "6.65 l",
    "image": "https://www.jumbo.com/dam-images/fit-in/360x360/Products/30042024_1714463353968_1714463356890_4062073012799_1.png",
    "available": true,
    "promoUntil": null
  },
  {
    "id": "656682KGR",
    "title": "Jumbo Goudse Kaas Jong 48+ Plakken ca. 230 g",
    "category": "Vleeswaren, kaas en tapas",
    "price": 3.79,
    "promoPrice": null,
    "pricePerUnit": "16.5 kg",
    "image": "https://www.jumbo.com/dam-images/fit-in/360x360/Products/14102024_1728894967944_1728894977459_2378287000000_1.png",
    "available": true,
    "promoUntil": null
  },
  {
    "id": "559460BUS",
    "title": "Air Wick Freshmatic Pure Fresh - Aziatische Kersenbloesem - Navulling - 250 ml",
    "category": "Huishouden en dieren",
    "price": 6.29,
    "promoPrice": null,
    "pricePerUnit": "25.16 l",
    "image": "https://www.jumbo.com/dam-images/fit-in/360x360/Products/22112023_1700619943644_1700619947192_559460_BUS_08720065000938_C1N1.png",
    "available": true,
    "promoUntil": null
  },
  {
    "id": "404597TRL",
    "title": "AXE Deodorant Bodyspray Africa 200 ml x 6 stuks",
    "category": "Drogisterij en baby",
    "price": 43.14,
    "promoPrice": 30.19,
    "pricePerUnit": "25.16 l",
    "image": "https://www.jumbo.com/dam-images/fit-in/360x360/Products/404597TRL19048ba64-d372-4137-ad39-602311bd64cc-1717485196942.png",
    "available": true,
    "promoUntil": "di 7 okt"
  },
  {
    "id": "434372FLS",
    "title": "Fanta Orange PET Fles 500 ml",
    "category": "Frisdrank en sappen",
    "price": 1.79,
    "promoPrice": null,
    "pricePerUnit": "3.58 l",
    "image": "https://www.jumbo.com/dam-images/fit-in/360x360/Products/12012024_1705029013994_1705029016682_434372_FLS_05000112647815_C1N1.png",
    "available": true,
    "promoUntil": null
  },
  {
    "id": "181362ZK",
    "title": "Schär  Mini Baguette Glutenvrij 2 x 75 g",
    "category": "Brood en gebak",
    "price": 2.02,
    "promoPrice": null,
    "pricePerUnit": "13.47 kg",
    "image": "https://www.jumbo.com/dam-images/fit-in/360x360/Products/29072025_1753799573127_1753799580457_8008698003213_1.png",
    "available": true,
    "promoUntil": null
  },
  {
    "id": "565687BAK",
    "title": "Jumbo Mihoen Goreng 900 g",
    "category": "Verse maaltijden en gemak",
    "price": 5.49,
    "promoPrice": null,
    "pricePerUnit": "6.1 kg",
    "image": "https://www.jumbo.com/dam-images/fit-in/360x360/Products/14022024_1707872745781_1707872753713_8718452742752_1.png",
    "available": true,
    "promoUntil": null
  },
  {
    "id": "147637BLK",
    "title": "Jumbo Hondenbrokken In Saus Rund en Groenten 830 g",
    "category": "Huishouden en dieren",
    "price": 1.39,
    "promoPrice": null,
    "pricePerUnit": "1.67 kg",
    "image": "https://www.jumbo.com/dam-images/fit-in/360x360/Products/23052024_1716456913043_1716456930890_8718452746378_596.png",
    "available": true,
    "promoUntil": null
  },
  {
    "id": "578991POT",
    "title": "Pornstar Martini in een Potje 120 ml",
    "category": "Bier en wijn",
    "price": 2.99,
    "promoPrice": null,
    "pricePerUnit": "24.92 l",
    "image": "https://www.jumbo.com/dam-images/fit-in/360x360/Products/05042025_1743821200348_1743821211990_578991_POT_08720938655043_H1N1.png",
    "available": true,
    "promoUntil": null
  },
  {
    "id": "620575DSL",
    "title": "Always Discreet Verband Voor Urineverlies 4 x 10 stuks",
    "category": "Drogisterij en baby",
    "price": 18.36,
    "promoPrice": 12.85,
    "pricePerUnit": "0.32 pieces",
    "image": "https://www.jumbo.com/dam-images/fit-in/360x360/Products/620575DSL15327b9ff-4517-40d8-aa01-c12f3fd357d2-1712128486243.png",
    "available": true,
    "promoUntil": "di 7 okt"
  },
  {
    "id": "705586FLS",
    "title": "Ajax Allesreiniger Classic 1000 ML",
    "category": "Huishouden en dieren",
    "price": 2.15,
    "promoPrice": null,
    "pricePerUnit": "2.15 l",
    "image": "https://www.jumbo.com/dam-images/fit-in/360x360/Products/18062025_1750246664579_1750246668423_705586_FLS_08718951708440_C1N1.png",
    "available": true,
    "promoUntil": null
  },
  {
    "id": "195426STK",
    "title": "Jumbo Volkoren Noodles 250 g",
    "category": "Wereldkeukens, kruiden, pasta en rijst",
    "price": 1.18,
    "promoPrice": null,
    "pricePerUnit": "4.72 kg",
    "image": "https://www.jumbo.com/dam-images/fit-in/360x360/Products/09082023_1691590669452_1691590701291_8718452272242_1.png",
    "available": true,
    "promoUntil": null
  },
  {
    "id": "204143DSL",
    "title": "Gato Negro - Carmenère 6 x 750 ml",
    "category": "Bier en wijn",
    "price": 31.74,
    "promoPrice": null,
    "pricePerUnit": "7.05 l",
    "image": "https://www.jumbo.com/dam-images/fit-in/360x360/Products/204143DSL-1692282488166.png",
    "available": true,
    "promoUntil": null
  },
  {
    "id": "619180DS",
    "title": "HEKS'NKAAS® Tomaat Basilicum 150 g",
    "category": "Vleeswaren, kaas en tapas",
    "price": 2.99,
    "promoPrice": null,
    "pricePerUnit": "19.93 kg",
    "image": "https://www.jumbo.com/dam-images/fit-in/360x360/Products/07092025_1757207041359_1757207045309_619180_DS_08718719170298_C1N1.png",
    "available": true,
    "promoUntil": null
  },
  {
    "id": "664570ZK",
    "title": "Venco Katjesdrop Hard Zoet 235 g",
    "category": "Koek, snoep, chocolade en chips",
    "price": 2.56,
    "promoPrice": null,
    "pricePerUnit": "10.89 kg",
    "image": "https://www.jumbo.com/dam-images/fit-in/360x360/Products/18012025_1737167917335_1737167924110_664570_ZK_08713800255540_H1N1.png",
    "available": true,
    "promoUntil": null
  },
  {
    "id": "424614POT",
    "title": "Easy Chicken Tonight Tomaten 495 g",
    "category": "Wereldkeukens, kruiden, pasta en rijst",
    "price": 3.89,
    "promoPrice": null,
    "pricePerUnit": "7.86 kg",
    "image": "https://www.jumbo.com/dam-images/fit-in/360x360/Products/26022025_1740573213311_1740573221288_8710581909730_1.png",
    "available": true,
    "promoUntil": null
  },
  {
    "id": "439040ZK",
    "title": "Jumbo Pepermunt 250 g",
    "category": "Koek, snoep, chocolade en chips",
    "price": 1.57,
    "promoPrice": null,
    "pricePerUnit": "6.28 kg",
    "image": "https://www.jumbo.com/dam-images/fit-in/360x360/Products/09082023_1691588687704_1691588700775_8718452534227_1.png",
    "available": true,
    "promoUntil": null
  },
  {
    "id": "194785STK",
    "title": "Jumbo Boemboe Sajoer Boontjes Licht Pittig 95 g",
    "category": "Wereldkeukens, kruiden, pasta en rijst",
    "price": 0.99,
    "promoPrice": null,
    "pricePerUnit": "10.42 kg",
    "image": "https://www.jumbo.com/dam-images/fit-in/360x360/Products/12122024_1734014980160_1734014999849_8718452765720_596.png",
    "available": true,
    "promoUntil": null
  },
  {
    "id": "406382POT",
    "title": "Jumbo Biologisch Groene Pesto Vegan 190 g",
    "category": "Wereldkeukens, kruiden, pasta en rijst",
    "price": 3.29,
    "promoPrice": null,
    "pricePerUnit": "17.32 kg",
    "image": "https://www.jumbo.com/dam-images/fit-in/360x360/Products/09092025_1757421320390_1757421331513_8718452532490_1.png",
    "available": true,
    "promoUntil": null
  },
  {
    "id": "448198TRA",
    "title": "Jumbo Lasagne Rundvlees met Gegrilde Aubergine & Courgette 400 g",
    "category": "Verse maaltijden en gemak",
    "price": 3.99,
    "promoPrice": null,
    "pricePerUnit": "9.98 kg",
    "image": "https://www.jumbo.com/dam-images/fit-in/360x360/Products/05022025_1738769588672_1738769596818_8718452873609_1.png",
    "available": true,
    "promoUntil": null
  },
  {
    "id": "682479PAK",
    "title": "Always Ultra Dag Maandverbanden Normal (Maat 1)",
    "category": "Drogisterij en baby",
    "price": 6.49,
    "promoPrice": null,
    "pricePerUnit": "0.19 pieces",
    "image": "https://www.jumbo.com/dam-images/fit-in/360x360/Products/14082025_1755200016799_1755200021217_8006540822227_1.png",
    "available": true,
    "promoUntil": null
  },
  {
    "id": "176199DS",
    "title": "Sheba kattenvoer Mini Filets - Adult -  Natvoer - Gevogelte in Saus - kuipjes 8 x 85g",
    "category": "Huishouden en dieren",
    "price": 6.36,
    "promoPrice": null,
    "pricePerUnit": "9.35 kg",
    "image": "https://www.jumbo.com/dam-images/fit-in/360x360/Products/01052024_1714526745649_1714526749689_176199_DS_03065890137295_H1N1.png",
    "available": true,
    "promoUntil": null
  },
  {
    "id": "709501DS",
    "title": "Jumbo Verspakket Spaghetti Bolognese 4 Personen",
    "category": "Verse maaltijden en gemak",
    "price": 5.89,
    "promoPrice": null,
    "pricePerUnit": "6.47 kg",
    "image": "https://www.jumbo.com/dam-images/fit-in/360x360/Products/02092025_1756816429728_1756816435546_8718452933068_1.png",
    "available": true,
    "promoUntil": null
  },
  {
    "id": "585770ZK",
    "title": "Duyvis Fijnproevers Notenmix Chili 140 g",
    "category": "Koek, snoep, chocolade en chips",
    "price": 3.99,
    "promoPrice": null,
    "pricePerUnit": "28.5 kg",
    "image": "https://www.jumbo.com/dam-images/fit-in/360x360/Products/04042025_1743736771387_1743736784102_585770_ZK_08710398528896_C1N1.png",
    "available": true,
    "promoUntil": null
  },
  {
    "id": "687314FLS",
    "title": "Vanish Pre-Treat Tough Stain Spray 500ML",
    "category": "Huishouden en dieren",
    "price": 7.99,
    "promoPrice": null,
    "pricePerUnit": "15.98 l",
    "image": "https://www.jumbo.com/dam-images/fit-in/360x360/Products/22072025_1753147385084_1753147400126_687314_FLS_08720065015659_C1N1.png",
    "available": true,
    "promoUntil": null
  },
  {
    "id": "207120STK",
    "title": "Wilkinson Sword Hydro 5 - 4 Stuks",
    "category": "Drogisterij en baby",
    "price": 16.99,
    "promoPrice": null,
    "pricePerUnit": "4.25 pieces",
    "image": "https://www.jumbo.com/dam-images/fit-in/360x360/Products/04027800402205C1N1c0a8787b-87bb-47e2-93ad-1f00025af8cf-1709819468498.png",
    "available": true,
    "promoUntil": null
  },
  {
    "id": "608108DS",
    "title": "Dr. Oetker Ristorante Pizza Piccolissima Tre Formaggi minisnacks 12 Stuks",
    "category": "Diepvries",
    "price": 3.99,
    "promoPrice": null,
    "pricePerUnit": "13.85 kg",
    "image": "https://www.jumbo.com/dam-images/fit-in/360x360/Products/23042025_1745374640510_1745374646332_608108_DS_04001724048831_C1N1_s03.png",
    "available": true,
    "promoUntil": null
  },
  {
    "id": "170198DS",
    "title": "Jumbo Aardbeienroomijs 500 g",
    "category": "Diepvries",
    "price": 2.49,
    "promoPrice": null,
    "pricePerUnit": "2.49 l",
    "image": "https://www.jumbo.com/dam-images/fit-in/360x360/Products/02042024_1712064910711_1712064924322_8718452773688_1.png",
    "available": true,
    "promoUntil": null
  },
  {
    "id": "221272STK",
    "title": "Honig Mie Nestjes Original 500 g",
    "category": "Wereldkeukens, kruiden, pasta en rijst",
    "price": 1.77,
    "promoPrice": null,
    "pricePerUnit": "3.54 kg",
    "image": "https://www.jumbo.com/dam-images/fit-in/360x360/Products/21082024_1724209952794_1724209959538_221272_STK_08714700996984_H1N1.png",
    "available": true,
    "promoUntil": null
  },
  {
    "id": "609367DS",
    "title": "innocent kids smoothies strawberry raspberry 4-pack",
    "category": "Frisdrank en sappen",
    "price": 3.99,
    "promoPrice": null,
    "pricePerUnit": "6.65 l",
    "image": "https://www.jumbo.com/dam-images/fit-in/360x360/Products/09042025_1744209189696_1744209206054_5038862002332_1.png",
    "available": true,
    "promoUntil": null
  },
  {
    "id": "614632ZK",
    "title": "Chio Heartbreakers Paprika Party Pack 170 g",
    "category": "Koek, snoep, chocolade en chips",
    "price": 2.49,
    "promoPrice": null,
    "pricePerUnit": "14.65 kg",
    "image": "https://www.jumbo.com/dam-images/fit-in/360x360/Products/26112024_1732627958939_1732627969292_8710532457273_1.png",
    "available": true,
    "promoUntil": null
  },
  {
    "id": "561903FLS",
    "title": "Andrélon Shampoo Langer Fris 300 ml",
    "category": "Drogisterij en baby",
    "price": 5.79,
    "promoPrice": null,
    "pricePerUnit": "19.3 l",
    "image": "https://www.jumbo.com/dam-images/fit-in/360x360/Products/29112023_1701226253172_1701226261552_561903_FLS_08720181327742_C1N1.png",
    "available": true,
    "promoUntil": null
  },
  {
    "id": "245971STK",
    "title": "Jumbo Zoute Pretzels & Sticks 250 g",
    "category": "Koek, snoep, chocolade en chips",
    "price": 1.24,
    "promoPrice": null,
    "pricePerUnit": "4.96 kg",
    "image": "https://www.jumbo.com/dam-images/fit-in/360x360/Products/06052025_1746520373287_1746520382902_8718452887743_1.png",
    "available": true,
    "promoUntil": null
  },
  {
    "id": "439039ZK",
    "title": "Jumbo Vruchten Hartjes Zoet & Hard 300 g",
    "category": "Koek, snoep, chocolade en chips",
    "price": 1.17,
    "promoPrice": null,
    "pricePerUnit": "3.9 kg",
    "image": "https://www.jumbo.com/dam-images/fit-in/360x360/Products/09082023_1691588222876_1691588232885_8718452534210_1.png",
    "available": true,
    "promoUntil": null
  },
  {
    "id": "514395FLS",
    "title": "Mezzacorona - Merlot - Riserva - 750ML",
    "category": "Bier en wijn",
    "price": 9.99,
    "promoPrice": null,
    "pricePerUnit": "13.32 l",
    "image": "https://www.jumbo.com/dam-images/fit-in/360x360/Products/09092025_1757382065257_1757382066391_514395_FLS_08004305004185_A1N1.png",
    "available": true,
    "promoUntil": null
  },
  {
    "id": "428445FLS",
    "title": "Fernandes Super Pineapple 1,5L",
    "category": "Frisdrank en sappen",
    "price": 2.99,
    "promoPrice": null,
    "pricePerUnit": "1.99 l",
    "image": "https://www.jumbo.com/dam-images/fit-in/360x360/Products/21022024_1708511821211_1708511823768_8710642036047_1.png",
    "available": true,
    "promoUntil": null
  },
  {
    "id": "182233POT",
    "title": "Jumbo Tijm 16 g",
    "category": "Wereldkeukens, kruiden, pasta en rijst",
    "price": 2.61,
    "promoPrice": null,
    "pricePerUnit": "163.13 kg",
    "image": "https://www.jumbo.com/dam-images/fit-in/360x360/Products/12122024_1734014401611_1734014408035_87337549_1.png",
    "available": true,
    "promoUntil": null
  },
  {
    "id": "666094ZK",
    "title": "Jumbo Choco Karamel 330 g",
    "category": "Koek, snoep, chocolade en chips",
    "price": 2.35,
    "promoPrice": null,
    "pricePerUnit": "7.12 kg",
    "image": "https://www.jumbo.com/dam-images/fit-in/360x360/Products/27112023_1701103206287_1701103216861_8718452454082_1.png",
    "available": true,
    "promoUntil": null
  },
  {
    "id": "49932PAK",
    "title": "Saitaku Sushi Nori 5 Vellen 14g",
    "category": "Wereldkeukens, kruiden, pasta en rijst",
    "price": 2.72,
    "promoPrice": null,
    "pricePerUnit": "194.29 kg",
    "image": "https://www.jumbo.com/dam-images/fit-in/360x360/Products/08032025_1741401472574_1741401478668_49932_PAK_05060194790052_C1N1.png",
    "available": true,
    "promoUntil": null
  },
  {
    "id": "657245DS",
    "title": "Johma Farmer Rauwkostsalade 200g",
    "category": "Aardappelen, groente en fruit",
    "price": 1.99,
    "promoPrice": null,
    "pricePerUnit": "9.95 kg",
    "image": "https://www.jumbo.com/dam-images/fit-in/360x360/Products/26022025_1740545408852_1740545432169_657245_DS_08710506090659_C1N1.png",
    "available": true,
    "promoUntil": null
  },
  {
    "id": "424514CUP",
    "title": "Lassie Toverrijst Minuutje 2 x 125 g",
    "category": "Wereldkeukens, kruiden, pasta en rijst",
    "price": 1.83,
    "promoPrice": null,
    "pricePerUnit": "7.32 kg",
    "image": "https://www.jumbo.com/dam-images/fit-in/360x360/Products/07052024_1715044594206_1715044597257_424514_CUP_08410184021104_H1N1.png",
    "available": true,
    "promoUntil": null
  },
  {
    "id": "406380POT",
    "title": "Jumbo Arrabbiata Pesto Rood 190 g",
    "category": "Wereldkeukens, kruiden, pasta en rijst",
    "price": 2.29,
    "promoPrice": null,
    "pricePerUnit": "12.05 kg",
    "image": "https://www.jumbo.com/dam-images/fit-in/360x360/Products/09092025_1757421313781_1757421320783_8718452532513_1.png",
    "available": true,
    "promoUntil": null
  },
  {
    "id": "655861STK",
    "title": "No Fairytales the Original Wortel Tortilla 5 Stuks 200 g",
    "category": "Wereldkeukens, kruiden, pasta en rijst",
    "price": 2.99,
    "promoPrice": null,
    "pricePerUnit": "14.95 kg",
    "image": "https://www.jumbo.com/dam-images/fit-in/360x360/Products/31032025_1743379206682_1743379215935_8719689820688_1.png",
    "available": true,
    "promoUntil": null
  },
  {
    "id": "686013DS",
    "title": "Jumbo Maaltijdsalade Griekse Stijl Kipgyros 450 g",
    "category": "Verse maaltijden en gemak",
    "price": 4.5,
    "promoPrice": null,
    "pricePerUnit": "11.25 kg",
    "image": "https://www.jumbo.com/dam-images/fit-in/360x360/Products/13032025_1741865566989_1741865576202_8718452902378_1.png",
    "available": true,
    "promoUntil": null
  },
  {
    "id": "560131ZK",
    "title": "HEMA Messen Hout - 10 stuks",
    "category": "Non-food en servicebalie",
    "price": 1.39,
    "promoPrice": null,
    "pricePerUnit": "0.14 pieces",
    "image": "https://www.jumbo.com/dam-images/fit-in/360x360/Products/09082023_1691588066596_1691588098928_8720354028049_1.png",
    "available": true,
    "promoUntil": null
  },
  {
    "id": "610601PAK",
    "title": "Lipton Ice Tea Green Strawberry 1,5 L",
    "category": "Frisdrank en sappen",
    "price": 3.39,
    "promoPrice": null,
    "pricePerUnit": "2.26 l",
    "image": "https://www.jumbo.com/dam-images/fit-in/360x360/Products/03042025_1743645301830_1743645336064_610601_PAK_08711327623972_H1N1.png",
    "available": true,
    "promoUntil": null
  },
  {
    "id": "659700ZK",
    "title": "Jumbo Spareribs Sweet Chili 750 g",
    "category": "Diepvries",
    "price": 7.15,
    "promoPrice": null,
    "pricePerUnit": "9.53 kg",
    "image": "https://www.jumbo.com/dam-images/fit-in/360x360/Products/21012025_1737469987124_1737470010412_8718452872749_1.png",
    "available": true,
    "promoUntil": null
  },
  {
    "id": "475596TRL",
    "title": "Nestlé PyjamaPapje® Biscuit 6+ Baby Pap 4 x 3 stuks",
    "category": "Drogisterij en baby",
    "price": 12.24,
    "promoPrice": null,
    "pricePerUnit": "3.85 kg",
    "image": "https://www.jumbo.com/dam-images/fit-in/360x360/Products/475596TRL-1692282631351.png",
    "available": true,
    "promoUntil": null
  },
  {
    "id": "525706BUS",
    "title": "Wella Mousse 200 ml",
    "category": "Drogisterij en baby",
    "price": 3.46,
    "promoPrice": null,
    "pricePerUnit": "17.3 l",
    "image": "https://www.jumbo.com/dam-images/fit-in/360x360/Products/10082023_1691676405321_1691676418251_4056800923205_1.png",
    "available": true,
    "promoUntil": null
  },
  {
    "id": "517134FLS",
    "title": "Dove Verzorgende Handzeep Care & Protect 250 ml",
    "category": "Drogisterij en baby",
    "price": 3.99,
    "promoPrice": null,
    "pricePerUnit": "15.96 l",
    "image": "https://www.jumbo.com/dam-images/fit-in/360x360/Products/13092025_1757730371004_1757730393089_517134_FLS_08720181049361_C1N1.png",
    "available": true,
    "promoUntil": null
  },
  {
    "id": "691106ZK",
    "title": "Jumbo Satéstokjes Kip 3 Stuks",
    "category": "Diepvries",
    "price": 1.37,
    "promoPrice": null,
    "pricePerUnit": "9.13 kg",
    "image": "https://www.jumbo.com/dam-images/fit-in/360x360/Products/25042025_1745580812523_1745580824973_8718452894680_596.png",
    "available": true,
    "promoUntil": null
  },
  {
    "id": "525414PAK",
    "title": "Verkade Originals Nobo Sprits Naturel 150 g",
    "category": "Koek, snoep, chocolade en chips",
    "price": 1.68,
    "promoPrice": null,
    "pricePerUnit": "11.2 kg",
    "image": "https://www.jumbo.com/dam-images/fit-in/360x360/Products/04012025_1735957103218_1735957108823_525414_PAK_08710412042575_H1N1.png",
    "available": true,
    "promoUntil": null
  },
  {
    "id": "588452FLS",
    "title": "De Kuyper Passionfruit Martini Cocktail 500ml",
    "category": "Bier en wijn",
    "price": 11.99,
    "promoPrice": null,
    "pricePerUnit": "23.98 l",
    "image": "https://www.jumbo.com/dam-images/fit-in/360x360/Products/07022025_1738956775485_1738956780378_8710625019135_1.png",
    "available": true,
    "promoUntil": null
  },
  {
    "id": "143056POT",
    "title": "Verstegen Uienpoeder 50 g",
    "category": "Wereldkeukens, kruiden, pasta en rijst",
    "price": 2.99,
    "promoPrice": null,
    "pricePerUnit": "59.8 kg",
    "image": "https://www.jumbo.com/dam-images/fit-in/360x360/Products/30082024_1724981195690_1724981199472_143056_POT_08712200102201_C1N1.png",
    "available": true,
    "promoUntil": null
  },
  {
    "id": "505993DS",
    "title": "Knorr Wereldgerechten Maaltijdpakket Mexicaanse Enchilada's XXL 328 g",
    "category": "Wereldkeukens, kruiden, pasta en rijst",
    "price": 5.75,
    "promoPrice": null,
    "pricePerUnit": "17.53 kg",
    "image": "https://www.jumbo.com/dam-images/fit-in/360x360/Products/19092025_1758288802997_1758288811700_8720182150103_1.png",
    "available": true,
    "promoUntil": null
  },
  {
    "id": "225562DS",
    "title": "Mora Crispy Chick'n Spicy 240 g",
    "category": "Diepvries",
    "price": 3.99,
    "promoPrice": null,
    "pricePerUnit": "16.63 kg",
    "image": "https://www.jumbo.com/dam-images/fit-in/360x360/Products/27032024_1711511585618_1711511599129_225562_DS_08710861912399_C1N1_s03.png",
    "available": true,
    "promoUntil": null
  },
  {
    "id": "31444PAK",
    "title": "Almondy Daim - Chocolade Cake Crunchy Karamel - 400 g",
    "category": "Diepvries",
    "price": 5.87,
    "promoPrice": null,
    "pricePerUnit": "14.68 kg",
    "image": "https://www.jumbo.com/dam-images/fit-in/360x360/Products/09082023_1691586711776_1691586728676_7312930000382_1.png",
    "available": true,
    "promoUntil": null
  },
  {
    "id": "189202STK",
    "title": "LU Prince MiniStars Koekjes Witte Chocolade (5 x 37.4 g) 187g",
    "category": "Koek, snoep, chocolade en chips",
    "price": 3.26,
    "promoPrice": null,
    "pricePerUnit": "17.34 kg",
    "image": "https://www.jumbo.com/dam-images/fit-in/360x360/Products/24092025_1758724490722_1758724500384_7622210665706_596.png",
    "available": true,
    "promoUntil": null
  },
  {
    "id": "515009KGR",
    "title": "Jumbo Kippensoeppakket met Groenten ca. 425 g",
    "category": "Verse maaltijden en gemak",
    "price": 3.4,
    "promoPrice": null,
    "pricePerUnit": "7.99 kg",
    "image": "https://www.jumbo.com/dam-images/fit-in/360x360/Products/04072025_1751618004900_1751618010864_2378587000000_1.png",
    "available": true,
    "promoUntil": null
  },
  {
    "id": "702263PAK",
    "title": "Amoy Korean Fried Chicken Kit",
    "category": "Wereldkeukens, kruiden, pasta en rijst",
    "price": 4.99,
    "promoPrice": null,
    "pricePerUnit": "24.11 kg",
    "image": "https://www.jumbo.com/dam-images/fit-in/360x360/Products/13082025_1755053628054_1755053638445_702263_PAK_08715700129280_H1N1.png",
    "available": true,
    "promoUntil": null
  },
  {
    "id": "170389ZK",
    "title": "Lay's Grills Chips 125 g",
    "category": "Koek, snoep, chocolade en chips",
    "price": 2.49,
    "promoPrice": null,
    "pricePerUnit": "19.92 kg",
    "image": "https://www.jumbo.com/dam-images/fit-in/360x360/Products/24092025_1758679731553_1758679742629_170389_ZK_08710398502285_C1N1.png",
    "available": true,
    "promoUntil": null
  },
  {
    "id": "678180DS",
    "title": "Ariel The Big One PODS, 15, Original",
    "category": "Huishouden en dieren",
    "price": 19.99,
    "promoPrice": null,
    "pricePerUnit": "1.33 pieces",
    "image": "https://www.jumbo.com/dam-images/fit-in/360x360/Products/15092025_1757894412032_1757894417828_8700216697743_1.png",
    "available": true,
    "promoUntil": null
  },
  {
    "id": "496422STK",
    "title": "Sperti Aambeienzalf 25 g",
    "category": "Drogisterij en baby",
    "price": 11.79,
    "promoPrice": null,
    "pricePerUnit": "471.6 kg",
    "image": "https://www.jumbo.com/dam-images/fit-in/360x360/Products/24092025_1758672136546_1758672142588_87290813_1.png",
    "available": true,
    "promoUntil": null
  },
  {
    "id": "564442POT",
    "title": "Al'Fez Harissa 180 g",
    "category": "Wereldkeukens, kruiden, pasta en rijst",
    "price": 4.25,
    "promoPrice": null,
    "pricePerUnit": "23.61 kg",
    "image": "https://www.jumbo.com/dam-images/fit-in/360x360/Products/13122024_1734060872177_1734060883347_564442_POT_05010338301873_H1N1.png",
    "available": true,
    "promoUntil": null
  },
  {
    "id": "505005ZK",
    "title": "Hak Mexicanez Wraps 550 g",
    "category": "Wereldkeukens, kruiden, pasta en rijst",
    "price": 2.99,
    "promoPrice": null,
    "pricePerUnit": "5.44 kg",
    "image": "https://www.jumbo.com/dam-images/fit-in/360x360/Products/03072025_1751510426539_1751510444001_505005_ZK_08720600621659_C1N1_s01.png",
    "available": true,
    "promoUntil": null
  },
  {
    "id": "504866TRA",
    "title": "Jumbo Lekker Vrij van Gluten Speculaas 125 g",
    "category": "Koek, snoep, chocolade en chips",
    "price": 2.56,
    "promoPrice": null,
    "pricePerUnit": "20.48 kg",
    "image": "https://www.jumbo.com/dam-images/fit-in/360x360/Products/12122024_1734014882980_1734014888875_8718452592845_1.png",
    "available": true,
    "promoUntil": null
  },
  {
    "id": "617485DS",
    "title": "Jan Pizzadeeg met zuurdesem en tomatensaus (600g)",
    "category": "Brood en gebak",
    "price": 2.99,
    "promoPrice": null,
    "pricePerUnit": "4.98 kg",
    "image": "https://www.jumbo.com/dam-images/fit-in/360x360/Products/04092025_1756974789236_1756974792956_8712941524003_1.png",
    "available": true,
    "promoUntil": null
  },
  {
    "id": "173482ZK",
    "title": "Grand'Italia Tortellini ai Formaggi Pasta 440 g",
    "category": "Wereldkeukens, kruiden, pasta en rijst",
    "price": 4.36,
    "promoPrice": null,
    "pricePerUnit": "9.91 kg",
    "image": "https://www.jumbo.com/dam-images/fit-in/360x360/Products/25052024_1716603665056_1716603669545_173482_ZK_08000050023242_H1N1.png",
    "available": true,
    "promoUntil": null
  },
  {
    "id": "616651FLS",
    "title": "Palmolive Douchegel Amandelmelk 250 ml",
    "category": "Drogisterij en baby",
    "price": 3.79,
    "promoPrice": null,
    "pricePerUnit": "15.16 l",
    "image": "https://www.jumbo.com/dam-images/fit-in/360x360/Products/29022024_1709191022725_1709191025738_616651_FLS_08718951635715_C1N1.png",
    "available": true,
    "promoUntil": null
  },
  {
    "id": "449107ZK",
    "title": "Jumbo - Diepvries Luxe Kaasbollen - 4 Stuks",
    "category": "Diepvries",
    "price": 3.0,
    "promoPrice": null,
    "pricePerUnit": "0.75 pieces",
    "image": "https://www.jumbo.com/dam-images/fit-in/360x360/Products/10082023_1691676401236_1691676420353_8718452581856_1.png",
    "available": true,
    "promoUntil": null
  },
  {
    "id": "526983DS",
    "title": "Ola IJs Liuk Waterijs 8 stuks 8 x 75ml",
    "category": "Diepvries",
    "price": 4.69,
    "promoPrice": null,
    "pricePerUnit": "7.82 l",
    "image": "https://www.jumbo.com/dam-images/fit-in/360x360/Products/03042025_1743643142781_1743643205738_526983_DS_08711327538481_C1N1.png",
    "available": true,
    "promoUntil": null
  },
  {
    "id": "451774ZK",
    "title": "Cheetos Chipito Kaas Chips 125 g",
    "category": "Koek, snoep, chocolade en chips",
    "price": 2.29,
    "promoPrice": null,
    "pricePerUnit": "18.32 kg",
    "image": "https://www.jumbo.com/dam-images/fit-in/360x360/Products/27032025_1743071588448_1743071592007_8710398522733_1.png",
    "available": true,
    "promoUntil": null
  },
  {
    "id": "338990ZK",
    "title": "Grand'Italia Pipe Rigate 500 g",
    "category": "Wereldkeukens, kruiden, pasta en rijst",
    "price": 1.87,
    "promoPrice": null,
    "pricePerUnit": "3.74 kg",
    "image": "https://www.jumbo.com/dam-images/fit-in/360x360/Products/22032025_1742612731681_1742612735230_338990_ZK_08000050839829_H1N1.png",
    "available": true,
    "promoUntil": null
  },
  {
    "id": "572637ZK",
    "title": "Jumbo Cashew Pinda Mix 200 g",
    "category": "Koek, snoep, chocolade en chips",
    "price": 2.19,
    "promoPrice": null,
    "pricePerUnit": "10.95 kg",
    "image": "https://www.jumbo.com/dam-images/fit-in/360x360/Products/14022024_1707872956407_1707872962131_8718452724826_1.png",
    "available": true,
    "promoUntil": null
  },
  {
    "id": "678178TUB",
    "title": "Fixodent Complete Fresh",
    "category": "Drogisterij en baby",
    "price": 8.99,
    "promoPrice": null,
    "pricePerUnit": "128.43 kg",
    "image": "https://www.jumbo.com/dam-images/fit-in/360x360/Products/25082025_1756125157860_1756125160915_8700216623421_1.png",
    "available": true,
    "promoUntil": null
  },
  {
    "id": "701652DS",
    "title": "Durex Thin Feel Condooms, 12st",
    "category": "Drogisterij en baby",
    "price": 16.49,
    "promoPrice": null,
    "pricePerUnit": "1.37 pieces",
    "image": "https://www.jumbo.com/dam-images/fit-in/360x360/Products/24092025_1758672137651_1758672148123_5410036305607_1.png",
    "available": true,
    "promoUntil": null
  },
  {
    "id": "620575ZK",
    "title": "Always Discreet Verband Voor Urineverlies",
    "category": "Drogisterij en baby",
    "price": 4.59,
    "promoPrice": null,
    "pricePerUnit": "0.46 pieces",
    "image": "https://www.jumbo.com/dam-images/fit-in/360x360/Products/25082025_1756121594084_1756121598120_8700216252911_1.png",
    "available": true,
    "promoUntil": null
  },
  {
    "id": "569832PAK",
    "title": "De Kleine Keuken Biologische Zachte Koekjes Gezoet met Appelsap 6+ Maanden 6 x 2 Stuks 120 g",
    "category": "Drogisterij en baby",
    "price": 3.0,
    "promoPrice": null,
    "pricePerUnit": "25.0 kg",
    "image": "https://www.jumbo.com/dam-images/fit-in/360x360/Products/24122024_1735050775134_1735050780672_8718734494034_1.png",
    "available": true,
    "promoUntil": null
  },
  {
    "id": "596245FLS",
    "title": "Jumbo Iedere Dag Shampoo 500 ml",
    "category": "Drogisterij en baby",
    "price": 0.63,
    "promoPrice": null,
    "pricePerUnit": "1.26 l",
    "image": "https://www.jumbo.com/dam-images/fit-in/360x360/Products/25032024_1711381756048_1711381761737_8718452775866_1.png",
    "available": true,
    "promoUntil": null
  },
  {
    "id": "225233STK",
    "title": "Mora Oven & Airfryer Carrero 4 x 90 g",
    "category": "Diepvries",
    "price": 5.39,
    "promoPrice": null,
    "pricePerUnit": "14.97 kg",
    "image": "https://www.jumbo.com/dam-images/fit-in/360x360/Products/16042025_1744773997675_1744774002358_225233_STK_08710861912320_C1N1.png",
    "available": true,
    "promoUntil": null
  },
  {
    "id": "602731PAK",
    "title": "Tripel Karmeliet - Blik - 4x330ML",
    "category": "Bier en wijn",
    "price": 8.99,
    "promoPrice": null,
    "pricePerUnit": "6.81 l",
    "image": "https://www.jumbo.com/dam-images/fit-in/360x360/Products/05410228319917H1N1923cca09-07d1-4231-ad84-7c5a237f6da1-1721726427472.png",
    "available": true,
    "promoUntil": null
  },
  {
    "id": "479104FLS",
    "title": "Fanta orange zero sugar 0,5 L",
    "category": "Frisdrank en sappen",
    "price": 1.79,
    "promoPrice": null,
    "pricePerUnit": "3.58 l",
    "image": "https://www.jumbo.com/dam-images/fit-in/360x360/Products/08052025_1746672016398_1746672022964_479104_FLS_05000112655780_H1N1.png",
    "available": true,
    "promoUntil": null
  },
  {
    "id": "637324BAK",
    "title": "Marhaba Rundersalami met Kip en Kalkoen 100 g",
    "category": "Vleeswaren, kaas en tapas",
    "price": 2.49,
    "promoPrice": null,
    "pricePerUnit": "24.9 kg",
    "image": "https://www.jumbo.com/dam-images/fit-in/360x360/Products/22072025_1753209223020_1753209229241_8717545699546_1.png",
    "available": true,
    "promoUntil": null
  },
  {
    "id": "439027POT",
    "title": "Jumbo Extra Mint Gum Suikervrij 100 g",
    "category": "Koek, snoep, chocolade en chips",
    "price": 2.03,
    "promoPrice": null,
    "pricePerUnit": "20.3 kg",
    "image": "https://www.jumbo.com/dam-images/fit-in/360x360/Products/20122023_1703054446415_1703054452240_439027_POT_08718452534258_C1N1.png",
    "available": true,
    "promoUntil": null
  },
  {
    "id": "61220FLS",
    "title": "Suprimi - Vermouth Rosso - 1L",
    "category": "Bier en wijn",
    "price": 3.99,
    "promoPrice": null,
    "pricePerUnit": "3.99 l",
    "image": "https://www.jumbo.com/dam-images/fit-in/360x360/Products/09082023_1691584705002_1691584708777_8008513000205_1.png",
    "available": true,
    "promoUntil": null
  },
  {
    "id": "208893DS",
    "title": "Jumbo Hamburgers 4 Stuks",
    "category": "Diepvries",
    "price": 1.69,
    "promoPrice": null,
    "pricePerUnit": "6.04 kg",
    "image": "https://www.jumbo.com/dam-images/fit-in/360x360/Products/06022024_1707237250775_1707237274871_8718452767069_596.png",
    "available": true,
    "promoUntil": null
  },
  {
    "id": "502943DS",
    "title": "Whiskas Senior Kattenbrokken Kip doos 800 g",
    "category": "Huishouden en dieren",
    "price": 3.94,
    "promoPrice": null,
    "pricePerUnit": "4.93 kg",
    "image": "https://www.jumbo.com/dam-images/fit-in/360x360/Products/02042024_1712057647946_1712057668957_5900951296550_596.png",
    "available": true,
    "promoUntil": null
  },
  {
    "id": "350692PAK",
    "title": "Jumbo Mango Sinaasappel met Appel 1 L",
    "category": "Frisdrank en sappen",
    "price": 2.29,
    "promoPrice": null,
    "pricePerUnit": "2.29 l",
    "image": "https://www.jumbo.com/dam-images/fit-in/360x360/Products/09082023_1691586738318_1691586753425_8718452439218_1.png",
    "available": true,
    "promoUntil": null
  },
  {
    "id": "711325BAK",
    "title": "Jumbo Spaanse Stijl Borrelschaal 170 g",
    "category": "Vleeswaren, kaas en tapas",
    "price": 4.75,
    "promoPrice": null,
    "pricePerUnit": "27.94 kg",
    "image": "https://www.jumbo.com/dam-images/fit-in/360x360/Products/09092025_1757421315376_1757421322059_8718452727698_1.png",
    "available": true,
    "promoUntil": null
  },
  {
    "id": "347462DS",
    "title": "Mora Oven & Airfryer Ham-Kaassoufflés 4 x 70 g",
    "category": "Diepvries",
    "price": 4.59,
    "promoPrice": null,
    "pricePerUnit": "16.39 kg",
    "image": "https://www.jumbo.com/dam-images/fit-in/360x360/Products/02052025_1746152875298_1746152891054_347462_DS_08710861999840_C1N1.png",
    "available": true,
    "promoUntil": null
  },
  {
    "id": "636190FLS",
    "title": "Rivella Perzik Fes 1,5L",
    "category": "Frisdrank en sappen",
    "price": 2.99,
    "promoPrice": null,
    "pricePerUnit": "1.99 l",
    "image": "https://www.jumbo.com/dam-images/fit-in/360x360/Products/16042025_1744766046352_1744766053853_636190_FLS_08715600249767_C1N1.png",
    "available": true,
    "promoUntil": null
  },
  {
    "id": "525705BUS",
    "title": "Wella Haarspray Extra Sterk 400 ml",
    "category": "Drogisterij en baby",
    "price": 4.35,
    "promoPrice": null,
    "pricePerUnit": "10.88 l",
    "image": "https://www.jumbo.com/dam-images/fit-in/360x360/Products/09082023_1691579020163_1691579029125_4056800923113_1.png",
    "available": true,
    "promoUntil": null
  },
  {
    "id": "535422ZK",
    "title": "Jumbo Zure Fritten 300 g",
    "category": "Koek, snoep, chocolade en chips",
    "price": 2.13,
    "promoPrice": null,
    "pricePerUnit": "7.1 kg",
    "image": "https://www.jumbo.com/dam-images/fit-in/360x360/Products/18012024_1705552089692_1705552108369_535422_ZK_08718452635641_C1N1.png",
    "available": true,
    "promoUntil": null
  },
  {
    "id": "610603PAK",
    "title": "Lipton Ice Tea Green Mango Zero 1,5 L",
    "category": "Frisdrank en sappen",
    "price": 3.39,
    "promoPrice": null,
    "pricePerUnit": "2.26 l",
    "image": "https://www.jumbo.com/dam-images/fit-in/360x360/Products/05062025_1749088818162_1749088851051_610603_PAK_08711327632707_H1N1.png",
    "available": true,
    "promoUntil": null
  },
  {
    "id": "671742PAK",
    "title": "McVitie's Digestives Pure Chocolade Tarwebiscuit met Pure Chocolade 266 g",
    "category": "Koek, snoep, chocolade en chips",
    "price": 2.39,
    "promoPrice": null,
    "pricePerUnit": "8.98 kg",
    "image": "https://www.jumbo.com/dam-images/fit-in/360x360/Products/25012025_1737774080050_1737774085850_671742_PAK_05000396056747_H1N1.png",
    "available": true,
    "promoUntil": null
  },
  {
    "id": "678001BUS",
    "title": "Dove Advanced Care Anti-Transpirant Deodorant Spray Invisible Care 150 ML",
    "category": "Drogisterij en baby",
    "price": 6.29,
    "promoPrice": null,
    "pricePerUnit": "41.93 l",
    "image": "https://www.jumbo.com/dam-images/fit-in/360x360/Products/14032025_1741925030442_1741925037940_678001_BUS_08720181291586_C1N1.png",
    "available": true,
    "promoUntil": null
  },
  {
    "id": "160655FLS",
    "title": "Inproba Ketjap Manis 500 ml",
    "category": "Wereldkeukens, kruiden, pasta en rijst",
    "price": 1.59,
    "promoPrice": null,
    "pricePerUnit": "3.18 l",
    "image": "https://www.jumbo.com/dam-images/fit-in/360x360/Products/19082023_1692407358614_1692407360159_160655_FLS_08710518733094_C1N1.png",
    "available": true,
    "promoUntil": null
  },
  {
    "id": "99454PAK",
    "title": "Jumbo Pita Shoarma 140 g",
    "category": "Verse maaltijden en gemak",
    "price": 1.59,
    "promoPrice": null,
    "pricePerUnit": "1.59 pieces",
    "image": "https://www.jumbo.com/dam-images/fit-in/360x360/Products/29092023_1695995420449_1695995433105_8718452464029_1.png",
    "available": true,
    "promoUntil": null
  },
  {
    "id": "338936NET",
    "title": "Jumbo Biologisch Limoen 3 Stuks",
    "category": "Aardappelen, groente en fruit",
    "price": 1.99,
    "promoPrice": null,
    "pricePerUnit": "0.66 pieces",
    "image": "https://www.jumbo.com/dam-images/fit-in/360x360/Products/04122023_1701702849098_1701702865347_8718452610860_1.png",
    "available": true,
    "promoUntil": null
  },
  {
    "id": "662666DS",
    "title": "Petit Ecolier Melkchocolade Met Melkvulling Biscuits 120g",
    "category": "Koek, snoep, chocolade en chips",
    "price": 3.55,
    "promoPrice": null,
    "pricePerUnit": "29.58 kg",
    "image": "https://www.jumbo.com/dam-images/fit-in/360x360/Products/07082025_1754533070353_1754533110285_662666_DS_03017760002905_C1N1_s03.png",
    "available": true,
    "promoUntil": null
  },
  {
    "id": "613677BLK",
    "title": "Gold Dry Original & Vodka Premix Alcoholic Beverage 250 ml",
    "category": "Bier en wijn",
    "price": 2.59,
    "promoPrice": null,
    "pricePerUnit": "10.36 l",
    "image": "https://www.jumbo.com/dam-images/fit-in/360x360/Products/24062025_1750753986682_1750753990940_8720938023026_1.png",
    "available": true,
    "promoUntil": null
  },
  {
    "id": "576330BLS",
    "title": "Oral-B Pro Cross Action Opzetborstels, 4 Stuks",
    "category": "Drogisterij en baby",
    "price": 27.99,
    "promoPrice": null,
    "pricePerUnit": "7.0 pieces",
    "image": "https://www.jumbo.com/dam-images/fit-in/360x360/Products/23092025_1758585735703_1758585740816_8006540893036_1.png",
    "available": true,
    "promoUntil": null
  },
  {
    "id": "175564ZK",
    "title": "PURINA® ONE Sterilcat Rijk aan Rund kattenvoer 800 gr",
    "category": "Huishouden en dieren",
    "price": 6.1,
    "promoPrice": null,
    "pricePerUnit": "7.63 kg",
    "image": "https://www.jumbo.com/dam-images/fit-in/360x360/Products/23092025_1758596038044_1758596053998_175564_ZK_07613035613928_C1N1_s03.png",
    "available": true,
    "promoUntil": null
  },
  {
    "id": "443596ZK",
    "title": "Conimex Kroepoek Naturel XL 120 g",
    "category": "Wereldkeukens, kruiden, pasta en rijst",
    "price": 2.25,
    "promoPrice": null,
    "pricePerUnit": "18.75 kg",
    "image": "https://www.jumbo.com/dam-images/fit-in/360x360/Products/29062025_1751159695641_1751159735819_443596_ZK_08710522975923_H1N1.png",
    "available": true,
    "promoUntil": null
  },
  {
    "id": "688646FLS",
    "title": "Robijn Wasverzachter Puur & Zacht 780ML",
    "category": "Huishouden en dieren",
    "price": 6.79,
    "promoPrice": null,
    "pricePerUnit": "0.17 wb",
    "image": "https://www.jumbo.com/dam-images/fit-in/360x360/Products/07062025_1749258927959_1749258950928_688646_FLS_08720181633041_H1N1.png",
    "available": true,
    "promoUntil": null
  },
  {
    "id": "552009FLS",
    "title": "Finish Integrale Machinereiniger Regular - Vaatwasser - 250 ml",
    "category": "Huishouden en dieren",
    "price": 4.89,
    "promoPrice": null,
    "pricePerUnit": "19.56 l",
    "image": "https://www.jumbo.com/dam-images/fit-in/360x360/Products/03072025_1751508334274_1751508338369_552009_FLS_08720065008323_A1N1.png",
    "available": true,
    "promoUntil": null
  },
  {
    "id": "671166ZK",
    "title": "Schär  Madeleines Glutenvrij 8 x 30 g",
    "category": "Koek, snoep, chocolade en chips",
    "price": 3.95,
    "promoPrice": null,
    "pricePerUnit": "16.46 kg",
    "image": "https://www.jumbo.com/dam-images/fit-in/360x360/Products/31072025_1753954391971_1753954399727_8008698032770_1.png",
    "available": true,
    "promoUntil": null
  },
  {
    "id": "693373BAK",
    "title": "Kraakman Appel Kruimel Pencee 4 Stuks",
    "category": "Koek, snoep, chocolade en chips",
    "price": 3.75,
    "promoPrice": null,
    "pricePerUnit": "0.94 pieces",
    "image": "https://www.jumbo.com/dam-images/fit-in/360x360/Products/05032025_1741188768559_1741188777172_8716415512800_1.png",
    "available": true,
    "promoUntil": null
  },
  {
    "id": "452720FLS",
    "title": "Signature des Princes - Gigondas - Grenache Noir - Syrah - 750ML",
    "category": "Bier en wijn",
    "price": 21.99,
    "promoPrice": null,
    "pricePerUnit": "29.32 l",
    "image": "https://www.jumbo.com/dam-images/fit-in/360x360/Products/09082023_1691596457986_1691596460116_3760170007991_1.png",
    "available": true,
    "promoUntil": null
  },
  {
    "id": "407399PAK",
    "title": "Milka Melo-Cakes Chocolade Cakejes 12 Stuks 200 g",
    "category": "Koek, snoep, chocolade en chips",
    "price": 3.36,
    "promoPrice": null,
    "pricePerUnit": "16.8 kg",
    "image": "https://www.jumbo.com/dam-images/fit-in/360x360/Products/13122024_1734055284244_1734055288713_407399_PAK_07622400916601_C1N1.png",
    "available": true,
    "promoUntil": null
  },
  {
    "id": "497833DS",
    "title": "Dr. Oetker Bistro classique baguette hawaii 2 x 125 g",
    "category": "Diepvries",
    "price": 2.29,
    "promoPrice": null,
    "pricePerUnit": "9.16 kg",
    "image": "https://www.jumbo.com/dam-images/fit-in/360x360/Products/17042025_1744860934232_1744860940870_497833_DS_04001724038177_C1N1_s03.png",
    "available": true,
    "promoUntil": null
  },
  {
    "id": "684707ZK",
    "title": "MAGGI Zuurkool Crème Fraiche 56g",
    "category": "Wereldkeukens, kruiden, pasta en rijst",
    "price": 1.79,
    "promoPrice": null,
    "pricePerUnit": "31.96 kg",
    "image": "https://www.jumbo.com/dam-images/fit-in/360x360/Products/06032025_1741289545819_1741289554670_7613035187979_1.png",
    "available": true,
    "promoUntil": null
  },
  {
    "id": "575948CUP",
    "title": "Jumbo Ongezouten Pecannoten 115 g",
    "category": "Koek, snoep, chocolade en chips",
    "price": 3.49,
    "promoPrice": null,
    "pricePerUnit": "30.35 kg",
    "image": "https://www.jumbo.com/dam-images/fit-in/360x360/Products/04122023_1701702849731_1701702856931_8718452738939_1.png",
    "available": true,
    "promoUntil": null
  },
  {
    "id": "184903ZK",
    "title": "Aviko Friet Skinny Fries",
    "category": "Diepvries",
    "price": 3.59,
    "promoPrice": null,
    "pricePerUnit": "5.98 kg",
    "image": "https://www.jumbo.com/dam-images/fit-in/360x360/Products/15102024_1728999188470_1728999200320_8710449934591_1.png",
    "available": true,
    "promoUntil": null
  },
  {
    "id": "525205ZK",
    "title": "Smuldier Rundvlees Aanvullende Maaltijd 400 g",
    "category": "Diepvries",
    "price": 1.78,
    "promoPrice": null,
    "pricePerUnit": "4.45 kg",
    "image": "https://www.jumbo.com/dam-images/fit-in/360x360/Products/03062024_1717420814079_1717420821855_8720795350051_1.png",
    "available": true,
    "promoUntil": null
  },
  {
    "id": "541741KGR",
    "title": "La Place Pastrami Ca. 100 g",
    "category": "Vleeswaren, kaas en tapas",
    "price": 3.89,
    "promoPrice": null,
    "pricePerUnit": "38.9 kg",
    "image": "https://www.jumbo.com/dam-images/fit-in/360x360/Products/07072025_1751887994755_1751888001851_2336100000000_1.png",
    "available": true,
    "promoUntil": null
  },
  {
    "id": "442214ZK",
    "title": "Jumbo Clowntjes Drop 500 g",
    "category": "Koek, snoep, chocolade en chips",
    "price": 2.34,
    "promoPrice": null,
    "pricePerUnit": "4.68 kg",
    "image": "https://www.jumbo.com/dam-images/fit-in/360x360/Products/442214_8718452523528_1_T1_442214ZK1691166208521.png",
    "available": true,
    "promoUntil": null
  },
  {
    "id": "182384POT",
    "title": "Jumbo Peper Wit 41 g",
    "category": "Wereldkeukens, kruiden, pasta en rijst",
    "price": 2.29,
    "promoPrice": null,
    "pricePerUnit": "55.85 kg",
    "image": "https://www.jumbo.com/dam-images/fit-in/360x360/Products/12122024_1734014401825_1734014407229_87337785_1.png",
    "available": true,
    "promoUntil": null
  },
  {
    "id": "609267PAK",
    "title": "CoolBest FruitOntbijt Aardbei-Sinaasappel 0,75L",
    "category": "Frisdrank en sappen",
    "price": 1.99,
    "promoPrice": null,
    "pricePerUnit": "2.65 l",
    "image": "https://www.jumbo.com/dam-images/fit-in/360x360/Products/26022025_1740565970496_1740565976575_8720157402121_1.png",
    "available": true,
    "promoUntil": null
  },
  {
    "id": "269291DSL",
    "title": "Jumbo Huiswijn - Soepel & Halfzoet 6 x 1 L",
    "category": "Bier en wijn",
    "price": 29.34,
    "promoPrice": null,
    "pricePerUnit": "4.89 l",
    "image": "https://www.jumbo.com/dam-images/fit-in/360x360/Products/269291DSL-1692278982792.png",
    "available": true,
    "promoUntil": null
  },
  {
    "id": "539079DS",
    "title": "Peroni - Nastro Azzurro - Blik - 6 x 330ML",
    "category": "Bier en wijn",
    "price": 7.55,
    "promoPrice": null,
    "pricePerUnit": "3.81 l",
    "image": "https://www.jumbo.com/dam-images/fit-in/360x360/Products/08008440512468H1N17428f9f1-88bd-4204-aceb-bc48a8542ad8-1739797817570.png",
    "available": true,
    "promoUntil": null
  },
  {
    "id": "395523ZK",
    "title": "Jumbo Choco Pretzels 150 g",
    "category": "Koek, snoep, chocolade en chips",
    "price": 2.3,
    "promoPrice": null,
    "pricePerUnit": "15.33 kg",
    "image": "https://www.jumbo.com/dam-images/fit-in/360x360/Products/09082023_1691587940392_1691587995232_8718452501489_1.png",
    "available": true,
    "promoUntil": null
  },
  {
    "id": "675813ZK",
    "title": "Kraakman Kaneelcake 350 g",
    "category": "Koek, snoep, chocolade en chips",
    "price": 3.79,
    "promoPrice": null,
    "pricePerUnit": "10.83 kg",
    "image": "https://www.jumbo.com/dam-images/fit-in/360x360/Products/31032025_1743420766209_1743420773772_8717624896538_1.png",
    "available": true,
    "promoUntil": null
  },
  {
    "id": "387215DS",
    "title": "Jumbo Frikandellen 5 Stuks",
    "category": "Diepvries",
    "price": 1.49,
    "promoPrice": null,
    "pricePerUnit": "4.26 kg",
    "image": "https://www.jumbo.com/dam-images/fit-in/360x360/Products/07022024_1707312844500_1707312870975_8718452766970_596.png",
    "available": true,
    "promoUntil": null
  },
  {
    "id": "383773ZK",
    "title": "Jumbo Brokkenmix met Gevogelte Granen & Groenten Katten Volwassen 800g",
    "category": "Huishouden en dieren",
    "price": 3.69,
    "promoPrice": null,
    "pricePerUnit": "4.61 kg",
    "image": "https://www.jumbo.com/dam-images/fit-in/360x360/Products/09082023_1691587558428_1691587575604_8718452476695_1.png",
    "available": true,
    "promoUntil": null
  },
  {
    "id": "525273ZK",
    "title": "McCain Airfryer Klassiek Frieten 600 g",
    "category": "Diepvries",
    "price": 3.99,
    "promoPrice": null,
    "pricePerUnit": "6.65 kg",
    "image": "https://www.jumbo.com/dam-images/fit-in/360x360/Products/25102024_1729866969470_1729866979705_8710438125085_1.png",
    "available": true,
    "promoUntil": null
  },
  {
    "id": "145727BAK",
    "title": "Jumbo Luchtverfrisser Lavendel 180 g",
    "category": "Huishouden en dieren",
    "price": 1.07,
    "promoPrice": null,
    "pricePerUnit": "5.94 kg",
    "image": "https://www.jumbo.com/dam-images/fit-in/360x360/Products/10082023_1691674927677_1691674948118_8718449093928_1.png",
    "available": true,
    "promoUntil": null
  },
  {
    "id": "488406TUB",
    "title": "Wella New Wave Ultra Strong Power Hold Gel Spray 150 ml",
    "category": "Drogisterij en baby",
    "price": 4.4,
    "promoPrice": null,
    "pricePerUnit": "29.33 l",
    "image": "https://www.jumbo.com/dam-images/fit-in/360x360/Products/4056800729838NewWaveGelsprayPowerHoldUltraStrong150mlf0a23a02-8e3d-44fe-9cad-d3ddca0e9162-1749629489751.png",
    "available": true,
    "promoUntil": null
  },
  {
    "id": "367281KGR",
    "title": "Jumbo Ardenner Paté ca. 170 g",
    "category": "Vleeswaren, kaas en tapas",
    "price": 2.97,
    "promoPrice": null,
    "pricePerUnit": "17.5 kg",
    "image": "https://www.jumbo.com/dam-images/fit-in/360x360/Products/09092025_1757421313719_1757421318425_2333444000000_1.png",
    "available": true,
    "promoUntil": null
  },
  {
    "id": "666323TRA",
    "title": "Jumbo Geboortekoekjes Blauw 191 g",
    "category": "Koek, snoep, chocolade en chips",
    "price": 1.89,
    "promoPrice": null,
    "pricePerUnit": "10.5 kg",
    "image": "https://www.jumbo.com/dam-images/fit-in/360x360/Products/18042025_1744972367775_1744972377360_8718452875221_1.png",
    "available": true,
    "promoUntil": null
  },
  {
    "id": "216745STK",
    "title": "Huls Groninger Metworst met Kruidnagel 2 x 110 g",
    "category": "Vleeswaren, kaas en tapas",
    "price": 5.16,
    "promoPrice": null,
    "pricePerUnit": "23.45 kg",
    "image": "https://www.jumbo.com/dam-images/fit-in/360x360/Products/14052025_1747190460586_1747190471711_216745_STK_08725800000372_C1N1.png",
    "available": true,
    "promoUntil": null
  },
  {
    "id": "563266ZK",
    "title": "Jumbo Tom Yam Stijl Kroepoek 75 g",
    "category": "Wereldkeukens, kruiden, pasta en rijst",
    "price": 1.69,
    "promoPrice": null,
    "pricePerUnit": "22.53 kg",
    "image": "https://www.jumbo.com/dam-images/fit-in/360x360/Products/14022024_1707873140014_1707873148102_8718452727186_1.png",
    "available": true,
    "promoUntil": null
  },
  {
    "id": "175815ZK",
    "title": "PURINA® ONE Urinary Health Rijk aan Kip kattenvoer 800 gr",
    "category": "Huishouden en dieren",
    "price": 6.36,
    "promoPrice": null,
    "pricePerUnit": "7.95 kg",
    "image": "https://www.jumbo.com/dam-images/fit-in/360x360/Products/20052025_1747706566263_1747706593582_175815_ZK_07613035614765_C1N1_s03.png",
    "available": true,
    "promoUntil": null
  },
  {
    "id": "370863ZK",
    "title": "Stegeman Salami Mild Gekruid 225 g",
    "category": "Vleeswaren, kaas en tapas",
    "price": 3.99,
    "promoPrice": null,
    "pricePerUnit": "17.73 kg",
    "image": "https://www.jumbo.com/dam-images/fit-in/360x360/Products/09082023_1691592080432_1691592092194_8710765962032_1.png",
    "available": true,
    "promoUntil": null
  },
  {
    "id": "200840STK",
    "title": "Lotus Vanille Wafel 8 x 28 g",
    "category": "Koek, snoep, chocolade en chips",
    "price": 2.49,
    "promoPrice": null,
    "pricePerUnit": "11.12 kg",
    "image": "https://www.jumbo.com/dam-images/fit-in/360x360/Products/14062024_1718364825298_1718364833688_5410126022582_1.png",
    "available": true,
    "promoUntil": null
  },
  {
    "id": "183498STK",
    "title": "Mora Gehaktballetjes in Zoetzure Saus 160 g",
    "category": "Diepvries",
    "price": 2.29,
    "promoPrice": null,
    "pricePerUnit": "14.31 kg",
    "image": "https://www.jumbo.com/dam-images/fit-in/360x360/Products/10082023_1691675535171_1691675545028_8710861986260_1.png",
    "available": true,
    "promoUntil": null
  },
  {
    "id": "447896DSL",
    "title": "Jumbo Huiswijn - Halfzoet 12 x 250 ml",
    "category": "Bier en wijn",
    "price": 27.48,
    "promoPrice": null,
    "pricePerUnit": "9.16 l",
    "image": "https://www.jumbo.com/dam-images/fit-in/360x360/Products/447896DSL1b0106c4a-1813-43ad-9761-3f1c23e0e629-1697462233638.png",
    "available": true,
    "promoUntil": null
  },
  {
    "id": "481617STK",
    "title": "Jumbo Fijne Salami Droge Worst 500 g",
    "category": "Vleeswaren, kaas en tapas",
    "price": 4.79,
    "promoPrice": null,
    "pricePerUnit": "9.58 kg",
    "image": "https://www.jumbo.com/dam-images/fit-in/360x360/Products/09082023_1691589638803_1691589644244_8718452605422_1.png",
    "available": true,
    "promoUntil": null
  },
  {
    "id": "586058ZK",
    "title": "Jumbo Biologisch Bananen Chips 250 g",
    "category": "Koek, snoep, chocolade en chips",
    "price": 2.99,
    "promoPrice": null,
    "pricePerUnit": "11.96 kg",
    "image": "https://www.jumbo.com/dam-images/fit-in/360x360/Products/02092025_1756838030375_1756838035979_8718452748822_1.png",
    "available": true,
    "promoUntil": null
  },
  {
    "id": "699769DS",
    "title": "Milka Alpenmelk 90G",
    "category": "Koek, snoep, chocolade en chips",
    "price": 1.49,
    "promoPrice": null,
    "pricePerUnit": "16.56 kg",
    "image": "https://www.jumbo.com/dam-images/fit-in/360x360/Products/IMG043568de5800-1f64-459b-b8ca-dcca48486bc3-1752052849755.png",
    "available": true,
    "promoUntil": null
  },
  {
    "id": "421508ZK",
    "title": "Jumbo Hondenvoer Mini Senior Kip & Rijst 1,5kg",
    "category": "Huishouden en dieren",
    "price": 7.99,
    "promoPrice": null,
    "pricePerUnit": "5.33 kg",
    "image": "https://www.jumbo.com/dam-images/fit-in/360x360/Products/09082023_1691588063763_1691588078216_8718452508907_1.png",
    "available": true,
    "promoUntil": null
  },
  {
    "id": "525201ZK",
    "title": "Smuldier Runderpens Aanvullende Maaltijd 400 g",
    "category": "Diepvries",
    "price": 1.75,
    "promoPrice": null,
    "pricePerUnit": "4.38 kg",
    "image": "https://www.jumbo.com/dam-images/fit-in/360x360/Products/03062024_1717420814265_1717420821564_8720795350044_1.png",
    "available": true,
    "promoUntil": null
  },
  {
    "id": "413760TRA",
    "title": "Jumbo Aardappelen Rozemarijn 425 g",
    "category": "Aardappelen, groente en fruit",
    "price": 2.89,
    "promoPrice": null,
    "pricePerUnit": "6.8 kg",
    "image": "https://www.jumbo.com/dam-images/fit-in/360x360/Products/14062024_1718368425644_1718368433856_8718452809868_1.png",
    "available": true,
    "promoUntil": null
  },
  {
    "id": "204142FLS",
    "title": "Grüner Veltliner - 750 ML",
    "category": "Bier en wijn",
    "price": 4.39,
    "promoPrice": null,
    "pricePerUnit": "5.85 l",
    "image": "https://www.jumbo.com/dam-images/fit-in/360x360/Products/25032024_1711381214721_1711381217468_4003301082498_1.png",
    "available": true,
    "promoUntil": null
  },
  {
    "id": "226105STK",
    "title": "LU Mini Crackers Volkoren 10 x 4 Stuks 250g",
    "category": "Koek, snoep, chocolade en chips",
    "price": 2.27,
    "promoPrice": null,
    "pricePerUnit": "9.08 kg",
    "image": "https://www.jumbo.com/dam-images/fit-in/360x360/Products/02092025_1756809249260_1756809262686_7622210606723_596.png",
    "available": true,
    "promoUntil": null
  },
  {
    "id": "568241PAK",
    "title": "Roosvicee Multivit Bosvruchten 200 ml",
    "category": "Frisdrank en sappen",
    "price": 3.39,
    "promoPrice": null,
    "pricePerUnit": "2.82 l",
    "image": "https://www.jumbo.com/dam-images/fit-in/360x360/Products/25042025_1745544309579_1745544316470_568241_PAK_08710395949236_C1N1.png",
    "available": true,
    "promoUntil": null
  },
  {
    "id": "533232BLK",
    "title": "Fernandes Red Grape 250ml",
    "category": "Frisdrank en sappen",
    "price": 1.09,
    "promoPrice": null,
    "pricePerUnit": "4.36 l",
    "image": "https://www.jumbo.com/dam-images/fit-in/360x360/Products/28122024_1735354234702_1735354239316_533232_BLK_08710642037136_H1N1.png",
    "available": true,
    "promoUntil": null
  },
  {
    "id": "618502DS",
    "title": "Kleenex Ultra Soft Tissues Maxi 112 Stuks",
    "category": "Drogisterij en baby",
    "price": 3.75,
    "promoPrice": null,
    "pricePerUnit": "0.03 pieces",
    "image": "https://www.jumbo.com/dam-images/fit-in/360x360/Products/dc78b5b504cd43dfa3ff9c2415d203d8c620a91c68ab4b64894f34c81f0b36cd2c04d3ea-7514-47a0-8a81-9db7f2c40bb0-1716823890767.png",
    "available": true,
    "promoUntil": null
  },
  {
    "id": "137181PAK",
    "title": "TUC Crackers Kaas Smaak 100g",
    "category": "Koek, snoep, chocolade en chips",
    "price": 1.08,
    "promoPrice": null,
    "pricePerUnit": "10.8 kg",
    "image": "https://www.jumbo.com/dam-images/fit-in/360x360/Products/02092025_1756809248240_1756809256256_7622300571351_596.png",
    "available": true,
    "promoUntil": null
  },
  {
    "id": "603135FLS",
    "title": "Moksha - Sparkling Cider Elderflower - 750ML",
    "category": "Bier en wijn",
    "price": 4.99,
    "promoPrice": null,
    "pricePerUnit": "6.65 l",
    "image": "https://www.jumbo.com/dam-images/fit-in/360x360/Products/22122023_1703238661941_1703238666535_8720892266507_1.png",
    "available": true,
    "promoUntil": null
  },
  {
    "id": "176675STK",
    "title": "Haribo Happy Peaches 250 g",
    "category": "Koek, snoep, chocolade en chips",
    "price": 1.85,
    "promoPrice": null,
    "pricePerUnit": "7.4 kg",
    "image": "https://www.jumbo.com/dam-images/fit-in/360x360/Products/26082025_1756170982792_1756171003366_176675_STK_05996379380803_H1N1.png",
    "available": true,
    "promoUntil": null
  },
  {
    "id": "491918TRA",
    "title": "Jumbo Quiche Spinazie Geitenkaas 300 g",
    "category": "Verse maaltijden en gemak",
    "price": 3.89,
    "promoPrice": null,
    "pricePerUnit": "12.97 kg",
    "image": "https://www.jumbo.com/dam-images/fit-in/360x360/Products/31072025_1753972505237_1753972513632_8718452712557_1.png",
    "available": true,
    "promoUntil": null
  },
  {
    "id": "641046KGR",
    "title": "Jumbo Hongaarse Salami ca. 100 g",
    "category": "Vleeswaren, kaas en tapas",
    "price": 3.1,
    "promoPrice": null,
    "pricePerUnit": "31.0 kg",
    "image": "https://www.jumbo.com/dam-images/fit-in/360x360/Products/04072025_1751617997582_1751618002665_2368978000000_1.png",
    "available": true,
    "promoUntil": null
  },
  {
    "id": "185405DS",
    "title": "Gourmet Gold Fijne Hapjes Kattenvoer nat met Rund, Kalkoen, Zalm en Kip",
    "category": "Huishouden en dieren",
    "price": 7.05,
    "promoPrice": null,
    "pricePerUnit": "6.91 kg",
    "image": "https://www.jumbo.com/dam-images/fit-in/360x360/Products/09082023_1691591655935_1691591663669_7613032955748_1.png",
    "available": true,
    "promoUntil": null
  },
  {
    "id": "642248CUP",
    "title": "Jumbo Gezouten Boeren Mix 225 g",
    "category": "Koek, snoep, chocolade en chips",
    "price": 2.95,
    "promoPrice": null,
    "pricePerUnit": "13.11 kg",
    "image": "https://www.jumbo.com/dam-images/fit-in/360x360/Products/07102024_1728304393973_1728304399284_8718452812875_1.png",
    "available": true,
    "promoUntil": null
  },
  {
    "id": "350694PAK",
    "title": "Jumbo Aardbei Sinaasappel met Appel 1 L",
    "category": "Frisdrank en sappen",
    "price": 2.29,
    "promoPrice": null,
    "pricePerUnit": "2.29 l",
    "image": "https://www.jumbo.com/dam-images/fit-in/360x360/Products/09082023_1691586738366_1691586743807_8718452439171_1.png",
    "available": true,
    "promoUntil": null
  },
  {
    "id": "226505DS",
    "title": "Pirulo Watermelon 5 Stuks 335 g",
    "category": "Diepvries",
    "price": 3.99,
    "promoPrice": null,
    "pricePerUnit": "10.93 l",
    "image": "https://www.jumbo.com/dam-images/fit-in/360x360/Products/29052024_1716978851008_1716978857831_7613036837187_1.png",
    "available": true,
    "promoUntil": null
  },
  {
    "id": "610193FLS",
    "title": "Yellow Tail - Pinot Grigio - 750ML",
    "category": "Bier en wijn",
    "price": 5.99,
    "promoPrice": null,
    "pricePerUnit": "7.99 l",
    "image": "https://www.jumbo.com/dam-images/fit-in/360x360/Products/27082025_1756301631858_1756301638717_9322214009961_1.png",
    "available": true,
    "promoUntil": null
  },
  {
    "id": "623045PAK",
    "title": "Jumbo Melkchocolade Double Caramel 200 g",
    "category": "Koek, snoep, chocolade en chips",
    "price": 2.16,
    "promoPrice": null,
    "pricePerUnit": "11.37 kg",
    "image": "https://www.jumbo.com/dam-images/fit-in/360x360/Products/23052025_1748014408678_1748014421368_8718452877133_596.png",
    "available": true,
    "promoUntil": null
  },
  {
    "id": "481817ZK",
    "title": "Jumbo Fijne Cervelaat Droge Worst 250 g",
    "category": "Vleeswaren, kaas en tapas",
    "price": 2.45,
    "promoPrice": null,
    "pricePerUnit": "9.8 kg",
    "image": "https://www.jumbo.com/dam-images/fit-in/360x360/Products/09082023_1691589638996_1691589647195_8718452606788_1.png",
    "available": true,
    "promoUntil": null
  },
  {
    "id": "652384BUS",
    "title": "Pringles Zure Room & Uien 165 g",
    "category": "Koek, snoep, chocolade en chips",
    "price": 2.69,
    "promoPrice": null,
    "pricePerUnit": "16.3 kg",
    "image": "https://www.jumbo.com/dam-images/fit-in/360x360/Products/05082025_1754355791281_1754355795406_652384_BUS_.png",
    "available": true,
    "promoUntil": null
  },
  {
    "id": "608100TRA",
    "title": "Sitostick de Originele 2 Stuks 250 g",
    "category": "Diepvries",
    "price": 4.99,
    "promoPrice": null,
    "pricePerUnit": "19.96 kg",
    "image": "https://www.jumbo.com/dam-images/fit-in/360x360/Products/25032024_1711381878356_1711381885540_8716893024840_1.png",
    "available": true,
    "promoUntil": null
  },
  {
    "id": "164609BLK",
    "title": "Heinz Tomaten gepeld biologisch",
    "category": "Wereldkeukens, kruiden, pasta en rijst",
    "price": 1.48,
    "promoPrice": null,
    "pricePerUnit": "3.7 kg",
    "image": "https://www.jumbo.com/dam-images/fit-in/360x360/Products/02082025_1754099226188_1754099234225_164609_BLK_08715700422275_H1N1.png",
    "available": true,
    "promoUntil": null
  },
  {
    "id": "344910STK",
    "title": "Zendium Tandpasta Classic 75 ml",
    "category": "Drogisterij en baby",
    "price": 4.99,
    "promoPrice": null,
    "pricePerUnit": "66.53 l",
    "image": "https://www.jumbo.com/dam-images/fit-in/360x360/Products/02042025_1743557388375_1743557419457_344910_STK_08710604793568_H1N1.png",
    "available": true,
    "promoUntil": null
  },
  {
    "id": "157826DS",
    "title": "Toppits Zipper Multi-Functionele Zakken 1 L 12 Stuks",
    "category": "Huishouden en dieren",
    "price": 3.46,
    "promoPrice": null,
    "pricePerUnit": "0.29 pieces",
    "image": "https://www.jumbo.com/dam-images/fit-in/360x360/Products/06062025_1749175396149_1749175399449_157826_DS_.png",
    "available": true,
    "promoUntil": null
  },
  {
    "id": "686016BAK",
    "title": "Jumbo Tomaat & Mozzarella Maaltijdsalade 450 g",
    "category": "Verse maaltijden en gemak",
    "price": 4.5,
    "promoPrice": null,
    "pricePerUnit": "10.0 kg",
    "image": "https://www.jumbo.com/dam-images/fit-in/360x360/Products/21042025_1745193610528_1745193619289_8718452862689_1.png",
    "available": true,
    "promoUntil": null
  },
  {
    "id": "362351PAK",
    "title": "Jumbo Koffiekoeken 250 g",
    "category": "Koek, snoep, chocolade en chips",
    "price": 1.29,
    "promoPrice": null,
    "pricePerUnit": "5.16 kg",
    "image": "https://www.jumbo.com/dam-images/fit-in/360x360/Products/01112024_1730471707369_1730471718067_8718452387021_596.png",
    "available": true,
    "promoUntil": null
  },
  {
    "id": "677692BAK",
    "title": "Kraakman Reuze Mergpijpen 280g",
    "category": "Koek, snoep, chocolade en chips",
    "price": 3.75,
    "promoPrice": null,
    "pricePerUnit": "13.39 kg",
    "image": "https://www.jumbo.com/dam-images/fit-in/360x360/Products/09082023_1691592917278_1691592997391_4260700580004_1.png",
    "available": true,
    "promoUntil": null
  },
  {
    "id": "602542DS",
    "title": "Affligem Blond Bier Blik 7+1 x 330ml Voordeelpack",
    "category": "Bier en wijn",
    "price": 10.89,
    "promoPrice": null,
    "pricePerUnit": "10.89 l",
    "image": "https://www.jumbo.com/dam-images/fit-in/360x360/Products/21082025_1755761586877_1755761591832_8712000061630_1.png",
    "available": true,
    "promoUntil": null
  },
  {
    "id": "682845STK",
    "title": "Echte Enkhuizer Jodekoek Cacao 323 g",
    "category": "Koek, snoep, chocolade en chips",
    "price": 2.29,
    "promoPrice": null,
    "pricePerUnit": "7.09 kg",
    "image": "https://www.jumbo.com/dam-images/fit-in/360x360/Products/28052025_1748424768640_1748424772661_8710434111051_1.png",
    "available": true,
    "promoUntil": null
  },
  {
    "id": "628862RP",
    "title": "Jumbo Wit Praliné Bloc 200 g",
    "category": "Koek, snoep, chocolade en chips",
    "price": 2.37,
    "promoPrice": null,
    "pricePerUnit": "11.85 kg",
    "image": "https://www.jumbo.com/dam-images/fit-in/360x360/Products/27052025_1748360089954_1748360103112_8718452877102_596.png",
    "available": true,
    "promoUntil": null
  },
  {
    "id": "408278ZK",
    "title": "Santa Maria Tortilla with Whole Wheat & Wheat Large 6 Stuks 371 g",
    "category": "Wereldkeukens, kruiden, pasta en rijst",
    "price": 3.09,
    "promoPrice": null,
    "pricePerUnit": "8.33 kg",
    "image": "https://www.jumbo.com/dam-images/fit-in/360x360/Products/13092025_1757726815401_1757726835849_408278_ZK_07311311022401_C1N1.png",
    "available": true,
    "promoUntil": null
  },
  {
    "id": "612642ZK",
    "title": "Lay's Max Ribbel Chips Red Sweet Chilli 185 gr",
    "category": "Koek, snoep, chocolade en chips",
    "price": 2.49,
    "promoPrice": null,
    "pricePerUnit": "13.46 kg",
    "image": "https://www.jumbo.com/dam-images/fit-in/360x360/Products/24092025_1758675828381_1758675840554_612642_ZK_08710398529701_C1N1.png",
    "available": true,
    "promoUntil": null
  },
  {
    "id": "502738DS",
    "title": "Whiskas Adult Kattenbrokken Tonijn doos 800 g",
    "category": "Huishouden en dieren",
    "price": 4.15,
    "promoPrice": null,
    "pricePerUnit": "5.19 kg",
    "image": "https://www.jumbo.com/dam-images/fit-in/360x360/Products/10082023_1691677955432_1691677974448_5900951296512_596.png",
    "available": true,
    "promoUntil": null
  },
  {
    "id": "678373STK",
    "title": "HEMA Schrijfblok A5 100 Vellen",
    "category": "Non-food en servicebalie",
    "price": 1.79,
    "promoPrice": null,
    "pricePerUnit": "1.79 pieces",
    "image": "https://www.jumbo.com/dam-images/fit-in/360x360/Products/09082023_1691587041506_1691587060800_8718161606697_1.png",
    "available": true,
    "promoUntil": null
  },
  {
    "id": "581829ZK",
    "title": "Jumbo - Diepvries Volkoren Bollen - 4 Stuks",
    "category": "Diepvries",
    "price": 3.4,
    "promoPrice": null,
    "pricePerUnit": "0.85 pieces",
    "image": "https://www.jumbo.com/dam-images/fit-in/360x360/Products/14022024_1707873702295_1707873707968_8718452742516_1.png",
    "available": true,
    "promoUntil": null
  },
  {
    "id": "429677FLS",
    "title": "Hero Cherry Zero 1,25 L",
    "category": "Frisdrank en sappen",
    "price": 2.59,
    "promoPrice": null,
    "pricePerUnit": "2.07 l",
    "image": "https://www.jumbo.com/dam-images/fit-in/360x360/Products/13122024_1734085978388_1734085981659_8713500012450_1.png",
    "available": true,
    "promoUntil": null
  },
  {
    "id": "50058FLS",
    "title": "Saitaku Rice Vinegar 150 ml",
    "category": "Wereldkeukens, kruiden, pasta en rijst",
    "price": 3.09,
    "promoPrice": null,
    "pricePerUnit": "20.6 l",
    "image": "https://www.jumbo.com/dam-images/fit-in/360x360/Products/05112024_1730774984673_1730774987422_50058_FLS_05060194790014_C1N1.png",
    "available": true,
    "promoUntil": null
  },
  {
    "id": "13682PAK",
    "title": "Echte Enkhuizer de Lekkerste Glacé Original 4 Stuks 220 g",
    "category": "Koek, snoep, chocolade en chips",
    "price": 1.35,
    "promoPrice": null,
    "pricePerUnit": "6.14 kg",
    "image": "https://www.jumbo.com/dam-images/fit-in/360x360/Products/22052025_1747927967262_1747927975461_8710531421220_1.png",
    "available": true,
    "promoUntil": null
  },
  {
    "id": "447830ZK",
    "title": "Jumbo Knapperige Racers Paprika Chips 125 g",
    "category": "Koek, snoep, chocolade en chips",
    "price": 1.49,
    "promoPrice": null,
    "pricePerUnit": "11.92 kg",
    "image": "https://www.jumbo.com/dam-images/fit-in/360x360/Products/09082023_1691588798635_1691588808812_8718452576685_1.png",
    "available": true,
    "promoUntil": null
  },
  {
    "id": "540483BLK",
    "title": "Charlie's Sparkling Water Passievrucht 330ML",
    "category": "Frisdrank en sappen",
    "price": 1.09,
    "promoPrice": null,
    "pricePerUnit": "3.3 l",
    "image": "https://www.jumbo.com/dam-images/fit-in/360x360/Products/31102023_1698720023728_1698720025992_540483_BLK_08718858612062_C1N1.png",
    "available": true,
    "promoUntil": null
  },
  {
    "id": "237829ZK",
    "title": "Jumbo Roerbakmix Champignon 250 g",
    "category": "Aardappelen, groente en fruit",
    "price": 1.89,
    "promoPrice": null,
    "pricePerUnit": "7.56 kg",
    "image": "https://www.jumbo.com/dam-images/fit-in/360x360/Products/10062024_1718033711969_1718033722557_8718452786756_1.png",
    "available": true,
    "promoUntil": null
  },
  {
    "id": "499582ZK",
    "title": "Go-Tan Whole Wheat Noodles Volkoren Bio - Organic 250g",
    "category": "Wereldkeukens, kruiden, pasta en rijst",
    "price": 2.96,
    "promoPrice": null,
    "pricePerUnit": "11.84 kg",
    "image": "https://www.jumbo.com/dam-images/fit-in/360x360/Products/02042024_1712020978067_1712020988533_499582_ZK_08710605028652_C1N1.png",
    "available": true,
    "promoUntil": null
  },
  {
    "id": "548738DS",
    "title": "Always Daily Protect Long 0% parfum Inlegkruisjes",
    "category": "Drogisterij en baby",
    "price": 5.49,
    "promoPrice": null,
    "pricePerUnit": "0.11 pieces",
    "image": "https://www.jumbo.com/dam-images/fit-in/360x360/Products/14082025_1755200014581_1755200018957_8006540806333_1.png",
    "available": true,
    "promoUntil": null
  },
  {
    "id": "646565DS",
    "title": "Honig Maaltijdpakket Italiaanse Lasagne 314g",
    "category": "Wereldkeukens, kruiden, pasta en rijst",
    "price": 4.49,
    "promoPrice": null,
    "pricePerUnit": "14.3 kg",
    "image": "https://www.jumbo.com/dam-images/fit-in/360x360/Products/18072025_1752801978496_1752801983889_646565_DS_08715700126951_C1N1.png",
    "available": true,
    "promoUntil": null
  },
  {
    "id": "697032DS",
    "title": "American Brownies 8x30g",
    "category": "Koek, snoep, chocolade en chips",
    "price": 1.79,
    "promoPrice": null,
    "pricePerUnit": "7.46 kg",
    "image": "https://www.jumbo.com/dam-images/fit-in/360x360/Products/07052025_1746596569286_1746596600703_697032_DS_03178530404333_C1N1_s04.png",
    "available": true,
    "promoUntil": null
  },
  {
    "id": "54399STK",
    "title": "Jumbo Filet Americain Naturel 70 g",
    "category": "Vleeswaren, kaas en tapas",
    "price": 1.89,
    "promoPrice": null,
    "pricePerUnit": "27.0 kg",
    "image": "https://www.jumbo.com/dam-images/fit-in/360x360/Products/29092023_1695995393588_1695995398123_8718452604463_1.png",
    "available": true,
    "promoUntil": null
  },
  {
    "id": "532129FLS",
    "title": "Jumbo Vers Geperste Smoothie Mango & Passievrucht 500 ml",
    "category": "Frisdrank en sappen",
    "price": 2.59,
    "promoPrice": null,
    "pricePerUnit": "5.18 l",
    "image": "https://www.jumbo.com/dam-images/fit-in/360x360/Products/04112024_1730752387237_1730752391356_8718452863693_1.png",
    "available": true,
    "promoUntil": null
  },
  {
    "id": "568782FLS",
    "title": "Dettol Power & Fresh Allesreiniger Original 1,5 L",
    "category": "Huishouden en dieren",
    "price": 5.99,
    "promoPrice": null,
    "pricePerUnit": "3.99 l",
    "image": "https://www.jumbo.com/dam-images/fit-in/360x360/Products/04092024_1725414778462_1725414781257_568782_FLS_05410036105504_C1N1.png",
    "available": true,
    "promoUntil": null
  },
  {
    "id": "479000CUP",
    "title": "Johma 100% Plantaardig Alternatief voor Kip-Sambasalade 175 g",
    "category": "Vleeswaren, kaas en tapas",
    "price": 3.45,
    "promoPrice": null,
    "pricePerUnit": "19.71 kg",
    "image": "https://www.jumbo.com/dam-images/fit-in/360x360/Products/02012025_1735784090835_1735784113412_479000_CUP_08710506084474_C1N1.png",
    "available": true,
    "promoUntil": null
  },
  {
    "id": "176489STK",
    "title": "Mentos Gum Breeze Mint Suikervrij Pot 100 stuks ",
    "category": "Koek, snoep, chocolade en chips",
    "price": 4.59,
    "promoPrice": null,
    "pricePerUnit": "30.6 kg",
    "image": "https://www.jumbo.com/dam-images/fit-in/360x360/Products/07072025_1751902633598_1751902639138_80739456_1.png",
    "available": true,
    "promoUntil": null
  },
  {
    "id": "530197BLS",
    "title": "Sun Vaatwasmachine Verfrisser Citroen 1 stuk",
    "category": "Huishouden en dieren",
    "price": 4.49,
    "promoPrice": null,
    "pricePerUnit": "4.49 pieces",
    "image": "https://www.jumbo.com/dam-images/fit-in/360x360/Products/21112024_1732214143860_1732214150898_3601690092114_1.png",
    "available": true,
    "promoUntil": null
  },
  {
    "id": "678838DS",
    "title": "Oral-B iO Gentle Care Zwart, Originele vervangende ronde opzetborstels, 2",
    "category": "Drogisterij en baby",
    "price": 24.99,
    "promoPrice": null,
    "pricePerUnit": "12.5 pieces",
    "image": "https://www.jumbo.com/dam-images/fit-in/360x360/Products/15082025_1755216138693_1755216143596_8700216457033_1.png",
    "available": true,
    "promoUntil": null
  },
  {
    "id": "606644TRA",
    "title": "Jumbo Plakjes Pancetta 80 g",
    "category": "Vleeswaren, kaas en tapas",
    "price": 2.79,
    "promoPrice": null,
    "pricePerUnit": "34.88 kg",
    "image": "https://www.jumbo.com/dam-images/fit-in/360x360/Products/27032024_1711535593595_1711535601960_8718452804788_1.png",
    "available": true,
    "promoUntil": null
  },
  {
    "id": "639201TRA",
    "title": "Wahid Kalkoenfilet 125 g",
    "category": "Vleeswaren, kaas en tapas",
    "price": 2.96,
    "promoPrice": null,
    "pricePerUnit": "23.68 kg",
    "image": "https://www.jumbo.com/dam-images/fit-in/360x360/Products/28052025_1748457230295_1748457236510_8716221004087_1.png",
    "available": true,
    "promoUntil": null
  },
  {
    "id": "700393DS",
    "title": "Witte Reus Waspoeder 23WB",
    "category": "Huishouden en dieren",
    "price": 11.49,
    "promoPrice": null,
    "pricePerUnit": "0.5 wb",
    "image": "https://www.jumbo.com/dam-images/fit-in/360x360/Products/22052025_1747907738804_1747907741415_700393_DS_05410091773076_C1N1.png",
    "available": true,
    "promoUntil": null
  },
  {
    "id": "439428BAK",
    "title": "Belli Cantuccini Amandelkoekjes 250 g",
    "category": "Koek, snoep, chocolade en chips",
    "price": 3.49,
    "promoPrice": null,
    "pricePerUnit": "13.96 kg",
    "image": "https://www.jumbo.com/dam-images/fit-in/360x360/Products/09082023_1691587852788_1691587858939_8003655252550_1.png",
    "available": true,
    "promoUntil": null
  },
  {
    "id": "617470POT",
    "title": "Paturain Naturel Barquette 150g",
    "category": "Vleeswaren, kaas en tapas",
    "price": 2.59,
    "promoPrice": null,
    "pricePerUnit": "17.27 kg",
    "image": "https://www.jumbo.com/dam-images/fit-in/360x360/Products/29042025_1745891769672_1745891781983_617470_POT_03272770017114_C1N1_s39.png",
    "available": true,
    "promoUntil": null
  },
  {
    "id": "382742ZK",
    "title": "Jumbo Schuimblokjes Vanillesmaak 120 g",
    "category": "Koek, snoep, chocolade en chips",
    "price": 2.29,
    "promoPrice": null,
    "pricePerUnit": "19.08 kg",
    "image": "https://www.jumbo.com/dam-images/fit-in/360x360/Products/01072025_1751373186501_1751373196863_8718452534340_596.png",
    "available": true,
    "promoUntil": null
  },
  {
    "id": "578315FLS",
    "title": "KWV - Cape Blend - 750ML",
    "category": "Bier en wijn",
    "price": 7.99,
    "promoPrice": null,
    "pricePerUnit": "10.65 l",
    "image": "https://www.jumbo.com/dam-images/fit-in/360x360/Products/12122024_1734014703015_1734014705333_6002323024927_1.png",
    "available": true,
    "promoUntil": null
  },
  {
    "id": "438798ZK",
    "title": "Jumbo Gehakte Spinazie 450 g",
    "category": "Aardappelen, groente en fruit",
    "price": 0.95,
    "promoPrice": null,
    "pricePerUnit": "2.11 kg",
    "image": "https://www.jumbo.com/dam-images/fit-in/360x360/Products/14022024_1707872789338_1707872794220_8718452722617_1.png",
    "available": true,
    "promoUntil": null
  },
  {
    "id": "548525STK",
    "title": "Glade Gel Muguet 150 g",
    "category": "Huishouden en dieren",
    "price": 1.85,
    "promoPrice": null,
    "pricePerUnit": "1.85 pieces",
    "image": "https://www.jumbo.com/dam-images/fit-in/360x360/Products/23092025_1758590784830_1758590788470_548525_STK_05000204306828_C1N1.png",
    "available": true,
    "promoUntil": null
  },
  {
    "id": "213204BAK",
    "title": "Boursin Roomkaas Knoflook & Fijne Kruiden 125 g",
    "category": "Vleeswaren, kaas en tapas",
    "price": 3.79,
    "promoPrice": null,
    "pricePerUnit": "30.32 kg",
    "image": "https://www.jumbo.com/dam-images/fit-in/360x360/Products/06052025_1746531165198_1746531170366_3073781091861_1.png",
    "available": true,
    "promoUntil": null
  },
  {
    "id": "175377DS",
    "title": "Céréal Gluten Free Lactose Free Mini Cakes Stukjes Chocolade 6 x 1 Stuks 230 g",
    "category": "Koek, snoep, chocolade en chips",
    "price": 4.35,
    "promoPrice": null,
    "pricePerUnit": "18.91 kg",
    "image": "https://www.jumbo.com/dam-images/fit-in/360x360/Products/29042025_1745944387708_1745944393509_5410063023932_1.png",
    "available": true,
    "promoUntil": null
  },
  {
    "id": "688526ZK",
    "title": "Finish Ultimate Regular 26 Tabletten",
    "category": "Huishouden en dieren",
    "price": 15.49,
    "promoPrice": null,
    "pricePerUnit": "0.6 pieces",
    "image": "https://www.jumbo.com/dam-images/fit-in/360x360/Products/12082025_1754961708342_1754961715235_688526_ZK_03665468403168_A1N1.png",
    "available": true,
    "promoUntil": null
  },
  {
    "id": "628878CUP",
    "title": "Jumbo Snackbal Kip 120 g",
    "category": "Vleeswaren, kaas en tapas",
    "price": 2.59,
    "promoPrice": null,
    "pricePerUnit": "21.58 kg",
    "image": "https://www.jumbo.com/dam-images/fit-in/360x360/Products/01082024_1722515597764_1722515606812_8718452842100_1.png",
    "available": true,
    "promoUntil": null
  },
  {
    "id": "475509TRA",
    "title": "Jumbo Spianata Romana con Pepe 100 g",
    "category": "Vleeswaren, kaas en tapas",
    "price": 3.49,
    "promoPrice": null,
    "pricePerUnit": "34.9 kg",
    "image": "https://www.jumbo.com/dam-images/fit-in/360x360/Products/10082023_1691676435157_1691676455859_8718452623495_1.png",
    "available": true,
    "promoUntil": null
  },
  {
    "id": "704700DS",
    "title": "Apetito Maaltijdbox B Natriumarm - 7 Verschillende Maaltijden",
    "category": "Diepvries",
    "price": 47.5,
    "promoPrice": null,
    "pricePerUnit": "14.14 kg",
    "image": "https://www.jumbo.com/dam-images/fit-in/360x360/Products/93659apetitodinerdoosNatriumarm2400x2400e87c3d44-19dd-4f0f-8b95-fff5efc58753-1754577464819.png",
    "available": true,
    "promoUntil": null
  },
  {
    "id": "418777PAK",
    "title": "Salakis Halloumi Classic 200 g",
    "category": "Vleeswaren, kaas en tapas",
    "price": 3.82,
    "promoPrice": null,
    "pricePerUnit": "19.1 kg",
    "image": "https://www.jumbo.com/dam-images/fit-in/360x360/Products/07102024_1728297191798_1728297199996_5413209992925_1.png",
    "available": true,
    "promoUntil": null
  },
  {
    "id": "690000KGR",
    "title": "Jumbo Ketjap Spek ca. 100 g",
    "category": "Vleeswaren, kaas en tapas",
    "price": 3.19,
    "promoPrice": null,
    "pricePerUnit": "29.0 kg",
    "image": "https://www.jumbo.com/dam-images/fit-in/360x360/Products/04072025_1751617977806_1751617987884_2378363000000_1.png",
    "available": true,
    "promoUntil": null
  },
  {
    "id": "666320TRA",
    "title": "Jumbo Feestbloemetjes met Citroensmaak 150 g",
    "category": "Koek, snoep, chocolade en chips",
    "price": 1.89,
    "promoPrice": null,
    "pricePerUnit": "12.6 kg",
    "image": "https://www.jumbo.com/dam-images/fit-in/360x360/Products/18042025_1744972367615_1744972376066_8718452875252_1.png",
    "available": true,
    "promoUntil": null
  },
  {
    "id": "373591ZK",
    "title": "Conimex Marinademix Saté 38 g",
    "category": "Wereldkeukens, kruiden, pasta en rijst",
    "price": 0.93,
    "promoPrice": null,
    "pricePerUnit": "24.47 kg",
    "image": "https://www.jumbo.com/dam-images/fit-in/360x360/Products/01082025_1754013662951_1754013701139_373591_ZK_08712100397516_C1N1.png",
    "available": true,
    "promoUntil": null
  },
  {
    "id": "545680DSL",
    "title": "Gillette Classic Sensitive Scheergel, 6 x 200ml",
    "category": "Drogisterij en baby",
    "price": 21.3,
    "promoPrice": 14.91,
    "pricePerUnit": "12.42 l",
    "image": "https://www.jumbo.com/dam-images/fit-in/360x360/Products/545680DSL-1692280862062.png",
    "available": true,
    "promoUntil": "di 7 okt"
  },
  {
    "id": "446873STK",
    "title": "Jumbo Beschuit Bollen 4 Stuks",
    "category": "Brood en gebak",
    "price": 1.99,
    "promoPrice": null,
    "pricePerUnit": "9.95 kg",
    "image": "https://www.jumbo.com/dam-images/fit-in/360x360/Products/09082023_1691589157420_1691589166300_8718452587599_1.png",
    "available": true,
    "promoUntil": null
  },
  {
    "id": "524899PAK",
    "title": "Jumbo 1 Volledige Zuigelingenvoeding 0-6 Maanden 2 x 400 g",
    "category": "Drogisterij en baby",
    "price": 8.41,
    "promoPrice": null,
    "pricePerUnit": "10.51 kg",
    "image": "https://www.jumbo.com/dam-images/fit-in/360x360/Products/01082024_1722522799252_1722522803679_8718452690107_1.png",
    "available": true,
    "promoUntil": null
  },
  {
    "id": "496921DS",
    "title": "Pedigree Adult Gevogelte Selectie met Groenten in Saus 12 x 100 g",
    "category": "Huishouden en dieren",
    "price": 6.56,
    "promoPrice": null,
    "pricePerUnit": "5.47 kg",
    "image": "https://www.jumbo.com/dam-images/fit-in/360x360/Products/30062025_1751279606192_1751279627448_4770608261245_596.png",
    "available": true,
    "promoUntil": null
  },
  {
    "id": "686314FLS",
    "title": "Tiempo & Tierra - Gran Momento Barrel Aged Chardonnay - 750ML",
    "category": "Bier en wijn",
    "price": 5.99,
    "promoPrice": null,
    "pricePerUnit": "7.99 l",
    "image": "https://www.jumbo.com/dam-images/fit-in/360x360/Products/23062025_1750681987332_1750681990911_8411971008582_1.png",
    "available": true,
    "promoUntil": null
  },
  {
    "id": "644318DS",
    "title": "Honig Deegwaar Spaghettini 550 g",
    "category": "Wereldkeukens, kruiden, pasta en rijst",
    "price": 1.78,
    "promoPrice": null,
    "pricePerUnit": "3.24 kg",
    "image": "https://www.jumbo.com/dam-images/fit-in/360x360/Products/20082024_1724122939193_1724122949890_644318_DS_08715700126432_H1N1.png",
    "available": true,
    "promoUntil": null
  },
  {
    "id": "673429FLS",
    "title": "Lapirutta - Pecorino - Terre d'Abruzzo - 750ML",
    "category": "Bier en wijn",
    "price": 4.99,
    "promoPrice": null,
    "pricePerUnit": "6.65 l",
    "image": "https://www.jumbo.com/dam-images/fit-in/360x360/Products/19032025_1742398391724_1742398395036_8718819102458_1.png",
    "available": true,
    "promoUntil": null
  },
  {
    "id": "560255DS",
    "title": "Felix Soup Farm Selectie Kattensoep",
    "category": "Huishouden en dieren",
    "price": 2.81,
    "promoPrice": null,
    "pricePerUnit": "9.76 kg",
    "image": "https://www.jumbo.com/dam-images/fit-in/360x360/Products/04042025_1743737445366_1743737458115_560255_DS_08445290269515_C1N1_s02.png",
    "available": true,
    "promoUntil": null
  },
  {
    "id": "157219ZK",
    "title": "Chupa Chups The Best Of 16 stuks ",
    "category": "Koek, snoep, chocolade en chips",
    "price": 1.96,
    "promoPrice": null,
    "pricePerUnit": "10.21 kg",
    "image": "https://www.jumbo.com/dam-images/fit-in/360x360/Products/07072025_1751902617281_1751902622684_8410031936506_1.png",
    "available": true,
    "promoUntil": null
  },
  {
    "id": "553404FLS",
    "title": "Sprite Zero Sugar Lemon-Lime 500 ml",
    "category": "Frisdrank en sappen",
    "price": 1.79,
    "promoPrice": null,
    "pricePerUnit": "3.58 l",
    "image": "https://www.jumbo.com/dam-images/fit-in/360x360/Products/30032024_1711772777413_1711772782187_553404_FLS_05000112604771_H1N1.png",
    "available": true,
    "promoUntil": null
  },
  {
    "id": "370172DS",
    "title": "Olvarit Rijstebloem 4+ Maanden 200 g",
    "category": "Drogisterij en baby",
    "price": 2.25,
    "promoPrice": null,
    "pricePerUnit": "11.25 kg",
    "image": "https://www.jumbo.com/dam-images/fit-in/360x360/Products/13082025_1755052856279_1755052862288_370172_DS_03041091579096_C1N1.png",
    "available": true,
    "promoUntil": null
  },
  {
    "id": "35987PAK",
    "title": "Alfa Donker Bruin Flessen 6 x 30 cl",
    "category": "Bier en wijn",
    "price": 4.69,
    "promoPrice": null,
    "pricePerUnit": "2.61 l",
    "image": "https://www.jumbo.com/dam-images/fit-in/360x360/Products/09052025_1746808365721_1746808373922_87297768_1.png",
    "available": true,
    "promoUntil": null
  },
  {
    "id": "569143ZK",
    "title": "Van Melle Toffees met Advocaatsmaak 225 g",
    "category": "Koek, snoep, chocolade en chips",
    "price": 2.37,
    "promoPrice": null,
    "pricePerUnit": "10.53 kg",
    "image": "https://www.jumbo.com/dam-images/fit-in/360x360/Products/07072025_1751905965573_1751905970538_8723400797500_1.png",
    "available": true,
    "promoUntil": null
  },
  {
    "id": "704704DS",
    "title": "Apetito Maaltijdbox Lactosevrij - 7 Verschillende Maaltijden",
    "category": "Diepvries",
    "price": 47.5,
    "promoPrice": null,
    "pricePerUnit": "14.03 kg",
    "image": "https://www.jumbo.com/dam-images/fit-in/360x360/Products/93655apetitodinerdoosGewoonlekker2400x240084b3f693-8d02-4149-8b0a-875f001f3938-1754577463822.png",
    "available": true,
    "promoUntil": null
  },
  {
    "id": "552670ZK",
    "title": "Conimex Kruidenmix Nasi Goreng 37 g",
    "category": "Wereldkeukens, kruiden, pasta en rijst",
    "price": 0.98,
    "promoPrice": null,
    "pricePerUnit": "26.49 kg",
    "image": "https://www.jumbo.com/dam-images/fit-in/360x360/Products/08082025_1754618770626_1754618797236_552670_ZK_08720182597274_C1N1.png",
    "available": true,
    "promoUntil": null
  },
  {
    "id": "492426FLS",
    "title": "Smirnoff Ice Original Crisp Citrus 70 cl",
    "category": "Bier en wijn",
    "price": 3.99,
    "promoPrice": null,
    "pricePerUnit": "5.7 l",
    "image": "https://www.jumbo.com/dam-images/fit-in/360x360/Products/03022025_1738571565584_1738571569542_5410316983730_1.png",
    "available": true,
    "promoUntil": null
  },
  {
    "id": "178296STK",
    "title": "Dettol desinfectiemiddel (48 mg/g), 500 ml",
    "category": "Drogisterij en baby",
    "price": 14.15,
    "promoPrice": null,
    "pricePerUnit": "28.3 l",
    "image": "https://www.jumbo.com/dam-images/fit-in/360x360/Products/24092025_1758672135499_1758672142913_8710552261706_1.png",
    "available": true,
    "promoUntil": null
  },
  {
    "id": "282881STK",
    "title": "Napoleon Citroen 225 g",
    "category": "Koek, snoep, chocolade en chips",
    "price": 2.06,
    "promoPrice": null,
    "pricePerUnit": "9.16 kg",
    "image": "https://www.jumbo.com/dam-images/fit-in/360x360/Products/26052025_1748231888507_1748231903161_282881_STK_08721077490410_H1N1.png",
    "available": true,
    "promoUntil": null
  },
  {
    "id": "182209POT",
    "title": "Jumbo Peper Zwart 150 g",
    "category": "Wereldkeukens, kruiden, pasta en rijst",
    "price": 7.42,
    "promoPrice": null,
    "pricePerUnit": "49.47 kg",
    "image": "https://www.jumbo.com/dam-images/fit-in/360x360/Products/09082023_1691581022664_1691581046488_8718452203734_1.png",
    "available": true,
    "promoUntil": null
  },
  {
    "id": "187633DS",
    "title": "Mora Mini's Mini Kaassouffles 12 x 25 g",
    "category": "Diepvries",
    "price": 3.29,
    "promoPrice": null,
    "pricePerUnit": "10.97 kg",
    "image": "https://www.jumbo.com/dam-images/fit-in/360x360/Products/14062025_1749868343799_1749868349038_187633_DS_08710861999321_H1N1.png",
    "available": true,
    "promoUntil": null
  },
  {
    "id": "433080TRA",
    "title": "Olvarit 4+ Maanden Variatiemenu Maaltijd 12 x 125g",
    "category": "Drogisterij en baby",
    "price": 12.56,
    "promoPrice": null,
    "pricePerUnit": "8.37 kg",
    "image": "https://www.jumbo.com/dam-images/fit-in/360x360/Products/28062024_1719541265530_1719541268912_433080_TRA_08712400117319_H1N1.png",
    "available": true,
    "promoUntil": null
  },
  {
    "id": "449119BAK",
    "title": "Noel Serrano Ham 80 g",
    "category": "Vleeswaren, kaas en tapas",
    "price": 2.39,
    "promoPrice": null,
    "pricePerUnit": "29.88 kg",
    "image": "https://www.jumbo.com/dam-images/fit-in/360x360/Products/09082023_1691589823953_1691590029944_8410783346158_1.png",
    "available": true,
    "promoUntil": null
  },
  {
    "id": "449705POT",
    "title": "Jumbo Zwarte Olijven Plakjes 220 g",
    "category": "Vleeswaren, kaas en tapas",
    "price": 1.02,
    "promoPrice": null,
    "pricePerUnit": "4.64 kg",
    "image": "https://www.jumbo.com/dam-images/fit-in/360x360/Products/09082023_1691588919968_1691588926501_8718452552498_1.png",
    "available": true,
    "promoUntil": null
  },
  {
    "id": "678183DS",
    "title": "Biotex Poeder Handwas&Inweek 720g",
    "category": "Huishouden en dieren",
    "price": 5.99,
    "promoPrice": null,
    "pricePerUnit": "0.27 wb",
    "image": "https://www.jumbo.com/dam-images/fit-in/360x360/Products/05022025_1738771811247_1738771834907_678183_DS_08720181627064_C1N1.png",
    "available": true,
    "promoUntil": null
  },
  {
    "id": "203742ZK",
    "title": "Verstegen Mix voor Stamppot Hutspot 10 g",
    "category": "Wereldkeukens, kruiden, pasta en rijst",
    "price": 1.42,
    "promoPrice": null,
    "pricePerUnit": "142.0 kg",
    "image": "https://www.jumbo.com/dam-images/fit-in/360x360/Products/25022025_1740456466255_1740456472414_203742_ZK_08712200982216_C1N1.png",
    "available": true,
    "promoUntil": null
  },
  {
    "id": "295216ZK",
    "title": "Jumbo Lekker Vrij van Gluten Fusilli 500 g",
    "category": "Wereldkeukens, kruiden, pasta en rijst",
    "price": 1.39,
    "promoPrice": null,
    "pricePerUnit": "2.78 kg",
    "image": "https://www.jumbo.com/dam-images/fit-in/360x360/Products/09082023_1691586114128_1691586125684_8718452410064_1.png",
    "available": true,
    "promoUntil": null
  },
  {
    "id": "189437ZK",
    "title": "Spring Home Roti Paratha Plain 5 Stuks 325g",
    "category": "Diepvries",
    "price": 2.72,
    "promoPrice": null,
    "pricePerUnit": "8.5 kg",
    "image": "https://www.jumbo.com/dam-images/fit-in/360x360/Products/25012024_1706154932164_1706154947123_189437_ZK_08888003652400_C1N1.png",
    "available": true,
    "promoUntil": null
  },
  {
    "id": "513267DS",
    "title": "Lassie Zilvervliesrijst Voordeelpak 750 g",
    "category": "Wereldkeukens, kruiden, pasta en rijst",
    "price": 2.0,
    "promoPrice": null,
    "pricePerUnit": "2.67 kg",
    "image": "https://www.jumbo.com/dam-images/fit-in/360x360/Products/02102024_1727832567648_1727832572862_513267_DS_08718781601508_H1N1.png",
    "available": true,
    "promoUntil": null
  },
  {
    "id": "158596DS",
    "title": "Toppits Safeloc Diepvrieszakken 1 Liter 20 stuks",
    "category": "Huishouden en dieren",
    "price": 3.99,
    "promoPrice": null,
    "pricePerUnit": "0.2 pieces",
    "image": "https://www.jumbo.com/dam-images/fit-in/360x360/Products/16092025_1758008009636_1758008014317_4008871209801_1.png",
    "available": true,
    "promoUntil": null
  },
  {
    "id": "179044STK",
    "title": "Santa Maria Taco Saus Mild 230 g",
    "category": "Wereldkeukens, kruiden, pasta en rijst",
    "price": 2.37,
    "promoPrice": null,
    "pricePerUnit": "10.3 kg",
    "image": "https://www.jumbo.com/dam-images/fit-in/360x360/Products/13092025_1757726011861_1757726024592_179044_STK_.png",
    "available": true,
    "promoUntil": null
  },
  {
    "id": "493634POT",
    "title": "Euroma Nasi Bami kruiden 68 g",
    "category": "Wereldkeukens, kruiden, pasta en rijst",
    "price": 3.99,
    "promoPrice": null,
    "pricePerUnit": "58.68 kg",
    "image": "https://www.jumbo.com/dam-images/fit-in/360x360/Products/13092024_1726197054112_1726197064826_493634_POT_08717600337031_C1N1.png",
    "available": true,
    "promoUntil": null
  },
  {
    "id": "657246DS",
    "title": "Johma Oet Twente Komkommer Rauwkost 200 g",
    "category": "Aardappelen, groente en fruit",
    "price": 1.79,
    "promoPrice": null,
    "pricePerUnit": "8.95 kg",
    "image": "https://www.jumbo.com/dam-images/fit-in/360x360/Products/26022025_1740545529953_1740545551601_657246_DS_08710506090680_C1N1.png",
    "available": true,
    "promoUntil": null
  },
  {
    "id": "183621ZK",
    "title": "Jumbo Tortellini Vlees 250 g",
    "category": "Wereldkeukens, kruiden, pasta en rijst",
    "price": 1.69,
    "promoPrice": null,
    "pricePerUnit": "6.76 kg",
    "image": "https://www.jumbo.com/dam-images/fit-in/360x360/Products/21032025_1742567606771_1742567611399_8718452206827_1.png",
    "available": true,
    "promoUntil": null
  },
  {
    "id": "978744DS",
    "title": "Mora Originals Ribster® 4 x 70 g",
    "category": "Diepvries",
    "price": 4.29,
    "promoPrice": null,
    "pricePerUnit": "15.32 kg",
    "image": "https://www.jumbo.com/dam-images/fit-in/360x360/Products/29032024_1711681172611_1711681184841_978744_DS_05410341122036_C1N1_s03.png",
    "available": true,
    "promoUntil": null
  },
  {
    "id": "655043DS",
    "title": "Jumbo Wascapsules Kleur Charming Magnolia 24 Wasbeurten",
    "category": "Huishouden en dieren",
    "price": 6.49,
    "promoPrice": null,
    "pricePerUnit": "0.27 pieces",
    "image": "https://www.jumbo.com/dam-images/fit-in/360x360/Products/01112024_1730464447144_1730464465911_8718452829859_596.png",
    "available": true,
    "promoUntil": null
  },
  {
    "id": "700394DS",
    "title": "Witte Reus Color Poeder 23Wb",
    "category": "Huishouden en dieren",
    "price": 11.49,
    "promoPrice": null,
    "pricePerUnit": "0.5 wb",
    "image": "https://www.jumbo.com/dam-images/fit-in/360x360/Products/22052025_1747907791580_1747907794781_700394_DS_05410091772970_C1N1.png",
    "available": true,
    "promoUntil": null
  },
  {
    "id": "441128ZK",
    "title": "Knorr Maaltijdmix Voordeelverpakking Spaghetti Bolognese 90 g",
    "category": "Wereldkeukens, kruiden, pasta en rijst",
    "price": 2.19,
    "promoPrice": null,
    "pricePerUnit": "24.33 kg",
    "image": "https://www.jumbo.com/dam-images/fit-in/360x360/Products/19092025_1758288803635_1758288811830_8720182015327_1.png",
    "available": true,
    "promoUntil": null
  },
  {
    "id": "586063DS",
    "title": "Saitaku Poké Rice 500 g",
    "category": "Wereldkeukens, kruiden, pasta en rijst",
    "price": 4.25,
    "promoPrice": null,
    "pricePerUnit": "8.5 kg",
    "image": "https://www.jumbo.com/dam-images/fit-in/360x360/Products/27082025_1756260523736_1756260530972_586063_DS_05060194792520_C1N1.png",
    "available": true,
    "promoUntil": null
  },
  {
    "id": "575941CUP",
    "title": "Jumbo Gezouten Pistache Notenmix 130 g",
    "category": "Koek, snoep, chocolade en chips",
    "price": 3.99,
    "promoPrice": null,
    "pricePerUnit": "30.69 kg",
    "image": "https://www.jumbo.com/dam-images/fit-in/360x360/Products/07122023_1701963246126_1701963252498_8718452740086_1.png",
    "available": true,
    "promoUntil": null
  },
  {
    "id": "616596CUP",
    "title": "Hertog IJs IJssalon Yoghurt Bosvruchten 825ml",
    "category": "Diepvries",
    "price": 5.49,
    "promoPrice": null,
    "pricePerUnit": "6.65 l",
    "image": "https://www.jumbo.com/dam-images/fit-in/360x360/Products/26032025_1742957873706_1742957930564_616596_CUP_08711327619258_H1N1.png",
    "available": true,
    "promoUntil": null
  },
  {
    "id": "361769FLS",
    "title": "Peachtree Blossom 50 cl",
    "category": "Bier en wijn",
    "price": 8.99,
    "promoPrice": null,
    "pricePerUnit": "17.98 l",
    "image": "https://www.jumbo.com/dam-images/fit-in/360x360/Products/13022024_1707834861010_1707834866815_8710625522505_1.png",
    "available": true,
    "promoUntil": null
  },
  {
    "id": "460302DS",
    "title": "Duca Street Food Mini Yakitori Spiesjes 14 Stuks 210 g",
    "category": "Diepvries",
    "price": 4.59,
    "promoPrice": null,
    "pricePerUnit": "21.86 kg",
    "image": "https://www.jumbo.com/dam-images/fit-in/360x360/Products/01072025_1751334211807_1751334229488_460302_DS_08717774020845_C1N1.png",
    "available": true,
    "promoUntil": null
  },
  {
    "id": "63637PAK",
    "title": "LU Prince Start koekjes naturel 300g",
    "category": "Koek, snoep, chocolade en chips",
    "price": 3.26,
    "promoPrice": null,
    "pricePerUnit": "10.87 kg",
    "image": "https://www.jumbo.com/dam-images/fit-in/360x360/Products/24092025_1758724489373_1758724494704_5410041169607_1.png",
    "available": true,
    "promoUntil": null
  },
  {
    "id": "572873ZK",
    "title": "Jumbo Suikerpinda's Zoet 250 g",
    "category": "Koek, snoep, chocolade en chips",
    "price": 1.19,
    "promoPrice": null,
    "pricePerUnit": "4.76 kg",
    "image": "https://www.jumbo.com/dam-images/fit-in/360x360/Products/14022024_1707872954266_1707872960327_8718452723836_1.png",
    "available": true,
    "promoUntil": null
  },
  {
    "id": "550811DS",
    "title": "Original Wagner Piccolinis Schinken Prosciutto 3 x 3 Stuks 270 g",
    "category": "Diepvries",
    "price": 3.59,
    "promoPrice": null,
    "pricePerUnit": "13.3 kg",
    "image": "https://www.jumbo.com/dam-images/fit-in/360x360/Products/27082024_1724731834226_1724731843735_550811_DS_04009233014026_C1N1_s02.png",
    "available": true,
    "promoUntil": null
  },
  {
    "id": "428476FLS",
    "title": "Fuze Tea Sparkling Black Tea 1,25 L",
    "category": "Frisdrank en sappen",
    "price": 2.75,
    "promoPrice": null,
    "pricePerUnit": "2.2 l",
    "image": "https://www.jumbo.com/dam-images/fit-in/360x360/Products/26082025_1756173937031_1756173941924_428476_FLS_05000112646382_H1N1.png",
    "available": true,
    "promoUntil": null
  },
  {
    "id": "66468FLS",
    "title": "Berentzen - Apfelkorn - 500ML",
    "category": "Bier en wijn",
    "price": 8.39,
    "promoPrice": null,
    "pricePerUnit": "16.78 l",
    "image": "https://www.jumbo.com/dam-images/fit-in/360x360/Products/23032024_1711159516834_1711159521061_66468_FLS_04041500065225_C1N1.png",
    "available": true,
    "promoUntil": null
  },
  {
    "id": "208331FLS",
    "title": "Terrapura Single Vineyard Chardonnay 750 ml",
    "category": "Bier en wijn",
    "price": 8.49,
    "promoPrice": null,
    "pricePerUnit": "11.32 l",
    "image": "https://www.jumbo.com/dam-images/fit-in/360x360/Products/06062025_1749220367862_1749220371786_7804616090515_1.png",
    "available": true,
    "promoUntil": null
  },
  {
    "id": "637570DS",
    "title": "Ambi pur WC Active Gel-Block Rose & Lily 45 g",
    "category": "Huishouden en dieren",
    "price": 3.99,
    "promoPrice": null,
    "pricePerUnit": "3.99 pieces",
    "image": "https://www.jumbo.com/dam-images/fit-in/360x360/Products/16012025_1736996293200_1736996301241_637570_DS_08435495838357_C1N1.png",
    "available": true,
    "promoUntil": null
  },
  {
    "id": "648177STK",
    "title": "Jumbo Saint Paulin Kaas 45+ ca. 140g",
    "category": "Vleeswaren, kaas en tapas",
    "price": 2.69,
    "promoPrice": null,
    "pricePerUnit": "19.35 kg",
    "image": "https://www.jumbo.com/dam-images/fit-in/360x360/Products/07062024_1717759995075_1717759999164_8718452711475_1.png",
    "available": true,
    "promoUntil": null
  },
  {
    "id": "423755ZK",
    "title": "Tyrrells Sea Salt & Cider Vinegar 150 g",
    "category": "Koek, snoep, chocolade en chips",
    "price": 2.99,
    "promoPrice": null,
    "pricePerUnit": "19.93 kg",
    "image": "https://www.jumbo.com/dam-images/fit-in/360x360/Products/06052024_1714984389827_1714984394548_5060042641406_1.png",
    "available": true,
    "promoUntil": null
  },
  {
    "id": "670284PAK",
    "title": "Jumbo Cola Cafeïnevrij Zero Sugar - Blik 6 x 250ML",
    "category": "Frisdrank en sappen",
    "price": 2.1,
    "promoPrice": null,
    "pricePerUnit": "1.4 l",
    "image": "https://www.jumbo.com/dam-images/fit-in/360x360/Products/30042025_1746023548834_1746023563401_8718452902910_596.png",
    "available": true,
    "promoUntil": null
  },
  {
    "id": "690255FLS",
    "title": "Dreft Natuurlijke Geur Afwasmiddel Lavendel & Rozemarijn 730ML",
    "category": "Huishouden en dieren",
    "price": 7.59,
    "promoPrice": null,
    "pricePerUnit": "10.4 l",
    "image": "https://www.jumbo.com/dam-images/fit-in/360x360/Products/22082025_1755820933302_1755820936864_8700216891882_1.png",
    "available": true,
    "promoUntil": null
  },
  {
    "id": "226786DS",
    "title": "Jumbo Visfriet Krokant 300 g",
    "category": "Diepvries",
    "price": 2.96,
    "promoPrice": null,
    "pricePerUnit": "9.87 kg",
    "image": "https://www.jumbo.com/dam-images/fit-in/360x360/Products/14022024_1707873205249_1707873211184_8718452650248_1.png",
    "available": true,
    "promoUntil": null
  },
  {
    "id": "533125PAK",
    "title": "Coca-Cola Vanilla 4 x 250 ml",
    "category": "Frisdrank en sappen",
    "price": 3.25,
    "promoPrice": null,
    "pricePerUnit": "3.25 l",
    "image": "https://www.jumbo.com/dam-images/fit-in/360x360/Products/25032024_1711381754206_1711381773322_5000112659016_1.png",
    "available": true,
    "promoUntil": null
  },
  {
    "id": "624171FLS",
    "title": "BioToday Premium Gember Drank 500 ml",
    "category": "Frisdrank en sappen",
    "price": 11.57,
    "promoPrice": null,
    "pricePerUnit": "23.14 l",
    "image": "https://www.jumbo.com/dam-images/fit-in/360x360/Products/05062025_1749115989388_1749115993775_8719153039240_1.png",
    "available": true,
    "promoUntil": null
  },
  {
    "id": "664558ZK",
    "title": "Red Band Crazy Mix Zacht Zoet Drop Voordeelverpakking 365 g",
    "category": "Koek, snoep, chocolade en chips",
    "price": 3.65,
    "promoPrice": null,
    "pricePerUnit": "10.0 kg",
    "image": "https://www.jumbo.com/dam-images/fit-in/360x360/Products/12122024_1733970138302_1733970149084_664558_ZK_08713800256189_H1N1.png",
    "available": true,
    "promoUntil": null
  },
  {
    "id": "489039PAK",
    "title": "CoolBest 100% Juice Funky Forest Fruit 1 L",
    "category": "Frisdrank en sappen",
    "price": 3.29,
    "promoPrice": null,
    "pricePerUnit": "3.29 l",
    "image": "https://www.jumbo.com/dam-images/fit-in/360x360/Products/17092025_1758074488596_1758074536903_489039_PAK_08720157467281_C1N1.png",
    "available": true,
    "promoUntil": null
  },
  {
    "id": "668522STK",
    "title": "HEMA Gas Aansteker",
    "category": "Non-food en servicebalie",
    "price": 3.99,
    "promoPrice": null,
    "pricePerUnit": "3.99 pieces",
    "image": "https://www.jumbo.com/dam-images/fit-in/360x360/Products/12122024_1734014487664_1734014490039_8716618548743_1.png",
    "available": true,
    "promoUntil": null
  },
  {
    "id": "166533ZK",
    "title": "Kotex® Maxi Maandverband Super 16 Stuks",
    "category": "Drogisterij en baby",
    "price": 2.15,
    "promoPrice": null,
    "pricePerUnit": "0.13 pieces",
    "image": "https://www.jumbo.com/dam-images/fit-in/360x360/Products/24092024_1727145625192_1727145629781_166533_ZK_05029053500294_C1N1.png",
    "available": true,
    "promoUntil": null
  },
  {
    "id": "676475ZK",
    "title": "Venco Droptoppers Veelzijdig & Zacht 225g",
    "category": "Koek, snoep, chocolade en chips",
    "price": 2.56,
    "promoPrice": null,
    "pricePerUnit": "11.38 kg",
    "image": "https://www.jumbo.com/dam-images/fit-in/360x360/Products/31012025_1738285368519_1738285378244_8713800255984_1.png",
    "available": true,
    "promoUntil": null
  },
  {
    "id": "665782ZK",
    "title": "Jumbo - Turks Brood Mini - 2 Stuks",
    "category": "Brood en gebak",
    "price": 1.02,
    "promoPrice": null,
    "pricePerUnit": "5.1 kg",
    "image": "https://www.jumbo.com/dam-images/fit-in/360x360/Products/25042025_1745580811562_1745580817116_8718452873852_1.png",
    "available": true,
    "promoUntil": null
  },
  {
    "id": "572903ZK",
    "title": "Jumbo Amandelen met Rooksmaak Gezouten 150 g",
    "category": "Koek, snoep, chocolade en chips",
    "price": 1.79,
    "promoPrice": null,
    "pricePerUnit": "11.93 kg",
    "image": "https://www.jumbo.com/dam-images/fit-in/360x360/Products/14022024_1707872954501_1707872961762_8718452723751_1.png",
    "available": true,
    "promoUntil": null
  },
  {
    "id": "548739DS",
    "title": "Always Daily Protect Extra Long Odour Block technologie Inlegkruisjes x42",
    "category": "Drogisterij en baby",
    "price": 5.49,
    "promoPrice": null,
    "pricePerUnit": "0.13 pieces",
    "image": "https://www.jumbo.com/dam-images/fit-in/360x360/Products/18082025_1755475234205_1755475238157_8006540806555_1.png",
    "available": true,
    "promoUntil": null
  },
  {
    "id": "699140TRA",
    "title": "Jan Volkoren Pannenkoeken 8 Stuks 540 g ",
    "category": "Verse maaltijden en gemak",
    "price": 3.29,
    "promoPrice": 2.46,
    "pricePerUnit": "4.56 kg",
    "image": "https://www.jumbo.com/dam-images/fit-in/360x360/Products/22092025_1758526427621_1758526433433_8712941614575_1.png",
    "available": true,
    "promoUntil": "di 7 okt"
  },
  {
    "id": "575971ZK",
    "title": "Jumbo Ongezouten Doppinda's 500 g",
    "category": "Koek, snoep, chocolade en chips",
    "price": 2.06,
    "promoPrice": null,
    "pricePerUnit": "4.12 kg",
    "image": "https://www.jumbo.com/dam-images/fit-in/360x360/Products/28022025_1740749586577_1740749592307_8718452740185_1.png",
    "available": true,
    "promoUntil": null
  },
  {
    "id": "632410ZK",
    "title": "Jumbo Pecorino Romano Rasp 60 g",
    "category": "Vleeswaren, kaas en tapas",
    "price": 1.99,
    "promoPrice": null,
    "pricePerUnit": "33.17 kg",
    "image": "https://www.jumbo.com/dam-images/fit-in/360x360/Products/29112024_1732876415088_1732876420892_8718452839049_1.png",
    "available": true,
    "promoUntil": null
  },
  {
    "id": "596216FLS",
    "title": "Jumbo Schoonmaak Ammonia 1L",
    "category": "Huishouden en dieren",
    "price": 1.39,
    "promoPrice": null,
    "pricePerUnit": "1.39 l",
    "image": "https://www.jumbo.com/dam-images/fit-in/360x360/Products/262853FLS1d16de63e-cf50-4c26-870d-6a0fb9ebb4dd-1706875379092.png",
    "available": true,
    "promoUntil": null
  },
  {
    "id": "124360DS",
    "title": "Old Amsterdam Crème 125 g",
    "category": "Vleeswaren, kaas en tapas",
    "price": 2.89,
    "promoPrice": null,
    "pricePerUnit": "23.12 kg",
    "image": "https://www.jumbo.com/dam-images/fit-in/360x360/Products/20092025_1758333321476_1758333327058_124360_DS_08710243962400_A1N1.png",
    "available": true,
    "promoUntil": null
  },
  {
    "id": "137360ZK",
    "title": "Aviko Gekruide Aardappel Chili Partjes",
    "category": "Diepvries",
    "price": 3.25,
    "promoPrice": null,
    "pricePerUnit": "7.22 kg",
    "image": "https://www.jumbo.com/dam-images/fit-in/360x360/Products/15102024_1728999188697_1728999201908_8710449914166_1.png",
    "available": true,
    "promoUntil": null
  },
  {
    "id": "608479STK",
    "title": "Jumbo Focaccia Knoflookboter & Mozzarella 2 Stuks 240 g",
    "category": "Brood en gebak",
    "price": 2.99,
    "promoPrice": null,
    "pricePerUnit": "12.46 kg",
    "image": "https://www.jumbo.com/dam-images/fit-in/360x360/Products/12122024_1734014581189_1734014588817_8718452612536_1.png",
    "available": true,
    "promoUntil": null
  },
  {
    "id": "469093BLK",
    "title": "Jumbo Strong Mint Suikervrij 2 x 50 Stuks",
    "category": "Koek, snoep, chocolade en chips",
    "price": 2.49,
    "promoPrice": null,
    "pricePerUnit": "2.49 pieces",
    "image": "https://www.jumbo.com/dam-images/fit-in/360x360/Products/28112024_1732764075683_1732764079295_469093_BLK_08718452554386_C1N1.png",
    "available": true,
    "promoUntil": null
  },
  {
    "id": "623307DS",
    "title": "Jumbo Chocs Mini Wit 8 Stuks",
    "category": "Diepvries",
    "price": 2.35,
    "promoPrice": null,
    "pricePerUnit": "5.88 l",
    "image": "https://www.jumbo.com/dam-images/fit-in/360x360/Products/07062024_1717759995746_1717760008194_8718452806751_596.png",
    "available": true,
    "promoUntil": null
  },
  {
    "id": "450373ZK",
    "title": "Page Vochtig Toiletpapier Sensitive",
    "category": "Huishouden en dieren",
    "price": 2.19,
    "promoPrice": null,
    "pricePerUnit": "0.06 pieces",
    "image": "https://www.jumbo.com/dam-images/fit-in/360x360/Products/20092025_1758333807458_1758333812220_450373_ZK_05029053578811_C1N1.png",
    "available": true,
    "promoUntil": null
  },
  {
    "id": "692163STK",
    "title": "Sushi Begaru Chuka Wakame Japanese Stijl Zeewiersalade 100 g",
    "category": "Verse maaltijden en gemak",
    "price": 3.29,
    "promoPrice": null,
    "pricePerUnit": "32.9 kg",
    "image": "https://www.jumbo.com/dam-images/fit-in/360x360/Products/02072025_1751470405886_1751470420292_8719874590037_1.png",
    "available": true,
    "promoUntil": null
  },
  {
    "id": "157046STK",
    "title": "Mora Oven & Airfryer Rundvlees Bitterballen 300 g",
    "category": "Diepvries",
    "price": 4.59,
    "promoPrice": null,
    "pricePerUnit": "15.3 kg",
    "image": "https://www.jumbo.com/dam-images/fit-in/360x360/Products/30032025_1743298945981_1743298958523_157046_STK_08710861995217_H1N1.png",
    "available": true,
    "promoUntil": null
  },
  {
    "id": "270680STK",
    "title": "Kleenex Mindfulness Collection Daydream 48 Stuks",
    "category": "Drogisterij en baby",
    "price": 1.89,
    "promoPrice": null,
    "pricePerUnit": "0.04 pieces",
    "image": "https://www.jumbo.com/dam-images/fit-in/360x360/Products/20122024_1734669483115_1734669488285_270680_STK_05029053038759_C1N1.png",
    "available": true,
    "promoUntil": null
  },
  {
    "id": "278405FLS",
    "title": "Montaignan - Grenache - Rosé – 750ML",
    "category": "Bier en wijn",
    "price": 5.99,
    "promoPrice": null,
    "pricePerUnit": "7.99 l",
    "image": "https://www.jumbo.com/dam-images/fit-in/360x360/Products/29092023_1695995554605_1695995556557_3700619342559_1.png",
    "available": true,
    "promoUntil": null
  },
  {
    "id": "429234FLS",
    "title": "7UP Refreshing Lemon & Lime Taste 1 L",
    "category": "Frisdrank en sappen",
    "price": 2.19,
    "promoPrice": null,
    "pricePerUnit": "2.19 l",
    "image": "https://www.jumbo.com/dam-images/fit-in/360x360/Products/25032024_1711381635529_1711381641394_8715600245042_596.png",
    "available": true,
    "promoUntil": null
  },
  {
    "id": "692191STK",
    "title": "Sushi Begaru Sushi Mix Flavors 320 g",
    "category": "Verse maaltijden en gemak",
    "price": 6.99,
    "promoPrice": null,
    "pricePerUnit": "21.84 kg",
    "image": "https://www.jumbo.com/dam-images/fit-in/360x360/Products/03012024_1704290946903_1704290958031_8715153010258_1.png",
    "available": true,
    "promoUntil": null
  },
  {
    "id": "691848DS",
    "title": "Jumbo Eco Vaatwastabletten All in One 30 Stuks",
    "category": "Huishouden en dieren",
    "price": 3.49,
    "promoPrice": null,
    "pricePerUnit": "0.12 pieces",
    "image": "https://www.jumbo.com/dam-images/fit-in/360x360/Products/02052025_1746196386744_1746196406909_8718452887118_596.png",
    "available": true,
    "promoUntil": null
  },
  {
    "id": "616756DS",
    "title": "Honig Basis voor Broccoli Ovenschotel 36 g",
    "category": "Wereldkeukens, kruiden, pasta en rijst",
    "price": 1.99,
    "promoPrice": null,
    "pricePerUnit": "55.28 kg",
    "image": "https://www.jumbo.com/dam-images/fit-in/360x360/Products/20122024_1734662432895_1734662443364_616756_DS_08715700126289_H1N1.png",
    "available": true,
    "promoUntil": null
  },
  {
    "id": "608732STK",
    "title": "Jumbo Boerenleverworst 250 g",
    "category": "Vleeswaren, kaas en tapas",
    "price": 1.97,
    "promoPrice": null,
    "pricePerUnit": "7.88 kg",
    "image": "https://www.jumbo.com/dam-images/fit-in/360x360/Products/12122024_1734014526321_1734014529566_8718452183623_1.png",
    "available": true,
    "promoUntil": null
  },
  {
    "id": "416603ZK",
    "title": "Kwekkeboom Oven & Airfryer Rundvlees Bitterballen 300 g",
    "category": "Diepvries",
    "price": 4.99,
    "promoPrice": null,
    "pricePerUnit": "16.63 kg",
    "image": "https://www.jumbo.com/dam-images/fit-in/360x360/Products/31052024_1717151658081_1717151663321_8712512390013_1.png",
    "available": true,
    "promoUntil": null
  },
  {
    "id": "606557ZK",
    "title": "Autodrop Super Zachte Mini Cadillacs Zak 200g",
    "category": "Koek, snoep, chocolade en chips",
    "price": 3.32,
    "promoPrice": null,
    "pricePerUnit": "16.6 kg",
    "image": "https://www.jumbo.com/dam-images/fit-in/360x360/Products/21122023_1703143591019_1703143605116_606557_ZK_08710452402339_C1N1.png",
    "available": true,
    "promoUntil": null
  },
  {
    "id": "542824PAK",
    "title": "Whiskas Kattenvoer Junior - Classic selectie in saus - maaltijdzakjes 12x85g",
    "category": "Huishouden en dieren",
    "price": 5.72,
    "promoPrice": null,
    "pricePerUnit": "0.48 pieces",
    "image": "https://www.jumbo.com/dam-images/fit-in/360x360/Products/08082024_1723120458663_1723120474554_4008429155932_596.png",
    "available": true,
    "promoUntil": null
  },
  {
    "id": "647578FLS",
    "title": "Destop Turbo Gel 500 ML",
    "category": "Huishouden en dieren",
    "price": 4.29,
    "promoPrice": null,
    "pricePerUnit": "8.58 l",
    "image": "https://www.jumbo.com/dam-images/fit-in/360x360/Products/21082024_1724204169167_1724204175077_405279_FLS_05410036500453_C1N1.png",
    "available": true,
    "promoUntil": null
  },
  {
    "id": "153866PAK",
    "title": "Jumbo Honden Snack met Rund Strips 200 g",
    "category": "Huishouden en dieren",
    "price": 2.29,
    "promoPrice": null,
    "pricePerUnit": "11.45 kg",
    "image": "https://www.jumbo.com/dam-images/fit-in/360x360/Products/26042024_1714127650043_1714127659644_8718452549320_1.png",
    "available": true,
    "promoUntil": null
  },
  {
    "id": "200855FLS",
    "title": "Jumbo Sensitive 2x Geconcentreerd Vloeibaar Wasmiddel - 28 wasbeurten",
    "category": "Huishouden en dieren",
    "price": 4.19,
    "promoPrice": null,
    "pricePerUnit": "0.15 wb",
    "image": "https://www.jumbo.com/dam-images/fit-in/360x360/Products/03012024_1704290946402_1704290951796_8718452281909_1.png",
    "available": true,
    "promoUntil": null
  },
  {
    "id": "589788FLS",
    "title": "Jumbo Ginger Ale 1 L",
    "category": "Frisdrank en sappen",
    "price": 1.19,
    "promoPrice": null,
    "pricePerUnit": "1.19 l",
    "image": "https://www.jumbo.com/dam-images/fit-in/360x360/Products/20062024_1718894209964_1718894213550_8718452771202_1.png",
    "available": true,
    "promoUntil": null
  },
  {
    "id": "670385PAK",
    "title": "DubbelFrisss 1Kcal Sinaasappel - Spritzzz 1,5L",
    "category": "Frisdrank en sappen",
    "price": 2.69,
    "promoPrice": null,
    "pricePerUnit": "1.79 l",
    "image": "https://www.jumbo.com/dam-images/fit-in/360x360/Products/26052025_1748277173568_1748277180761_8720157402640_1.png",
    "available": true,
    "promoUntil": null
  },
  {
    "id": "688649FLS",
    "title": "Robijn Wasverzachter Zwitsal 765ML",
    "category": "Huishouden en dieren",
    "price": 7.29,
    "promoPrice": null,
    "pricePerUnit": "0.19 wb",
    "image": "https://www.jumbo.com/dam-images/fit-in/360x360/Products/04092025_1756948518695_1756948544278_688649_FLS_08720181633164_H1N1.png",
    "available": true,
    "promoUntil": null
  },
  {
    "id": "605931DS",
    "title": "Danerolles Fresh Dough Cinnamon Swirls Crispy 6 Stuks 275 g",
    "category": "Brood en gebak",
    "price": 3.55,
    "promoPrice": null,
    "pricePerUnit": "12.91 kg",
    "image": "https://www.jumbo.com/dam-images/fit-in/360x360/Products/04072025_1751598039743_1751598051880_605931_DS_08719189108576_C1N1.png",
    "available": true,
    "promoUntil": null
  },
  {
    "id": "695614FLS",
    "title": "Robijn Quick Wash Morning Dew 22 Wasbeurten",
    "category": "Huishouden en dieren",
    "price": 18.99,
    "promoPrice": null,
    "pricePerUnit": "0.86 wb",
    "image": "https://www.jumbo.com/dam-images/fit-in/360x360/Products/28042025_1745820441380_1745820467345_695614_FLS_08720181715594_C1N1.png",
    "available": true,
    "promoUntil": null
  },
  {
    "id": "388775DS",
    "title": "Iglo Spinazie fijn gehakt 500 g",
    "category": "Diepvries",
    "price": 1.5,
    "promoPrice": null,
    "pricePerUnit": "3.0 kg",
    "image": "https://www.jumbo.com/dam-images/fit-in/360x360/Products/08717774269572C1N10b567eb3-5617-4d35-bc32-0af3533a8ae0-1749022361874.png",
    "available": true,
    "promoUntil": null
  },
  {
    "id": "74871RP",
    "title": "Tony's Chocolonely Melk Chocolade Reep Noga 180 g",
    "category": "Koek, snoep, chocolade en chips",
    "price": 4.25,
    "promoPrice": null,
    "pricePerUnit": "23.61 kg",
    "image": "https://www.jumbo.com/dam-images/fit-in/360x360/Products/05092025_1757037347548_1757037354357_74871_RP_08717677333936_C1N1.png",
    "available": true,
    "promoUntil": null
  },
  {
    "id": "674661BLK",
    "title": "Monster Energy Zero Sugar 500 ml",
    "category": "Frisdrank en sappen",
    "price": 2.29,
    "promoPrice": null,
    "pricePerUnit": "4.58 l",
    "image": "https://www.jumbo.com/dam-images/fit-in/360x360/Products/23012025_1737660808022_1737660811311_5061013940535_1.png",
    "available": true,
    "promoUntil": null
  },
  {
    "id": "702202FLS",
    "title": "O2 Life Passion Fruit Blue 750 ml",
    "category": "Frisdrank en sappen",
    "price": 1.85,
    "promoPrice": null,
    "pricePerUnit": "2.47 l",
    "image": "https://www.jumbo.com/dam-images/fit-in/360x360/Products/28072025_1753706037285_1753706045452_8718104461154_1.png",
    "available": true,
    "promoUntil": null
  },
  {
    "id": "558541ZK",
    "title": "Lay's Max Ribbel Chips Roasted Onion & Sour Cream 185 gr",
    "category": "Koek, snoep, chocolade en chips",
    "price": 2.39,
    "promoPrice": null,
    "pricePerUnit": "12.92 kg",
    "image": "https://www.jumbo.com/dam-images/fit-in/360x360/Products/24092025_1758679449787_1758679462912_558541_ZK_08710398527370_C1N1.png",
    "available": true,
    "promoUntil": null
  },
  {
    "id": "498583ZK",
    "title": "Katja Biggetjes 255 g",
    "category": "Koek, snoep, chocolade en chips",
    "price": 2.43,
    "promoPrice": null,
    "pricePerUnit": "9.53 kg",
    "image": "https://www.jumbo.com/dam-images/fit-in/360x360/Products/30042024_1714440707554_1714440714884_498583_ZK_08716100216471_C1N1.png",
    "available": true,
    "promoUntil": null
  },
  {
    "id": "709223DS",
    "title": "K2r Colour Catcher 22 Stuks",
    "category": "Huishouden en dieren",
    "price": 4.29,
    "promoPrice": null,
    "pricePerUnit": "0.2 wb",
    "image": "https://www.jumbo.com/dam-images/fit-in/360x360/Products/22052025_1747897782830_1747897789540_700296_DS_05410091776114_C1N1_.png",
    "available": true,
    "promoUntil": null
  },
  {
    "id": "423906ZK",
    "title": "Jumbo Knapperige Hoola's Ui & Kruiden 125 g",
    "category": "Koek, snoep, chocolade en chips",
    "price": 0.99,
    "promoPrice": null,
    "pricePerUnit": "7.92 kg",
    "image": "https://www.jumbo.com/dam-images/fit-in/360x360/Products/423906_8718452540969_1_T1_423906ZK1691171201352.png",
    "available": true,
    "promoUntil": null
  },
  {
    "id": "174141ZK",
    "title": "Jumbo Knapperig Konijnenvoer 1KG",
    "category": "Huishouden en dieren",
    "price": 2.99,
    "promoPrice": null,
    "pricePerUnit": "2.99 kg",
    "image": "https://www.jumbo.com/dam-images/fit-in/360x360/Products/20032025_1742484745592_1742484752600_8718452749355_1.png",
    "available": true,
    "promoUntil": null
  },
  {
    "id": "558413ZK",
    "title": "Lay's Ringlings Onion & Fine Herbs Chips 125 gr",
    "category": "Koek, snoep, chocolade en chips",
    "price": 2.49,
    "promoPrice": null,
    "pricePerUnit": "19.92 kg",
    "image": "https://www.jumbo.com/dam-images/fit-in/360x360/Products/03062025_1748964788962_1748964794188_8710398527325_1.png",
    "available": true,
    "promoUntil": null
  },
  {
    "id": "517017ZK",
    "title": "Jumbo Blueberry Muffins 180 g",
    "category": "Koek, snoep, chocolade en chips",
    "price": 1.99,
    "promoPrice": null,
    "pricePerUnit": "11.06 kg",
    "image": "https://www.jumbo.com/dam-images/fit-in/360x360/Products/10082023_1691677688350_1691677699368_8718452665129_1.png",
    "available": true,
    "promoUntil": null
  },
  {
    "id": "670181STK",
    "title": "Heineken Premium Pilsener Bier Tapvat 5L ",
    "category": "Bier en wijn",
    "price": 19.49,
    "promoPrice": null,
    "pricePerUnit": "3.9 l",
    "image": "https://www.jumbo.com/dam-images/fit-in/360x360/Products/26052025_1748248386759_1748248410510_8712000025649_596.png",
    "available": true,
    "promoUntil": null
  },
  {
    "id": "632413STK",
    "title": "Jumbo Pecorino Romano 125 g",
    "category": "Vleeswaren, kaas en tapas",
    "price": 3.75,
    "promoPrice": null,
    "pricePerUnit": "30.0 kg",
    "image": "https://www.jumbo.com/dam-images/fit-in/360x360/Products/29112024_1732876415252_1732876419526_8718452839032_1.png",
    "available": true,
    "promoUntil": null
  },
  {
    "id": "432797FLS",
    "title": "RAAK Gazeuse Frambozen Zero Sugar 0,75L",
    "category": "Frisdrank en sappen",
    "price": 0.79,
    "promoPrice": null,
    "pricePerUnit": "1.05 l",
    "image": "https://www.jumbo.com/dam-images/fit-in/360x360/Products/31032024_1711847780376_1711847784614_432797_FLS_08722200963283_C1N1.png",
    "available": true,
    "promoUntil": null
  },
  {
    "id": "682510PAK",
    "title": "Always Ultra  Maandverbanden Long Plus (maat 3)",
    "category": "Drogisterij en baby",
    "price": 2.89,
    "promoPrice": null,
    "pricePerUnit": "0.32 pieces",
    "image": "https://www.jumbo.com/dam-images/fit-in/360x360/Products/05092025_1757037726831_1757037728209_682510_PAK_08006540584200_C1N1.png",
    "available": true,
    "promoUntil": null
  },
  {
    "id": "411396ZK",
    "title": "MAGGI Noodles Sweet Chili 185g",
    "category": "Wereldkeukens, kruiden, pasta en rijst",
    "price": 2.89,
    "promoPrice": null,
    "pricePerUnit": "15.62 kg",
    "image": "https://www.jumbo.com/dam-images/fit-in/360x360/Products/24092025_1758678460413_1758678474290_411396_ZK_07613287067449_H1N1_s01.png",
    "available": true,
    "promoUntil": null
  },
  {
    "id": "80717ZK",
    "title": "Milka Choco Wafer Koekjes met Witte Chocolade 6 Stuks 180g",
    "category": "Koek, snoep, chocolade en chips",
    "price": 2.96,
    "promoPrice": null,
    "pricePerUnit": "16.44 kg",
    "image": "https://www.jumbo.com/dam-images/fit-in/360x360/Products/05082025_1754408012019_1754408017772_7622300344757_596.png",
    "available": true,
    "promoUntil": null
  },
  {
    "id": "618969FLS",
    "title": "Jumbo Vers Sap Sinaasappel & Kiwi 1 L",
    "category": "Aardappelen, groente en fruit",
    "price": 4.19,
    "promoPrice": null,
    "pricePerUnit": "4.19 l",
    "image": "https://www.jumbo.com/dam-images/fit-in/360x360/Products/04112024_1730752387666_1730752391911_8718452863501_1.png",
    "available": true,
    "promoUntil": null
  },
  {
    "id": "587464ZK",
    "title": "Grand'Italia Fusilli half volkoren 500 g",
    "category": "Wereldkeukens, kruiden, pasta en rijst",
    "price": 1.97,
    "promoPrice": null,
    "pricePerUnit": "3.94 kg",
    "image": "https://www.jumbo.com/dam-images/fit-in/360x360/Products/19042025_1745027236949_1745027240458_587464_ZK_08000050028353_H1N1.png",
    "available": true,
    "promoUntil": null
  },
  {
    "id": "184139ZK",
    "title": "Jumbo Kruidnoten 500 g",
    "category": "Koek, snoep, chocolade en chips",
    "price": 1.39,
    "promoPrice": null,
    "pricePerUnit": "2.78 kg",
    "image": "https://www.jumbo.com/dam-images/fit-in/360x360/Products/09082023_1691587038542_1691587048001_8718452310777_1.png",
    "available": true,
    "promoUntil": null
  },
  {
    "id": "648738CUP",
    "title": "Jumbo Ei Salade met Lente-Ui 150 g",
    "category": "Vleeswaren, kaas en tapas",
    "price": 2.35,
    "promoPrice": null,
    "pricePerUnit": "15.67 kg",
    "image": "https://www.jumbo.com/dam-images/fit-in/360x360/Products/20082025_1755696813775_1755696821096_8718452844500_1.png",
    "available": true,
    "promoUntil": null
  },
  {
    "id": "674662BLK",
    "title": "Monster Energy Mango Loco 500 ml",
    "category": "Frisdrank en sappen",
    "price": 2.29,
    "promoPrice": null,
    "pricePerUnit": "4.58 l",
    "image": "https://www.jumbo.com/dam-images/fit-in/360x360/Products/23012025_1737660807961_1737660813247_5060947543171_1.png",
    "available": true,
    "promoUntil": null
  },
  {
    "id": "429692STK",
    "title": "Jumbo Biologisch Groente Spitskool",
    "category": "Aardappelen, groente en fruit",
    "price": 2.19,
    "promoPrice": null,
    "pricePerUnit": "2.19 pieces",
    "image": "https://www.jumbo.com/dam-images/fit-in/360x360/Products/09082023_1691589638009_1691589678648_8718452659623_1.png",
    "available": true,
    "promoUntil": null
  },
  {
    "id": "646195ZK",
    "title": "Jumbo's Taco Kruidenmix 15 g",
    "category": "Wereldkeukens, kruiden, pasta en rijst",
    "price": 0.68,
    "promoPrice": null,
    "pricePerUnit": "45.33 kg",
    "image": "https://www.jumbo.com/dam-images/fit-in/360x360/Products/26092024_1727361164341_1727361169905_8718452861118_1.png",
    "available": true,
    "promoUntil": null
  },
  {
    "id": "218821STK",
    "title": "Jumbo Honden Snackstrips Eend Reepjes 90 g",
    "category": "Huishouden en dieren",
    "price": 3.39,
    "promoPrice": null,
    "pricePerUnit": "37.67 kg",
    "image": "https://www.jumbo.com/dam-images/fit-in/360x360/Products/23052025_1747985585348_1747985592373_8718452584024_1.png",
    "available": true,
    "promoUntil": null
  },
  {
    "id": "359828STK",
    "title": "Galbani Mozzarella di Latte di Bufala Maxi 200 g ",
    "category": "Vleeswaren, kaas en tapas",
    "price": 4.69,
    "promoPrice": null,
    "pricePerUnit": "23.45 kg",
    "image": "https://www.jumbo.com/dam-images/fit-in/360x360/Products/14022024_1707873373566_1707873383669_8000430138870_1.png",
    "available": true,
    "promoUntil": null
  },
  {
    "id": "613299DS",
    "title": "Ola IJs Cornetto Aardbei 6 stuks 6 x 90ml",
    "category": "Diepvries",
    "price": 4.25,
    "promoPrice": null,
    "pricePerUnit": "7.87 l",
    "image": "https://www.jumbo.com/dam-images/fit-in/360x360/Products/15042025_1744678900129_1744678965422_613299_DS_08711327617810_H1N1.png",
    "available": true,
    "promoUntil": null
  },
  {
    "id": "560280POT",
    "title": "Jumbo Chilivlokken 26 g",
    "category": "Wereldkeukens, kruiden, pasta en rijst",
    "price": 2.85,
    "promoPrice": null,
    "pricePerUnit": "109.62 kg",
    "image": "https://www.jumbo.com/dam-images/fit-in/360x360/Products/20112023_1700501646634_1700501655957_8718452740741_1.png",
    "available": true,
    "promoUntil": null
  },
  {
    "id": "391397DS",
    "title": "Van Dobben Rundvlees Bitterballen 16 x 25 g",
    "category": "Diepvries",
    "price": 5.29,
    "promoPrice": null,
    "pricePerUnit": "13.23 kg",
    "image": "https://www.jumbo.com/dam-images/fit-in/360x360/Products/10082023_1691677687153_1691677693111_8710861982514_1.png",
    "available": true,
    "promoUntil": null
  },
  {
    "id": "621479FLS",
    "title": "Sun Spoelglansmiddel Dry & Shine 500 ml",
    "category": "Huishouden en dieren",
    "price": 5.49,
    "promoPrice": null,
    "pricePerUnit": "10.98 l",
    "image": "https://www.jumbo.com/dam-images/fit-in/360x360/Products/20082025_1755658745855_1755658768835_621479_FLS_08720181491818_H1N1.png",
    "available": true,
    "promoUntil": null
  },
  {
    "id": "182462FLS",
    "title": "Sabor Dulce Piña Colada 0,7 L",
    "category": "Bier en wijn",
    "price": 5.24,
    "promoPrice": null,
    "pricePerUnit": "7.49 l",
    "image": "https://www.jumbo.com/dam-images/fit-in/360x360/Products/01102024_1727740818631_1727740822130_5414145038395_1.png",
    "available": true,
    "promoUntil": null
  },
  {
    "id": "612648ZK",
    "title": "Doritos Flamin Hot Tortilla Chips 160 gr",
    "category": "Koek, snoep, chocolade en chips",
    "price": 2.49,
    "promoPrice": null,
    "pricePerUnit": "15.56 kg",
    "image": "https://www.jumbo.com/dam-images/fit-in/360x360/Products/25062025_1750865586657_1750865590778_8710398530011_1.png",
    "available": true,
    "promoUntil": null
  },
  {
    "id": "167955DS",
    "title": "Iglo Vissticks Omega 3 10 Stuks 300 g",
    "category": "Diepvries",
    "price": 4.0,
    "promoPrice": null,
    "pricePerUnit": "13.33 kg",
    "image": "https://www.jumbo.com/dam-images/fit-in/360x360/Products/11112023_1699673974670_1699673979256_167955_DS_08717774266366_C1N1.png",
    "available": true,
    "promoUntil": null
  },
  {
    "id": "656693KGR",
    "title": "Wapenaer Goudse Kaas Extra Belegen 35+ Plakken ca. 175 g",
    "category": "Vleeswaren, kaas en tapas",
    "price": 3.59,
    "promoPrice": null,
    "pricePerUnit": "20.49 kg",
    "image": "https://www.jumbo.com/dam-images/fit-in/360x360/Products/23122024_1734960857880_1734960863301_2336153000000_1.png",
    "available": true,
    "promoUntil": null
  },
  {
    "id": "456084PAK",
    "title": "Jumbo Geitenkaas 50+ Ongesneden Naturel 180 g",
    "category": "Vleeswaren, kaas en tapas",
    "price": 1.99,
    "promoPrice": null,
    "pricePerUnit": "11.06 kg",
    "image": "https://www.jumbo.com/dam-images/fit-in/360x360/Products/10082023_1691675907257_1691675910382_8718452575442_1.png",
    "available": true,
    "promoUntil": null
  },
  {
    "id": "411788STK",
    "title": "Jumbo Udon Noodles 300 g",
    "category": "Wereldkeukens, kruiden, pasta en rijst",
    "price": 1.79,
    "promoPrice": null,
    "pricePerUnit": "5.97 kg",
    "image": "https://www.jumbo.com/dam-images/fit-in/360x360/Products/09082023_1691588269484_1691588277415_8718452542390_1.png",
    "available": true,
    "promoUntil": null
  },
  {
    "id": "612439FLS",
    "title": "I Heart - Sparkling Brut - 750ML",
    "category": "Bier en wijn",
    "price": 4.99,
    "promoPrice": null,
    "pricePerUnit": "6.65 l",
    "image": "https://www.jumbo.com/dam-images/fit-in/360x360/Products/25062024_1719311655321_1719311657419_5060215335934_1.png",
    "available": true,
    "promoUntil": null
  },
  {
    "id": "192293STK",
    "title": "Milka Chocoladereep Daim 100 g",
    "category": "Koek, snoep, chocolade en chips",
    "price": 1.87,
    "promoPrice": null,
    "pricePerUnit": "18.7 kg",
    "image": "https://www.jumbo.com/dam-images/fit-in/360x360/Products/05082025_1754408013117_1754408022623_7622300370367_596.png",
    "available": true,
    "promoUntil": null
  },
  {
    "id": "356341ZK",
    "title": "Lay's Bugles Sweet Chilli Chips 125 gr",
    "category": "Koek, snoep, chocolade en chips",
    "price": 2.29,
    "promoPrice": null,
    "pricePerUnit": "18.32 kg",
    "image": "https://www.jumbo.com/dam-images/fit-in/360x360/Products/24092025_1758678692905_1758678704161_356341_ZK_08710398502711_C1N1.png",
    "available": true,
    "promoUntil": null
  },
  {
    "id": "461168FLS",
    "title": "Siva - Pinot Grigio - Spumante - 750ML",
    "category": "Bier en wijn",
    "price": 4.99,
    "promoPrice": null,
    "pricePerUnit": "6.65 l",
    "image": "https://www.jumbo.com/dam-images/fit-in/360x360/Products/10082023_1691675623525_1691675630531_8034115196091_1.png",
    "available": true,
    "promoUntil": null
  },
  {
    "id": "680213BLS",
    "title": "HEMA Whiteboard Marker 2 mm 4 Stuks",
    "category": "Non-food en servicebalie",
    "price": 3.79,
    "promoPrice": null,
    "pricePerUnit": "0.95 pieces",
    "image": "https://www.jumbo.com/dam-images/fit-in/360x360/Products/09082023_1691587396637_1691587403281_8713475004801_1.png",
    "available": true,
    "promoUntil": null
  },
  {
    "id": "633607ZK",
    "title": "Anta Verzorgende Keelpastilles Eucalyptus Menthol Suikervrij 120 g",
    "category": "Koek, snoep, chocolade en chips",
    "price": 2.47,
    "promoPrice": null,
    "pricePerUnit": "20.58 kg",
    "image": "https://www.jumbo.com/dam-images/fit-in/360x360/Products/26052025_1748222496250_1748222511981_633607_ZK_08721077490212_H1N1.png",
    "available": true,
    "promoUntil": null
  },
  {
    "id": "512898FLS",
    "title": "Villebois - Sauvignon Blanc - 0.0% Alcoholvrij - 750ML",
    "category": "Bier en wijn",
    "price": 7.49,
    "promoPrice": null,
    "pricePerUnit": "9.99 l",
    "image": "https://www.jumbo.com/dam-images/fit-in/360x360/Products/08042024_1712590511423_1712590517944_3760189780694_1.png",
    "available": true,
    "promoUntil": null
  },
  {
    "id": "656726CUP",
    "title": "Johma Coleslaw Rauwkostsalade 200g",
    "category": "Aardappelen, groente en fruit",
    "price": 1.79,
    "promoPrice": null,
    "pricePerUnit": "8.95 kg",
    "image": "https://www.jumbo.com/dam-images/fit-in/360x360/Products/26022025_1740546641339_1740546662736_656726_CUP_08710506090628_C1N1.png",
    "available": true,
    "promoUntil": null
  },
  {
    "id": "534850BLK",
    "title": "Bacardi - Rum en Cola - 250ml",
    "category": "Bier en wijn",
    "price": 2.49,
    "promoPrice": null,
    "pricePerUnit": "9.96 l",
    "image": "https://www.jumbo.com/dam-images/fit-in/360x360/Products/18042025_1744944883346_1744944886251_534850_BLK_05010677524698_C1N1.png",
    "available": true,
    "promoUntil": null
  },
  {
    "id": "273285STK",
    "title": "Jumbo Hele Sperziebonen 450 g",
    "category": "Diepvries",
    "price": 1.13,
    "promoPrice": null,
    "pricePerUnit": "2.51 kg",
    "image": "https://www.jumbo.com/dam-images/fit-in/360x360/Products/14022024_1707872788857_1707872792391_8718452722556_1.png",
    "available": true,
    "promoUntil": null
  },
  {
    "id": "690382PAK",
    "title": "Verkade Reep Extra Puur 90 g",
    "category": "Koek, snoep, chocolade en chips",
    "price": 2.33,
    "promoPrice": null,
    "pricePerUnit": "25.89 kg",
    "image": "https://www.jumbo.com/dam-images/fit-in/360x360/Products/07052025_1746581168864_1746581174075_690382_PAK_08710412044425_H1N1.png",
    "available": true,
    "promoUntil": null
  },
  {
    "id": "288065STK",
    "title": "Jumbo Biologisch Quinoa 275 g",
    "category": "Wereldkeukens, kruiden, pasta en rijst",
    "price": 1.99,
    "promoPrice": null,
    "pricePerUnit": "7.24 kg",
    "image": "https://www.jumbo.com/dam-images/fit-in/360x360/Products/13112023_1699893187741_1699893199842_8718452565276_1.png",
    "available": true,
    "promoUntil": null
  },
  {
    "id": "425670PAK",
    "title": "Lipton Ice Tea Green Pack 6 x 200ml",
    "category": "Frisdrank en sappen",
    "price": 3.99,
    "promoPrice": null,
    "pricePerUnit": "3.32 l",
    "image": "https://www.jumbo.com/dam-images/fit-in/360x360/Products/23082025_1755912648260_1755912675480_425670_PAK_08711327497221_H1N1.png",
    "available": true,
    "promoUntil": null
  },
  {
    "id": "218879STK",
    "title": "Bolletje Pepsels Kaas 115 g",
    "category": "Koek, snoep, chocolade en chips",
    "price": 1.31,
    "promoPrice": null,
    "pricePerUnit": "11.39 kg",
    "image": "https://www.jumbo.com/dam-images/fit-in/360x360/Products/14022024_1707872838426_1707872853719_8710482533119_1.png",
    "available": true,
    "promoUntil": null
  },
  {
    "id": "677829BLK",
    "title": "Heinz Tomato Puree Blik 70 g",
    "category": "Wereldkeukens, kruiden, pasta en rijst",
    "price": 0.65,
    "promoPrice": null,
    "pricePerUnit": "9.29 kg",
    "image": "https://www.jumbo.com/dam-images/fit-in/360x360/Products/05022025_1738750013995_1738750018418_677829_BLK_08715700127583_C1N1.png",
    "available": true,
    "promoUntil": null
  },
  {
    "id": "645773CUP",
    "title": "Jumbo's Kruidige Pompoen Wortel Groente Spread & Dip 150 g",
    "category": "Vleeswaren, kaas en tapas",
    "price": 1.99,
    "promoPrice": null,
    "pricePerUnit": "13.27 kg",
    "image": "https://www.jumbo.com/dam-images/fit-in/360x360/Products/07072025_1751887997295_1751888002674_8718452877805_1.png",
    "available": true,
    "promoUntil": null
  },
  {
    "id": "422549ZK",
    "title": "Lassie Poke bowl kant & klaar rijst 250 g",
    "category": "Wereldkeukens, kruiden, pasta en rijst",
    "price": 2.76,
    "promoPrice": null,
    "pricePerUnit": "11.04 kg",
    "image": "https://www.jumbo.com/dam-images/fit-in/360x360/Products/22022025_1740189846810_1740189852382_422549_ZK_08718781601607_H1N1.png",
    "available": true,
    "promoUntil": null
  },
  {
    "id": "595286DS",
    "title": "Jumbo Cotton Soft Wattenstaafjes 300 Stuks",
    "category": "Drogisterij en baby",
    "price": 0.7,
    "promoPrice": null,
    "pricePerUnit": "0.0 pieces",
    "image": "https://www.jumbo.com/dam-images/fit-in/360x360/Products/06022024_1707237252445_1707237261500_8718452749522_1.png",
    "available": true,
    "promoUntil": null
  },
  {
    "id": "680076FLS",
    "title": "Head & Shoulders Citrus Fresh Anti-Roos Shampoo Voor Vet Haar 300ml. Dagelijks Gebruik",
    "category": "Drogisterij en baby",
    "price": 7.69,
    "promoPrice": null,
    "pricePerUnit": "25.63 l",
    "image": "https://www.jumbo.com/dam-images/fit-in/360x360/Products/24092025_1758672137827_1758672145189_8700216318426_1.png",
    "available": true,
    "promoUntil": null
  },
  {
    "id": "298896FLS",
    "title": "Château Saint-Pierre - Lussac Saint-Emilion - Merlot - 750ML",
    "category": "Bier en wijn",
    "price": 9.49,
    "promoPrice": null,
    "pricePerUnit": "12.65 l",
    "image": "https://www.jumbo.com/dam-images/fit-in/360x360/Products/09082023_1691587625911_1691587629351_3251091704743_1.png",
    "available": true,
    "promoUntil": null
  },
  {
    "id": "517361PAK",
    "title": "Tony's Chocolonely Ben & Jerry's Chocolate Love A-Fair Donkere Melk Brownie 180 g",
    "category": "Koek, snoep, chocolade en chips",
    "price": 4.54,
    "promoPrice": null,
    "pricePerUnit": "25.22 kg",
    "image": "https://www.jumbo.com/dam-images/fit-in/360x360/Products/18102024_1729220000276_1729220004443_517361_PAK_08719956498091_C1N1.png",
    "available": true,
    "promoUntil": null
  },
  {
    "id": "623444FLS",
    "title": "Smaakt Bio Appel-Mangosap 750 ml",
    "category": "Frisdrank en sappen",
    "price": 3.89,
    "promoPrice": null,
    "pricePerUnit": "5.19 l",
    "image": "https://www.jumbo.com/dam-images/fit-in/360x360/Products/08092025_1757338394986_1757338399581_8718546994074_1.png",
    "available": true,
    "promoUntil": null
  },
  {
    "id": "571476BAK",
    "title": "Jumbo Mini Champignons 175 g",
    "category": "Aardappelen, groente en fruit",
    "price": 2.29,
    "promoPrice": null,
    "pricePerUnit": "13.09 kg",
    "image": "https://www.jumbo.com/dam-images/fit-in/360x360/Products/12072024_1720773317280_1720773323713_8718452833252_1.png",
    "available": true,
    "promoUntil": null
  },
  {
    "id": "539113BLK",
    "title": "Red Bull Energy Drink Zero 250ml",
    "category": "Frisdrank en sappen",
    "price": 1.69,
    "promoPrice": null,
    "pricePerUnit": "6.76 l",
    "image": "https://www.jumbo.com/dam-images/fit-in/360x360/Products/17072025_1752717685554_1752717691370_539113_BLK_00000090453526_C1N1.png",
    "available": true,
    "promoUntil": null
  },
  {
    "id": "572643ZK",
    "title": "Jumbo Amandelen Gezouten 150 g",
    "category": "Koek, snoep, chocolade en chips",
    "price": 1.79,
    "promoPrice": null,
    "pricePerUnit": "11.93 kg",
    "image": "https://www.jumbo.com/dam-images/fit-in/360x360/Products/14022024_1707872954026_1707872959546_8718452724796_1.png",
    "available": true,
    "promoUntil": null
  },
  {
    "id": "621522ZK",
    "title": "Jumbo Biologisch Tuinerwten 450g",
    "category": "Diepvries",
    "price": 1.49,
    "promoPrice": null,
    "pricePerUnit": "3.31 kg",
    "image": "https://www.jumbo.com/dam-images/fit-in/360x360/Products/23052024_1716456914058_1716456923273_8718452810048_1.png",
    "available": true,
    "promoUntil": null
  },
  {
    "id": "427705DS",
    "title": "Jumbo Biologisch Chocolade Extra Puur 85% 100 g",
    "category": "Koek, snoep, chocolade en chips",
    "price": 2.25,
    "promoPrice": null,
    "pricePerUnit": "22.5 kg",
    "image": "https://www.jumbo.com/dam-images/fit-in/360x360/Products/26052025_1748244747719_1748244761694_8718452877553_596.png",
    "available": true,
    "promoUntil": null
  },
  {
    "id": "554589FLS",
    "title": "Bar-le-Duc Natuurlijk Mineraalwater Bruisend 1 L",
    "category": "Frisdrank en sappen",
    "price": 0.71,
    "promoPrice": null,
    "pricePerUnit": "0.71 l",
    "image": "https://www.jumbo.com/dam-images/fit-in/360x360/Products/26052025_1748224750212_1748224753306_554589_FLS_08722200964969_H1N1.png",
    "available": true,
    "promoUntil": null
  },
  {
    "id": "611722TRA",
    "title": "Jumbo Aardappelgratin Paprika 450 g",
    "category": "Aardappelen, groente en fruit",
    "price": 2.89,
    "promoPrice": null,
    "pricePerUnit": "6.42 kg",
    "image": "https://www.jumbo.com/dam-images/fit-in/360x360/Products/13092024_1726245199327_1726245209307_8718452752157_1.png",
    "available": true,
    "promoUntil": null
  },
  {
    "id": "546863DS",
    "title": "Gillette Sensor3 Comfort, Wegwerpscheermes X6",
    "category": "Drogisterij en baby",
    "price": 9.89,
    "promoPrice": null,
    "pricePerUnit": "1.65 pieces",
    "image": "https://www.jumbo.com/dam-images/fit-in/360x360/Products/27052025_1748331213463_1748331219356_8006540740637_1.png",
    "available": true,
    "promoUntil": null
  },
  {
    "id": "695880PAK",
    "title": "Jumbo Biologisch Maïskolven 2 Stuks",
    "category": "Aardappelen, groente en fruit",
    "price": 2.49,
    "promoPrice": null,
    "pricePerUnit": "1.25 pieces",
    "image": "https://www.jumbo.com/dam-images/fit-in/360x360/Products/22072025_1753191237159_1753191244021_8718452908509_1.png",
    "available": true,
    "promoUntil": null
  },
  {
    "id": "214890FLS",
    "title": "Villebois - Pouilly Fume - Sauvignon Blanc - 750 ML",
    "category": "Bier en wijn",
    "price": 19.99,
    "promoPrice": null,
    "pricePerUnit": "26.65 l",
    "image": "https://www.jumbo.com/dam-images/fit-in/360x360/Products/09082023_1691586713526_1691586717463_3760189780632_1.png",
    "available": true,
    "promoUntil": null
  },
  {
    "id": "576071ZK",
    "title": "Jumbo Borrelzoutjes BBQ Stijl Borrel Mix 200 g",
    "category": "Koek, snoep, chocolade en chips",
    "price": 3.09,
    "promoPrice": null,
    "pricePerUnit": "15.45 kg",
    "image": "https://www.jumbo.com/dam-images/fit-in/360x360/Products/14022024_1707873433821_1707873441714_8718452707621_1.png",
    "available": true,
    "promoUntil": null
  },
  {
    "id": "686523TRA",
    "title": "Muscle Meat High Protein Meals Kipfilet Chunks Gnocchi met Gegrilde Groenten 450 g",
    "category": "Diepvries",
    "price": 6.79,
    "promoPrice": null,
    "pricePerUnit": "15.09 kg",
    "image": "https://www.jumbo.com/dam-images/fit-in/360x360/Products/14032025_1741980788483_1741980795954_8720726497985_1.png",
    "available": true,
    "promoUntil": null
  },
  {
    "id": "456111DS",
    "title": "Jumbo Geitenkaas Schijfjes Naturel 125 g",
    "category": "Vleeswaren, kaas en tapas",
    "price": 1.55,
    "promoPrice": null,
    "pricePerUnit": "12.4 kg",
    "image": "https://www.jumbo.com/dam-images/fit-in/360x360/Products/09082023_1691588822468_1691588835445_8718452575404_1.png",
    "available": true,
    "promoUntil": null
  },
  {
    "id": "566081DS",
    "title": "Honig Basis voor Sperziebonen Ovenschotel 36 g",
    "category": "Wereldkeukens, kruiden, pasta en rijst",
    "price": 1.99,
    "promoPrice": null,
    "pricePerUnit": "55.28 kg",
    "image": "https://www.jumbo.com/dam-images/fit-in/360x360/Products/09052025_1746755093644_1746755103337_566081_DS_08714700170896_C1N1.png",
    "available": true,
    "promoUntil": null
  },
  {
    "id": "350248STK",
    "title": "Lonka Soft Nougat Pinda's & Pure Chocolade 220 g",
    "category": "Koek, snoep, chocolade en chips",
    "price": 2.96,
    "promoPrice": null,
    "pricePerUnit": "13.45 kg",
    "image": "https://www.jumbo.com/dam-images/fit-in/360x360/Products/06082025_1754444250925_1754444257429_350248_STK_08713800133756_C1N1.png",
    "available": true,
    "promoUntil": null
  },
  {
    "id": "139098FLS",
    "title": "Grand Sud - Merlot - 250ML",
    "category": "Bier en wijn",
    "price": 2.49,
    "promoPrice": null,
    "pricePerUnit": "9.96 l",
    "image": "https://www.jumbo.com/dam-images/fit-in/360x360/Products/10082023_1691674904446_1691674916738_3263286349226_1.png",
    "available": true,
    "promoUntil": null
  },
  {
    "id": "520059STK",
    "title": "Rosewood Chewy Sticks Kip 4 Stuks",
    "category": "Huishouden en dieren",
    "price": 3.28,
    "promoPrice": null,
    "pricePerUnit": "0.82 pieces",
    "image": "https://www.jumbo.com/dam-images/fit-in/360x360/Products/06062024_1717632137261_1717632142404_8712113454893_1.png",
    "available": true,
    "promoUntil": null
  },
  {
    "id": "619905ZK",
    "title": "Knorr Wraps Tomaten 6 stuks",
    "category": "Wereldkeukens, kruiden, pasta en rijst",
    "price": 2.0,
    "promoPrice": null,
    "pricePerUnit": "8.33 kg",
    "image": "https://www.jumbo.com/dam-images/fit-in/360x360/Products/03042025_1743643677948_1743643723370_619905_ZK_08720182761187_H1N1.png",
    "available": true,
    "promoUntil": null
  },
  {
    "id": "677504DS",
    "title": "Roter Paracetamol 500 mg Instant smelttablet bessensmaak, 20 stuks",
    "category": "Drogisterij en baby",
    "price": 6.99,
    "promoPrice": null,
    "pricePerUnit": "0.35 pieces",
    "image": "https://www.jumbo.com/dam-images/fit-in/360x360/Products/31052025_1748649712831_1748649720047_8713304103781_1.png",
    "available": true,
    "promoUntil": null
  },
  {
    "id": "619904ZK",
    "title": "Knorr Wraps Wortel 6 stuks",
    "category": "Wereldkeukens, kruiden, pasta en rijst",
    "price": 2.66,
    "promoPrice": null,
    "pricePerUnit": "11.08 kg",
    "image": "https://www.jumbo.com/dam-images/fit-in/360x360/Products/18042025_1744939975937_1744940006458_619904_ZK_08720182761019_H1N1.png",
    "available": true,
    "promoUntil": null
  },
  {
    "id": "594638SC",
    "title": "Vers Aan Tafel Babi Pangang met Rijstfantasie 500 g",
    "category": "Verse maaltijden en gemak",
    "price": 5.99,
    "promoPrice": null,
    "pricePerUnit": "11.98 kg",
    "image": "https://www.jumbo.com/dam-images/fit-in/360x360/Products/14022024_1707873858898_1707873870734_8717568249308_1.png",
    "available": true,
    "promoUntil": null
  },
  {
    "id": "543426BLK",
    "title": "Jumbo Cola Cherry Zero Sugar 330ML",
    "category": "Frisdrank en sappen",
    "price": 0.55,
    "promoPrice": null,
    "pricePerUnit": "1.67 l",
    "image": "https://www.jumbo.com/dam-images/fit-in/360x360/Products/02042025_1743611547117_1743611559662_8718452639526_596.png",
    "available": true,
    "promoUntil": null
  },
  {
    "id": "214033PAK",
    "title": "Rummo Volkoren Biologische Penne Rigate N°66 500 g",
    "category": "Wereldkeukens, kruiden, pasta en rijst",
    "price": 2.49,
    "promoPrice": null,
    "pricePerUnit": "4.98 kg",
    "image": "https://www.jumbo.com/dam-images/fit-in/360x360/Products/09082023_1691585789016_1691585802830_8008343700665_1.png",
    "available": true,
    "promoUntil": null
  },
  {
    "id": "63586PAK",
    "title": "Oreo Enrobed Koekjes met melkchocoladesmaak 246g",
    "category": "Koek, snoep, chocolade en chips",
    "price": 2.72,
    "promoPrice": null,
    "pricePerUnit": "11.06 kg",
    "image": "https://www.jumbo.com/dam-images/fit-in/360x360/Products/24092025_1758720817528_1758720825435_7622300489434_596.png",
    "available": true,
    "promoUntil": null
  },
  {
    "id": "206618STK",
    "title": "Jumbo Maandverband Ultra Normal+ met Vleugels 14 Stuks",
    "category": "Drogisterij en baby",
    "price": 0.88,
    "promoPrice": null,
    "pricePerUnit": "0.06 pieces",
    "image": "https://www.jumbo.com/dam-images/fit-in/360x360/Products/29092023_1695996140890_1695996149910_8718452693306_1.png",
    "available": true,
    "promoUntil": null
  },
  {
    "id": "202534STK",
    "title": "NIVEA Pearl &amp; Beauty Anti-Transpirant Spray - 150ml",
    "category": "Drogisterij en baby",
    "price": 5.69,
    "promoPrice": null,
    "pricePerUnit": "37.93 l",
    "image": "https://www.jumbo.com/dam-images/fit-in/360x360/Products/07082025_1754531093502_1754531101888_202534_STK_04005900457608_H1N1.png",
    "available": true,
    "promoUntil": null
  },
  {
    "id": "133468FLS",
    "title": "Roosvicee Original Aardbei Siroop, 500 ml",
    "category": "Frisdrank en sappen",
    "price": 2.93,
    "promoPrice": null,
    "pricePerUnit": "5.86 l",
    "image": "https://www.jumbo.com/dam-images/fit-in/360x360/Products/07082025_1754529554023_1754529557706_133468_FLS_08710395946501_C1N1.png",
    "available": true,
    "promoUntil": null
  },
  {
    "id": "610718DS",
    "title": "Naz Mazafati Dadels",
    "category": "Vleeswaren, kaas en tapas",
    "price": 5.49,
    "promoPrice": null,
    "pricePerUnit": "10.98 kg",
    "image": "https://www.jumbo.com/dam-images/fit-in/360x360/Products/06012025_1736152387510_1736152401255_8718531643581_1.png",
    "available": true,
    "promoUntil": null
  },
  {
    "id": "624005FLS",
    "title": "Sourcy Vitaminwater Witte Druif-Citroen Ginseng 500ML",
    "category": "Frisdrank en sappen",
    "price": 1.79,
    "promoPrice": null,
    "pricePerUnit": "3.58 l",
    "image": "https://www.jumbo.com/dam-images/fit-in/360x360/Products/12092024_1726103947463_1726103953429_624005_FLS_08715600249453_C1N1.png",
    "available": true,
    "promoUntil": null
  },
  {
    "id": "576889CUP",
    "title": "Jumbo Ongezouten Cashew Notenmix 140 g",
    "category": "Koek, snoep, chocolade en chips",
    "price": 3.49,
    "promoPrice": null,
    "pricePerUnit": "24.93 kg",
    "image": "https://www.jumbo.com/dam-images/fit-in/360x360/Products/14022024_1707873701284_1707873704784_8718452739745_1.png",
    "available": true,
    "promoUntil": null
  },
  {
    "id": "438259FLS",
    "title": "Mezzacorona - Pinot Grigio - 375ML",
    "category": "Bier en wijn",
    "price": 4.49,
    "promoPrice": null,
    "pricePerUnit": "11.97 l",
    "image": "https://www.jumbo.com/dam-images/fit-in/360x360/Products/17042025_1744882429953_1744882434479_8004305000828_1.png",
    "available": true,
    "promoUntil": null
  },
  {
    "id": "550218PAK",
    "title": "ROLO Melkchocolade karamel 4-pack",
    "category": "Koek, snoep, chocolade en chips",
    "price": 3.75,
    "promoPrice": null,
    "pricePerUnit": "22.59 kg",
    "image": "https://www.jumbo.com/dam-images/fit-in/360x360/Products/20012024_1705721582926_1705721588873_550218_PAK_07613036137850_C1N1_s01.png",
    "available": true,
    "promoUntil": null
  },
  {
    "id": "237968STK",
    "title": "Verstegen Zeezout met Molen 85 g",
    "category": "Wereldkeukens, kruiden, pasta en rijst",
    "price": 3.49,
    "promoPrice": null,
    "pricePerUnit": "41.06 kg",
    "image": "https://www.jumbo.com/dam-images/fit-in/360x360/Products/27092023_1695781039491_1695781041976_237968_STK_08712200937704_C1N1.png",
    "available": true,
    "promoUntil": null
  },
  {
    "id": "383968ZK",
    "title": "Jumbo Luierbroekjes Maat 5 12-17 kg Voordeelverpakking 38 Stuks",
    "category": "Drogisterij en baby",
    "price": 9.73,
    "promoPrice": null,
    "pricePerUnit": "0.26 pieces",
    "image": "https://www.jumbo.com/dam-images/fit-in/360x360/Products/29092023_1695995174095_1695995186363_8718452493883_1.png",
    "available": true,
    "promoUntil": null
  },
  {
    "id": "41806BAK",
    "title": "Jumbo Verse Roomkaas Ananas 125 g",
    "category": "Vleeswaren, kaas en tapas",
    "price": 2.15,
    "promoPrice": null,
    "pricePerUnit": "17.2 kg",
    "image": "https://www.jumbo.com/dam-images/fit-in/360x360/Products/09082023_1691587656960_1691587667475_8711715854438_1.png",
    "available": true,
    "promoUntil": null
  },
  {
    "id": "705923ZK",
    "title": "Queens Kabeljauwfilet met Huid 375g",
    "category": "Diepvries",
    "price": 6.99,
    "promoPrice": null,
    "pricePerUnit": "18.64 kg",
    "image": "https://www.jumbo.com/dam-images/fit-in/360x360/Products/20062025_1750407485351_1750407490643_705923_ZK_08710247090635_A1N1.png",
    "available": true,
    "promoUntil": null
  },
  {
    "id": "190222STK",
    "title": "Lassie Toverrijst Builtje 300 g",
    "category": "Wereldkeukens, kruiden, pasta en rijst",
    "price": 1.68,
    "promoPrice": null,
    "pricePerUnit": "5.6 kg",
    "image": "https://www.jumbo.com/dam-images/fit-in/360x360/Products/08052024_1715134567939_1715134570754_190222_STK_08718781600624_H1N1.png",
    "available": true,
    "promoUntil": null
  },
  {
    "id": "672360DS",
    "title": "Mora Oven & Airfryer Shoarma Frikandel 4 x 70g",
    "category": "Diepvries",
    "price": 2.79,
    "promoPrice": null,
    "pricePerUnit": "9.96 kg",
    "image": "https://www.jumbo.com/dam-images/fit-in/360x360/Products/20022025_1740019374549_1740019389146_672360_DS_08710861914799_C1N1.png",
    "available": true,
    "promoUntil": null
  },
  {
    "id": "195121RP",
    "title": "Jumbo Melkchocolade Tablet 200 g",
    "category": "Koek, snoep, chocolade en chips",
    "price": 2.33,
    "promoPrice": null,
    "pricePerUnit": "11.65 kg",
    "image": "https://www.jumbo.com/dam-images/fit-in/360x360/Products/22052025_1747917207217_1747917219939_8718452871582_596.png",
    "available": true,
    "promoUntil": null
  },
  {
    "id": "655047DS",
    "title": "Jumbo Wascapsules Kleur Fruity Berries 24 Wasbeurten",
    "category": "Huishouden en dieren",
    "price": 6.49,
    "promoPrice": null,
    "pricePerUnit": "0.27 pieces",
    "image": "https://www.jumbo.com/dam-images/fit-in/360x360/Products/01112024_1730464447270_1730464468903_8718452829842_596.png",
    "available": true,
    "promoUntil": null
  },
  {
    "id": "478492DS",
    "title": "Jumbo Melkchocolade Bonbons Creamy Hazelnoot 250 g",
    "category": "Koek, snoep, chocolade en chips",
    "price": 2.49,
    "promoPrice": null,
    "pricePerUnit": "9.96 kg",
    "image": "https://www.jumbo.com/dam-images/fit-in/360x360/Products/01112024_1730471707274_1730471720656_8718452591213_596.png",
    "available": true,
    "promoUntil": null
  },
  {
    "id": "546732PAK",
    "title": "McVitie's Crunchy Koek 255 g",
    "category": "Koek, snoep, chocolade en chips",
    "price": 2.06,
    "promoPrice": null,
    "pricePerUnit": "8.08 kg",
    "image": "https://www.jumbo.com/dam-images/fit-in/360x360/Products/12092023_1694483293983_1694483296288_546732_PAK_05000396054415_C1N1.png",
    "available": true,
    "promoUntil": null
  },
  {
    "id": "652011CUP",
    "title": "Jumbo Spread Smashed Avocado 110 g",
    "category": "Vleeswaren, kaas en tapas",
    "price": 2.29,
    "promoPrice": null,
    "pricePerUnit": "20.82 kg",
    "image": "https://www.jumbo.com/dam-images/fit-in/360x360/Products/26052025_1748284347654_1748284360188_8718452861903_1.png",
    "available": true,
    "promoUntil": null
  },
  {
    "id": "371887STK",
    "title": "Valdispert Nacht Extra Sterk tabletten voor de nachtrust, 40 stuks",
    "category": "Drogisterij en baby",
    "price": 20.99,
    "promoPrice": null,
    "pricePerUnit": "0.52 pieces",
    "image": "https://www.jumbo.com/dam-images/fit-in/360x360/Products/24092025_1758672135646_1758672144435_8711744051211_1.png",
    "available": true,
    "promoUntil": null
  },
  {
    "id": "715776PAK",
    "title": "Schweppes Alcoholvrije Drank Zero Mojito met Smaak van Limoen- en Munt 6 x 33 cl",
    "category": "Frisdrank en sappen",
    "price": 6.89,
    "promoPrice": null,
    "pricePerUnit": "3.48 l",
    "image": "https://www.jumbo.com/dam-images/fit-in/360x360/Products/16062025_1750070006424_1750070012938_5410221205453_1.png",
    "available": true,
    "promoUntil": null
  },
  {
    "id": "593486ZK",
    "title": "Jumbo Kat Fijne Stukjes in Saus Adult 12 x 85 g",
    "category": "Huishouden en dieren",
    "price": 4.69,
    "promoPrice": null,
    "pricePerUnit": "4.6 kg",
    "image": "https://www.jumbo.com/dam-images/fit-in/360x360/Products/26042024_1714145596262_1714145648925_8718452777457_596.png",
    "available": true,
    "promoUntil": null
  },
  {
    "id": "171342FLS",
    "title": "Jumbo Dessertsaus Chocolade Smaak 260 g",
    "category": "Diepvries",
    "price": 2.79,
    "promoPrice": null,
    "pricePerUnit": "10.73 kg",
    "image": "https://www.jumbo.com/dam-images/fit-in/360x360/Products/18062024_1718724829580_1718724833441_8718452794379_1.png",
    "available": true,
    "promoUntil": null
  },
  {
    "id": "622481FLS",
    "title": "Vanish Oxi Action Wasbooster Gel - Vlekverwijderaar voor Witte Was -750 ml",
    "category": "Huishouden en dieren",
    "price": 8.89,
    "promoPrice": null,
    "pricePerUnit": "11.85 l",
    "image": "https://www.jumbo.com/dam-images/fit-in/360x360/Products/23102024_1729653206481_1729653209144_622481_FLS_03665468700755_C1N1.png",
    "available": true,
    "promoUntil": null
  },
  {
    "id": "671306ROL",
    "title": "Jumbo Fruitbiscuits Naturel 6 x 3 Stuks",
    "category": "Koek, snoep, chocolade en chips",
    "price": 1.36,
    "promoPrice": null,
    "pricePerUnit": "5.19 kg",
    "image": "https://www.jumbo.com/dam-images/fit-in/360x360/Products/14022025_1739539724087_1739539740258_8718452861668_596.png",
    "available": true,
    "promoUntil": null
  },
  {
    "id": "580849FLS",
    "title": "Vida - Biologisch Cava Brut Rosé - 750ML",
    "category": "Bier en wijn",
    "price": 7.59,
    "promoPrice": null,
    "pricePerUnit": "10.12 l",
    "image": "https://www.jumbo.com/dam-images/fit-in/360x360/Products/01082024_1722522799558_1722522803535_8437023708576_1.png",
    "available": true,
    "promoUntil": null
  },
  {
    "id": "610600FLS",
    "title": "Lipton Ice Tea Green Strawberry 1,5 L",
    "category": "Frisdrank en sappen",
    "price": 3.69,
    "promoPrice": null,
    "pricePerUnit": "2.46 l",
    "image": "https://www.jumbo.com/dam-images/fit-in/360x360/Products/03042025_1743645315237_1743645350612_610600_FLS_08711327624511_H1N1.png",
    "available": true,
    "promoUntil": null
  },
  {
    "id": "649778FLS",
    "title": "Very Cautious - Rosé Alcoholvrij 0,0% - 750ML",
    "category": "Bier en wijn",
    "price": 5.87,
    "promoPrice": null,
    "pricePerUnit": "7.83 l",
    "image": "https://www.jumbo.com/dam-images/fit-in/360x360/Products/21112024_1732214222294_1732214226728_9300752281698_1.png",
    "available": true,
    "promoUntil": null
  },
  {
    "id": "683280FLS",
    "title": "Dove Men+Care 3-in-1 Douchegel Sandalwood + Vanilla 250 ml",
    "category": "Drogisterij en baby",
    "price": 5.35,
    "promoPrice": null,
    "pricePerUnit": "21.4 l",
    "image": "https://www.jumbo.com/dam-images/fit-in/360x360/Products/28022025_1740771188441_1740771194162_8720181573552_1.png",
    "available": true,
    "promoUntil": null
  },
  {
    "id": "628742ZK",
    "title": "Frolic Hondenbrokken Mini - Gevogelte, Worteltjes & Granen - Hondenvoer - 800g",
    "category": "Huishouden en dieren",
    "price": 4.35,
    "promoPrice": null,
    "pricePerUnit": "5.44 kg",
    "image": "https://www.jumbo.com/dam-images/fit-in/360x360/Products/08052024_1715196910761_1715196930323_5900951315374_596.png",
    "available": true,
    "promoUntil": null
  },
  {
    "id": "611502TRA",
    "title": "Jumbo's Verse Maaltijd Falafel Libanese Stijl 450 g",
    "category": "Verse maaltijden en gemak",
    "price": 5.99,
    "promoPrice": null,
    "pricePerUnit": "13.31 kg",
    "image": "https://www.jumbo.com/dam-images/fit-in/360x360/Products/16092024_1726444821998_1726444830057_8718452868230_1.png",
    "available": true,
    "promoUntil": null
  },
  {
    "id": "578304FLS",
    "title": "Montaignan - Sauvignon Blanc - 750ML",
    "category": "Bier en wijn",
    "price": 5.99,
    "promoPrice": null,
    "pricePerUnit": "7.99 l",
    "image": "https://www.jumbo.com/dam-images/fit-in/360x360/Products/07112023_1699353426240_1699353428796_3700619347844_1.png",
    "available": true,
    "promoUntil": null
  },
  {
    "id": "51527FLS",
    "title": "Dropshot - 500ML",
    "category": "Bier en wijn",
    "price": 7.99,
    "promoPrice": null,
    "pricePerUnit": "15.98 l",
    "image": "https://www.jumbo.com/dam-images/fit-in/360x360/Products/09082023_1691585248386_1691585251549_8710625060045_1.png",
    "available": true,
    "promoUntil": null
  },
  {
    "id": "578024CUP",
    "title": "Jumbo Ongezouten Cashewnoten Fairtrade 140 g",
    "category": "Koek, snoep, chocolade en chips",
    "price": 3.79,
    "promoPrice": null,
    "pricePerUnit": "27.07 kg",
    "image": "https://www.jumbo.com/dam-images/fit-in/360x360/Products/21112024_1732214164487_1732214173896_8718452739721_1.png",
    "available": true,
    "promoUntil": null
  },
  {
    "id": "641930KGR",
    "title": "Jumbo Boerenkaas 48+ Jong Belegen Stuk ca. 447 g",
    "category": "Vleeswaren, kaas en tapas",
    "price": 7.95,
    "promoPrice": null,
    "pricePerUnit": "17.79 kg",
    "image": "https://www.jumbo.com/dam-images/fit-in/360x360/Products/2369023000000T1Aangepast0a94b470-178e-40dd-8faa-628d9b82e7b6-1757329630903.png",
    "available": true,
    "promoUntil": null
  },
  {
    "id": "675879CUP",
    "title": "Hertog IJssalon Mini IJs Pecan-Karamel Vanille 200 ml",
    "category": "Diepvries",
    "price": 1.79,
    "promoPrice": null,
    "pricePerUnit": "8.95 l",
    "image": "https://www.jumbo.com/dam-images/fit-in/360x360/Products/28052025_1748394638050_1748394664134_675879_CUP_08711327670747_H1N1.png",
    "available": true,
    "promoUntil": null
  },
  {
    "id": "676432FLS",
    "title": "Dreft Natuurlijke Geur Afwasmiddel Bergamot & Gember 450ML",
    "category": "Huishouden en dieren",
    "price": 4.99,
    "promoPrice": null,
    "pricePerUnit": "11.09 l",
    "image": "https://www.jumbo.com/dam-images/fit-in/360x360/Products/15082025_1755216105076_1755216109483_8700216624954_1.png",
    "available": true,
    "promoUntil": null
  },
  {
    "id": "655334BLS",
    "title": "Ambi Pur 3Volution Intelligente Programmering Elektrische Luchtverfrisser Startset",
    "category": "Huishouden en dieren",
    "price": 7.99,
    "promoPrice": null,
    "pricePerUnit": "399.5 l",
    "image": "https://www.jumbo.com/dam-images/fit-in/360x360/Products/25082025_1756118062378_1756118067905_8700216617727_1.png",
    "available": true,
    "promoUntil": null
  },
  {
    "id": "158646ZK",
    "title": "Jumbo Zoete Uien 500 g",
    "category": "Aardappelen, groente en fruit",
    "price": 2.09,
    "promoPrice": null,
    "pricePerUnit": "4.18 kg",
    "image": "https://www.jumbo.com/dam-images/fit-in/360x360/Products/09082023_1691581021535_1691581035644_8711715871466_1.png",
    "available": true,
    "promoUntil": null
  },
  {
    "id": "269298FLS",
    "title": "Jumbo Huiswijn - Soepel - 250ML",
    "category": "Bier en wijn",
    "price": 2.29,
    "promoPrice": null,
    "pricePerUnit": "9.16 l",
    "image": "https://www.jumbo.com/dam-images/fit-in/360x360/Products/01092023_1693568046301_1693568048088_8718452381609_1.png",
    "available": true,
    "promoUntil": null
  },
  {
    "id": "370246FLS",
    "title": "Dove Verzorgende Handzeep Nourishing Silk 250 ml",
    "category": "Drogisterij en baby",
    "price": 3.35,
    "promoPrice": null,
    "pricePerUnit": "13.4 l",
    "image": "https://www.jumbo.com/dam-images/fit-in/360x360/Products/05062025_1749091524874_1749091571127_370246_FLS_08717163605776_C1N1.png",
    "available": true,
    "promoUntil": null
  },
  {
    "id": "540375ZK",
    "title": "Purina® ONE Adult Rijk aan Kip kattenvoer 1,5 kg",
    "category": "Huishouden en dieren",
    "price": 9.3,
    "promoPrice": null,
    "pricePerUnit": "6.2 kg",
    "image": "https://www.jumbo.com/dam-images/fit-in/360x360/Products/23092025_1758595793593_1758595819622_540375_ZK_07613035614437_H1N1_s04.png",
    "available": true,
    "promoUntil": null
  },
  {
    "id": "406040ZK",
    "title": "Madeleines 16 Stuks 400 g",
    "category": "Koek, snoep, chocolade en chips",
    "price": 2.79,
    "promoPrice": null,
    "pricePerUnit": "6.98 kg",
    "image": "https://www.jumbo.com/dam-images/fit-in/360x360/Products/14022024_1707872532474_1707872537352_3178530421460_1.png",
    "available": true,
    "promoUntil": null
  },
  {
    "id": "574462FLS",
    "title": "Bloedwijn met Heerlijk Kruidenextract - 750ML",
    "category": "Bier en wijn",
    "price": 3.49,
    "promoPrice": null,
    "pricePerUnit": "4.65 l",
    "image": "https://www.jumbo.com/dam-images/fit-in/360x360/Products/09082023_1691595663550_1691595665616_8710102625941_1.png",
    "available": true,
    "promoUntil": null
  },
  {
    "id": "93579DS",
    "title": "Toppits Vershoudfolie 20 m",
    "category": "Huishouden en dieren",
    "price": 1.81,
    "promoPrice": null,
    "pricePerUnit": "1.81 pieces",
    "image": "https://www.jumbo.com/dam-images/fit-in/360x360/Products/19092025_1758285196273_1758285199778_4008871200846_1.png",
    "available": true,
    "promoUntil": null
  },
  {
    "id": "659640DS",
    "title": "Jumbo Vriesverse Frambozen 250 g",
    "category": "Diepvries",
    "price": 3.26,
    "promoPrice": null,
    "pricePerUnit": "13.04 kg",
    "image": "https://www.jumbo.com/dam-images/fit-in/360x360/Products/03122024_1733225556294_1733225572908_8718452888894_596.png",
    "available": true,
    "promoUntil": null
  },
  {
    "id": "648131KGR",
    "title": "Jumbo Geitenkaas 50+ Jong Belegen ca. 200 g",
    "category": "Vleeswaren, kaas en tapas",
    "price": 4.8,
    "promoPrice": null,
    "pricePerUnit": "23.99 kg",
    "image": "https://www.jumbo.com/dam-images/fit-in/360x360/Products/19122023_1703000122815_1703000127695_2336035000000_1.png",
    "available": true,
    "promoUntil": null
  },
  {
    "id": "679469DS",
    "title": "Stelz Hard Iced Tea Lemon & Mango 4x250ML",
    "category": "Bier en wijn",
    "price": 8.39,
    "promoPrice": null,
    "pricePerUnit": "8.39 l",
    "image": "https://www.jumbo.com/dam-images/fit-in/360x360/Products/StelzHardIcedTeaMix4packLemonMangojune2024vECOM5646cfd9-bfe4-455c-a7a1-e6f471d3b21d-1749800009697.png",
    "available": true,
    "promoUntil": null
  },
  {
    "id": "151441ZK",
    "title": "Voorgekookte Japanse Udon Noedels 200 g",
    "category": "Wereldkeukens, kruiden, pasta en rijst",
    "price": 1.49,
    "promoPrice": null,
    "pricePerUnit": "7.45 kg",
    "image": "https://www.jumbo.com/dam-images/fit-in/360x360/Products/24102024_1729758845741_1729758855632_4953206020210_1.png",
    "available": true,
    "promoUntil": null
  },
  {
    "id": "617607PAK",
    "title": "Leffe Ruby Belgisch Abdijbier- Fles -  6 x 300ML",
    "category": "Bier en wijn",
    "price": 8.35,
    "promoPrice": 6.26,
    "pricePerUnit": "3.48 l",
    "image": "https://www.jumbo.com/dam-images/fit-in/360x360/Products/05410228205678H1N1f1c062ea-47d6-4c0e-9203-96844767116f-1709823975601.png",
    "available": true,
    "promoUntil": "di 30 sep"
  },
  {
    "id": "450590FLS",
    "title": "Jumbo Huiswijn - Halfzoet Rosé - 250ML",
    "category": "Bier en wijn",
    "price": 2.29,
    "promoPrice": null,
    "pricePerUnit": "9.16 l",
    "image": "https://www.jumbo.com/dam-images/fit-in/360x360/Products/01092023_1693568046957_1693568048383_8718452554621_1.png",
    "available": true,
    "promoUntil": null
  },
  {
    "id": "516933FLS",
    "title": "Ajax Schoonmaakmiddel Multi-Oppervlakken Shower Power Spray - 750ml",
    "category": "Huishouden en dieren",
    "price": 3.46,
    "promoPrice": null,
    "pricePerUnit": "4.61 l",
    "image": "https://www.jumbo.com/dam-images/fit-in/360x360/Products/30082023_1693365145552_1693365148674_516933_FLS_08718951421639_C1N1.png",
    "available": true,
    "promoUntil": null
  },
  {
    "id": "641493KGR",
    "title": "Jumbo Tongkaas ca. 100 g",
    "category": "Vleeswaren, kaas en tapas",
    "price": 2.0,
    "promoPrice": null,
    "pricePerUnit": "20.0 kg",
    "image": "https://www.jumbo.com/dam-images/fit-in/360x360/Products/21072025_1753104885815_1753104891275_2349033000000_1.png",
    "available": true,
    "promoUntil": null
  },
  {
    "id": "511458KGR",
    "title": "Jumbo Pecorino Romano DOP Kaas ca. 150 g",
    "category": "Vleeswaren, kaas en tapas",
    "price": 5.25,
    "promoPrice": null,
    "pricePerUnit": "34.99 kg",
    "image": "https://www.jumbo.com/dam-images/fit-in/360x360/Products/10082023_1691677661988_1691677668345_2378368000000_1.png",
    "available": true,
    "promoUntil": null
  },
  {
    "id": "648107KGR",
    "title": "Jumbo Biologische Geitenkaas 50+ Jong Belegen Stuk ca. 375 g",
    "category": "Vleeswaren, kaas en tapas",
    "price": 9.0,
    "promoPrice": null,
    "pricePerUnit": "23.99 kg",
    "image": "https://www.jumbo.com/dam-images/fit-in/360x360/Products/14022024_1707873374473_1707873387359_2368969000000_1.png",
    "available": true,
    "promoUntil": null
  },
  {
    "id": "688522DSL",
    "title": "Robijn Wasverzachter Paradise Secret - 8 x 765ML",
    "category": "Huishouden en dieren",
    "price": 58.32,
    "promoPrice": 29.16,
    "pricePerUnit": "0.19 wb",
    "image": "https://www.jumbo.com/dam-images/fit-in/360x360/Products/08720181633713H1N1dcffcef7-a52b-4a4c-a9b0-bed12017a847-1753099385257.png",
    "available": true,
    "promoUntil": "di 7 okt"
  },
  {
    "id": "623489STK",
    "title": "WeCare Lower Carb Natural Tortillas 4 x 40 g",
    "category": "Wereldkeukens, kruiden, pasta en rijst",
    "price": 5.29,
    "promoPrice": null,
    "pricePerUnit": "33.06 kg",
    "image": "https://www.jumbo.com/dam-images/fit-in/360x360/Products/25072025_1753413354408_1753413367566_623489_STK_05410063042285_C1N1.png",
    "available": true,
    "promoUntil": null
  },
  {
    "id": "558431POT",
    "title": "Verstegen Italiaanse Kruiden 50 g",
    "category": "Wereldkeukens, kruiden, pasta en rijst",
    "price": 4.29,
    "promoPrice": null,
    "pricePerUnit": "85.8 kg",
    "image": "https://www.jumbo.com/dam-images/fit-in/360x360/Products/27082024_1724723150709_1724723154725_558431_POT_08712200019370_C1N1.png",
    "available": true,
    "promoUntil": null
  },
  {
    "id": "774359PAK",
    "title": "Koopmans Hartige Taartdeeg met Bakkersgist 10 Plakjes 450 g",
    "category": "Diepvries",
    "price": 2.06,
    "promoPrice": null,
    "pricePerUnit": "4.58 kg",
    "image": "https://www.jumbo.com/dam-images/fit-in/360x360/Products/04022025_1738637368570_1738637380763_774359_PAK_.png",
    "available": true,
    "promoUntil": null
  },
  {
    "id": "381939STK",
    "title": "Parodontax Whitening dagelijkse tandpasta tegen bloedend tandvlees 2 x 75 ml Duo Pack",
    "category": "Drogisterij en baby",
    "price": 10.99,
    "promoPrice": null,
    "pricePerUnit": "73.27 l",
    "image": "https://www.jumbo.com/dam-images/fit-in/360x360/Products/08052025_1746666902577_1746666905272_381939_STK_05054563148520_C1N1.png",
    "available": true,
    "promoUntil": null
  },
  {
    "id": "419422ZK",
    "title": "Queens Alaska Koolvis Filets 375 g",
    "category": "Diepvries",
    "price": 3.99,
    "promoPrice": null,
    "pricePerUnit": "10.64 kg",
    "image": "https://www.jumbo.com/dam-images/fit-in/360x360/Products/28032025_1743157974294_1743157982583_8710247090611_1.png",
    "available": true,
    "promoUntil": null
  },
  {
    "id": "37223FLS",
    "title": "Mezzacorona - Teroldego - Rotaliano DOC - 750ML",
    "category": "Bier en wijn",
    "price": 6.79,
    "promoPrice": null,
    "pricePerUnit": "9.05 l",
    "image": "https://www.jumbo.com/dam-images/fit-in/360x360/Products/07072025_1751902633128_1751902636350_8004305000019_1.png",
    "available": true,
    "promoUntil": null
  },
  {
    "id": "527695ZK",
    "title": "Marcel’s Green Soap handzeep Lavendel & Rozemarijn navulling - 500ml",
    "category": "Drogisterij en baby",
    "price": 4.79,
    "promoPrice": null,
    "pricePerUnit": "9.58 l",
    "image": "https://www.jumbo.com/dam-images/fit-in/360x360/Products/10072024_1720578353412_1720578362470_527695_ZK_08719325558845_C1N1.png",
    "available": true,
    "promoUntil": null
  },
  {
    "id": "639192STK",
    "title": "Kroon Fijne Leverworst 250 g",
    "category": "Vleeswaren, kaas en tapas",
    "price": 1.81,
    "promoPrice": null,
    "pricePerUnit": "7.24 kg",
    "image": "https://www.jumbo.com/dam-images/fit-in/360x360/Products/12122024_1734014665342_1734014669547_8710889041507_1.png",
    "available": true,
    "promoUntil": null
  },
  {
    "id": "82016TUB",
    "title": "LU Prince Fourré Koekjes Chocolade 300g",
    "category": "Koek, snoep, chocolade en chips",
    "price": 2.53,
    "promoPrice": null,
    "pricePerUnit": "8.43 kg",
    "image": "https://www.jumbo.com/dam-images/fit-in/360x360/Products/12092025_1757639554737_1757639558384_82016_TUB_05410041424805_C1N1.png",
    "available": true,
    "promoUntil": null
  },
  {
    "id": "642246STK",
    "title": "Fattorie Garofalo Buffel Mozzarella 500 g",
    "category": "Vleeswaren, kaas en tapas",
    "price": 4.65,
    "promoPrice": null,
    "pricePerUnit": "18.6 kg",
    "image": "https://www.jumbo.com/dam-images/fit-in/360x360/Products/14022024_1707872685091_1707872688389_8016784000015_1.png",
    "available": true,
    "promoUntil": null
  },
  {
    "id": "368190STK",
    "title": "Sanex Zero% Sensitive Deodorant Spray 200ml",
    "category": "Drogisterij en baby",
    "price": 5.99,
    "promoPrice": null,
    "pricePerUnit": "29.95 l",
    "image": "https://www.jumbo.com/dam-images/fit-in/360x360/Products/01042025_1743470964158_1743470966493_368190_STK_08718951246645_C1N1.png",
    "available": true,
    "promoUntil": null
  },
  {
    "id": "24310STK",
    "title": "Gourmet Gold Mousse Kattenvoer natvoer met Kip",
    "category": "Huishouden en dieren",
    "price": 0.84,
    "promoPrice": null,
    "pricePerUnit": "9.88 kg",
    "image": "https://www.jumbo.com/dam-images/fit-in/360x360/Products/09072025_1752024922230_1752024960856_24310_STK_03222270185066_C1N1_s01.png",
    "available": true,
    "promoUntil": null
  },
  {
    "id": "187791ZK",
    "title": "Jumbo Choco Crunch Chocoballetjes 175 g",
    "category": "Koek, snoep, chocolade en chips",
    "price": 2.21,
    "promoPrice": null,
    "pricePerUnit": "12.63 kg",
    "image": "https://www.jumbo.com/dam-images/fit-in/360x360/Products/26082025_1756204445786_1756204459716_8718452909346_596.png",
    "available": true,
    "promoUntil": null
  },
  {
    "id": "106552FLS",
    "title": "Barton & Guestier - Réserve – Sauvignon Blanc - 750ML",
    "category": "Bier en wijn",
    "price": 5.99,
    "promoPrice": null,
    "pricePerUnit": "7.99 l",
    "image": "https://www.jumbo.com/dam-images/fit-in/360x360/Products/01082024_1722522799121_1722522802480_3035138005679_1.png",
    "available": true,
    "promoUntil": null
  },
  {
    "id": "203975STK",
    "title": "Van der Meulen Melba Toast Sesam 120 g",
    "category": "Koek, snoep, chocolade en chips",
    "price": 1.45,
    "promoPrice": null,
    "pricePerUnit": "12.08 kg",
    "image": "https://www.jumbo.com/dam-images/fit-in/360x360/Products/17052024_1715913712248_1715913721772_203975_STK_08710649121005_C1N1.png",
    "available": true,
    "promoUntil": null
  },
  {
    "id": "566681ZK",
    "title": "Tapas Toast Zeezout & Olijfolie 135 g",
    "category": "Koek, snoep, chocolade en chips",
    "price": 2.22,
    "promoPrice": null,
    "pricePerUnit": "16.44 kg",
    "image": "https://www.jumbo.com/dam-images/fit-in/360x360/Products/14022024_1707873741974_1707873752046_8710649121210_1.png",
    "available": true,
    "promoUntil": null
  },
  {
    "id": "558664PAK",
    "title": "Aperol Spritz Ready to Drink 3 x 200ml",
    "category": "Bier en wijn",
    "price": 10.39,
    "promoPrice": null,
    "pricePerUnit": "17.32 l",
    "image": "https://www.jumbo.com/dam-images/fit-in/360x360/Products/08012025_1736346811673_1736346822063_8002230340538_1.png",
    "available": true,
    "promoUntil": null
  },
  {
    "id": "162104DS",
    "title": "Verkade Trouwe Vriendjes 6 x 29 g",
    "category": "Koek, snoep, chocolade en chips",
    "price": 2.15,
    "promoPrice": null,
    "pricePerUnit": "12.29 kg",
    "image": "https://www.jumbo.com/dam-images/fit-in/360x360/Products/17102024_1729132712426_1729132719166_162104_DS_08710412973800_H1N1.png",
    "available": true,
    "promoUntil": null
  },
  {
    "id": "172158DS",
    "title": "Karvan Cévitam GO Cassis Siroop, 48 ml",
    "category": "Frisdrank en sappen",
    "price": 3.99,
    "promoPrice": null,
    "pricePerUnit": "83.12 l",
    "image": "https://www.jumbo.com/dam-images/fit-in/360x360/Products/17042025_1744860774425_1744860782458_172158_DS_00000050157808_H1N1.png",
    "available": true,
    "promoUntil": null
  },
  {
    "id": "31921STK",
    "title": "Compaxo Cabanossi 200 g",
    "category": "Vleeswaren, kaas en tapas",
    "price": 2.29,
    "promoPrice": null,
    "pricePerUnit": "11.45 kg",
    "image": "https://www.jumbo.com/dam-images/fit-in/360x360/Products/14022024_1707872591565_1707872624330_8710939007989_1.png",
    "available": true,
    "promoUntil": null
  },
  {
    "id": "454874ZK",
    "title": "Klene Drop Zoute Ovaaltjes Suikervrij 110g",
    "category": "Koek, snoep, chocolade en chips",
    "price": 2.25,
    "promoPrice": null,
    "pricePerUnit": "20.45 kg",
    "image": "https://www.jumbo.com/dam-images/fit-in/360x360/Products/07072025_1751902635441_1751902639325_8723400794967_1.png",
    "available": true,
    "promoUntil": null
  },
  {
    "id": "486344ZK",
    "title": "Croky Chips Explosions Sweet Chili 150g",
    "category": "Koek, snoep, chocolade en chips",
    "price": 1.97,
    "promoPrice": null,
    "pricePerUnit": "13.13 kg",
    "image": "https://www.jumbo.com/dam-images/fit-in/360x360/Products/17062025_1750152846539_1750152866829_5414359962677_596.png",
    "available": true,
    "promoUntil": null
  },
  {
    "id": "616693ZK",
    "title": "Marcel's Green Soap Orange Jasmine Handzeep Refill Pack 500 ml",
    "category": "Drogisterij en baby",
    "price": 4.79,
    "promoPrice": null,
    "pricePerUnit": "9.58 l",
    "image": "https://www.jumbo.com/dam-images/fit-in/360x360/Products/26082025_1756174137975_1756174146639_616693_ZK_08719325558838_C1N1.png",
    "available": true,
    "promoUntil": null
  },
  {
    "id": "696486POT",
    "title": "Koningsvogel Sambal Madame Jeanette Badjak 280 g",
    "category": "Wereldkeukens, kruiden, pasta en rijst",
    "price": 5.99,
    "promoPrice": null,
    "pricePerUnit": "21.39 kg",
    "image": "https://www.jumbo.com/dam-images/fit-in/360x360/Products/10072025_1752109537081_1752109543900_696486_POT_08718719362136_C1N1.png",
    "available": true,
    "promoUntil": null
  },
  {
    "id": "557772DS",
    "title": "Merci Chocoladespecialiteiten Coconut Collection Limited Edition 20 Stuks",
    "category": "Koek, snoep, chocolade en chips",
    "price": 4.59,
    "promoPrice": null,
    "pricePerUnit": "18.36 kg",
    "image": "https://www.jumbo.com/dam-images/fit-in/360x360/Products/26062025_1750962746950_1750962754290_4014400934038_1.png",
    "available": true,
    "promoUntil": null
  },
  {
    "id": "350198STK",
    "title": "Jumbo Scones Rozijnen 6 Stuks",
    "category": "Brood en gebak",
    "price": 3.39,
    "promoPrice": null,
    "pricePerUnit": "0.57 pieces",
    "image": "https://www.jumbo.com/dam-images/fit-in/360x360/Products/31072025_1753972504798_1753972509547_8718452670536_1.png",
    "available": true,
    "promoUntil": null
  },
  {
    "id": "474187BUS",
    "title": "Rexona Women Advanced Protection Anti-Transpirant Spray Cotton Dry 150 ml",
    "category": "Drogisterij en baby",
    "price": 5.99,
    "promoPrice": null,
    "pricePerUnit": "39.93 l",
    "image": "https://www.jumbo.com/dam-images/fit-in/360x360/Products/29052025_1748482017337_1748482041817_474187_BUS_08720181183751_H1N1.png",
    "available": true,
    "promoUntil": null
  },
  {
    "id": "677210TRA",
    "title": "Kraakman Boterkoek Taartje 350 g",
    "category": "Koek, snoep, chocolade en chips",
    "price": 3.49,
    "promoPrice": null,
    "pricePerUnit": "9.97 kg",
    "image": "https://www.jumbo.com/dam-images/fit-in/360x360/Products/19032025_1742402011282_1742402019794_8719689664909_1.png",
    "available": true,
    "promoUntil": null
  },
  {
    "id": "223076STK",
    "title": "Jumbo Incontinentie Ondergoed Large 10 Stuks",
    "category": "Drogisterij en baby",
    "price": 6.99,
    "promoPrice": null,
    "pricePerUnit": "0.7 pieces",
    "image": "https://www.jumbo.com/dam-images/fit-in/360x360/Products/18092023_1695035096149_1695035104260_8718452334179_1.png",
    "available": true,
    "promoUntil": null
  },
  {
    "id": "214110PAK",
    "title": "Rummo Bio Volkoren Spaghetti ? 3 500 g",
    "category": "Wereldkeukens, kruiden, pasta en rijst",
    "price": 2.79,
    "promoPrice": null,
    "pricePerUnit": "5.58 kg",
    "image": "https://www.jumbo.com/dam-images/fit-in/360x360/Products/214110_8008343700030_1_T1_214110PAK1691309392654.png",
    "available": true,
    "promoUntil": null
  },
  {
    "id": "442455POT",
    "title": "Jumbo Filled Freshmint Kauwgom 100 g",
    "category": "Koek, snoep, chocolade en chips",
    "price": 2.1,
    "promoPrice": null,
    "pricePerUnit": "21.0 kg",
    "image": "https://www.jumbo.com/dam-images/fit-in/360x360/Products/20122023_1703039565978_1703039571887_442455_POT_08718452534296_C1N1.png",
    "available": true,
    "promoUntil": null
  },
  {
    "id": "492451DSL",
    "title": "Lambrusco Rosso 6 x 750 ml",
    "category": "Bier en wijn",
    "price": 14.94,
    "promoPrice": null,
    "pricePerUnit": "3.32 l",
    "image": "https://www.jumbo.com/dam-images/fit-in/360x360/Products/492451DSL1e9895387-8b3b-4c0c-83c5-6e9661ae44d4-1697462187292.png",
    "available": true,
    "promoUntil": null
  },
  {
    "id": "703577DS",
    "title": "Old El Paso Taco Shells 156g",
    "category": "Wereldkeukens, kruiden, pasta en rijst",
    "price": 2.99,
    "promoPrice": null,
    "pricePerUnit": "19.17 kg",
    "image": "https://www.jumbo.com/dam-images/fit-in/360x360/Products/06082025_1754444777632_1754444785622_703577_DS_05000102020017_C1N1.png",
    "available": true,
    "promoUntil": null
  },
  {
    "id": "531901PAK",
    "title": "Lassie Gele Rijst 325 g",
    "category": "Wereldkeukens, kruiden, pasta en rijst",
    "price": 1.96,
    "promoPrice": null,
    "pricePerUnit": "6.03 kg",
    "image": "https://www.jumbo.com/dam-images/fit-in/360x360/Products/07052024_1715044740129_1715044746869_531901_PAK_08410830010278_H1N1.png",
    "available": true,
    "promoUntil": null
  },
  {
    "id": "381021BAK",
    "title": "Jumbo Biefstukspread 135 g",
    "category": "Vleeswaren, kaas en tapas",
    "price": 3.29,
    "promoPrice": null,
    "pricePerUnit": "24.37 kg",
    "image": "https://www.jumbo.com/dam-images/fit-in/360x360/Products/29052024_1717000393694_1717000403012_8718452810987_1.png",
    "available": true,
    "promoUntil": null
  },
  {
    "id": "379952ZK",
    "title": "Conimex Kruidenmix Nasi 20 g",
    "category": "Wereldkeukens, kruiden, pasta en rijst",
    "price": 0.93,
    "promoPrice": null,
    "pricePerUnit": "46.5 kg",
    "image": "https://www.jumbo.com/dam-images/fit-in/360x360/Products/17082024_1723856476163_1723856499270_379952_ZK_08711200497317_C1N1.png",
    "available": true,
    "promoUntil": null
  },
  {
    "id": "608474TRA",
    "title": "Jumbo - Mini Saucijzenbroodjes - 9 Stuks",
    "category": "Brood en gebak",
    "price": 2.99,
    "promoPrice": null,
    "pricePerUnit": "11.07 kg",
    "image": "https://www.jumbo.com/dam-images/fit-in/360x360/Products/12122024_1734014902048_1734014908706_8718452699339_1.png",
    "available": true,
    "promoUntil": null
  },
  {
    "id": "158427DS",
    "title": "Cereal Glutenvrije & Lactosevrije Chocoladekoekjes 150g",
    "category": "Koek, snoep, chocolade en chips",
    "price": 5.29,
    "promoPrice": null,
    "pricePerUnit": "35.27 kg",
    "image": "https://www.jumbo.com/dam-images/fit-in/360x360/Products/19072025_1752887909062_1752887928370_158427_DS_05410063023956_C1N1.png",
    "available": true,
    "promoUntil": null
  },
  {
    "id": "415861DSL",
    "title": "Côte d'Or Chocoladereep Melk Hazelnoten 32 x 45g",
    "category": "Koek, snoep, chocolade en chips",
    "price": 63.88,
    "promoPrice": null,
    "pricePerUnit": "44.36 kg",
    "image": "https://www.jumbo.com/dam-images/fit-in/360x360/Products/7622200427635fcacb251-3125-43e1-b68c-7cdb6f93c805-1740563108582.png",
    "available": true,
    "promoUntil": null
  },
  {
    "id": "427629BLS",
    "title": "Finish machinereiniger - tijdens de vaatwasbeurt - 3 stuks",
    "category": "Huishouden en dieren",
    "price": 5.99,
    "promoPrice": null,
    "pricePerUnit": "5.99 pieces",
    "image": "https://www.jumbo.com/dam-images/fit-in/360x360/Products/10082023_1691677306778_1691677316515_5410036307373_1.png",
    "available": true,
    "promoUntil": null
  },
  {
    "id": "340519DS",
    "title": "Jumbo Rundvleesbitterballen ca. 30 stuks",
    "category": "Diepvries",
    "price": 3.99,
    "promoPrice": null,
    "pricePerUnit": "6.65 kg",
    "image": "https://www.jumbo.com/dam-images/fit-in/360x360/Products/06022024_1707237250880_1707237274730_8718452767106_596.png",
    "available": true,
    "promoUntil": null
  },
  {
    "id": "464829ZK",
    "title": "Smaakt Bio Rozijnen Mix 600g",
    "category": "Koek, snoep, chocolade en chips",
    "price": 6.99,
    "promoPrice": null,
    "pricePerUnit": "11.65 kg",
    "image": "https://www.jumbo.com/dam-images/fit-in/360x360/Products/09082023_1691587852979_1691587878903_8719153032494_1.png",
    "available": true,
    "promoUntil": null
  },
  {
    "id": "583804BLK",
    "title": "VandeStreek - Playground 0.4% Alcoholvrij IPA - Blik - 330ML",
    "category": "Bier en wijn",
    "price": 2.09,
    "promoPrice": null,
    "pricePerUnit": "6.33 l",
    "image": "https://www.jumbo.com/dam-images/fit-in/360x360/Products/20092025_1758334363915_1758334365872_583804_BLK_08720153282772_A1N1.png",
    "available": true,
    "promoUntil": null
  },
  {
    "id": "156411PAK",
    "title": "Colgate Triple Action Medium Tandenborstel 4 Stuks",
    "category": "Drogisterij en baby",
    "price": 3.49,
    "promoPrice": null,
    "pricePerUnit": "0.87 pieces",
    "image": "https://www.jumbo.com/dam-images/fit-in/360x360/Products/27072024_1722047806119_1722047810262_156411_PAK_08714789738536_C1N1.png",
    "available": true,
    "promoUntil": null
  },
  {
    "id": "192779PAK",
    "title": "Jumbo Appel Kruimelkoeken 6 Stuks",
    "category": "Koek, snoep, chocolade en chips",
    "price": 3.22,
    "promoPrice": null,
    "pricePerUnit": "10.73 kg",
    "image": "https://www.jumbo.com/dam-images/fit-in/360x360/Products/29092023_1695995087973_1695995097932_8718452387946_1.png",
    "available": true,
    "promoUntil": null
  },
  {
    "id": "198671STK",
    "title": "Zwitsal Billendoekjes Voordeelverpakking Sensitive 2 x 57 = 114 stuks",
    "category": "Drogisterij en baby",
    "price": 5.79,
    "promoPrice": null,
    "pricePerUnit": "0.05 pieces",
    "image": "https://www.jumbo.com/dam-images/fit-in/360x360/Products/20092025_1758335438358_1758335474614_198671_STK_08710447326916_C1N1.png",
    "available": true,
    "promoUntil": null
  },
  {
    "id": "193245ZK",
    "title": "Mora Broodje Frikandel 140 g",
    "category": "Diepvries",
    "price": 2.09,
    "promoPrice": null,
    "pricePerUnit": "14.93 kg",
    "image": "https://www.jumbo.com/dam-images/fit-in/360x360/Products/01022024_1706760800948_1706760811702_193245_ZK_08710861985034_C1N1_s04.png",
    "available": true,
    "promoUntil": null
  },
  {
    "id": "687707ZK",
    "title": "Croky Chips Explosions Paprika 150g",
    "category": "Koek, snoep, chocolade en chips",
    "price": 1.99,
    "promoPrice": null,
    "pricePerUnit": "13.27 kg",
    "image": "https://www.jumbo.com/dam-images/fit-in/360x360/Products/17062025_1750156466279_1750156483719_5414359962646_596.png",
    "available": true,
    "promoUntil": null
  },
  {
    "id": "628067TUB",
    "title": "Prodent Junior 6-13 jaar Tandpasta Super Mario 75 ml",
    "category": "Drogisterij en baby",
    "price": 3.15,
    "promoPrice": null,
    "pricePerUnit": "42.0 l",
    "image": "https://www.jumbo.com/dam-images/fit-in/360x360/Products/19082025_1755567937656_1755568057810_628067_TUB_08720181501449_H1N1.png",
    "available": true,
    "promoUntil": null
  },
  {
    "id": "688504FLS",
    "title": "Robijn Klein & Krachtig Collections Vloeibaar Wasmiddel Color Bohemian Blossom 19 Wasbeurten",
    "category": "Huishouden en dieren",
    "price": 18.39,
    "promoPrice": null,
    "pricePerUnit": "0.97 wb",
    "image": "https://www.jumbo.com/dam-images/fit-in/360x360/Products/05072025_1751679514485_1751679582471_688504_FLS_08720181732652_C1N1.png",
    "available": true,
    "promoUntil": null
  },
  {
    "id": "42794PAK",
    "title": "Jumbo Spritsen met Chocolade 200 g",
    "category": "Koek, snoep, chocolade en chips",
    "price": 1.86,
    "promoPrice": null,
    "pricePerUnit": "9.3 kg",
    "image": "https://www.jumbo.com/dam-images/fit-in/360x360/Products/26032025_1743006790162_1743006797341_8718452427963_1.png",
    "available": true,
    "promoUntil": null
  },
  {
    "id": "203973STK",
    "title": "Van der Meulen Melba Volkoren Toast 120g",
    "category": "Koek, snoep, chocolade en chips",
    "price": 1.47,
    "promoPrice": null,
    "pricePerUnit": "12.25 kg",
    "image": "https://www.jumbo.com/dam-images/fit-in/360x360/Products/28062024_1719570855234_1719570862154_8710649121012_1.png",
    "available": true,
    "promoUntil": null
  },
  {
    "id": "391711ZK",
    "title": "Jumbo Bulgur 300 g",
    "category": "Wereldkeukens, kruiden, pasta en rijst",
    "price": 1.35,
    "promoPrice": null,
    "pricePerUnit": "4.5 kg",
    "image": "https://www.jumbo.com/dam-images/fit-in/360x360/Products/10082023_1691676549015_1691676561636_8718452514410_1.png",
    "available": true,
    "promoUntil": null
  },
  {
    "id": "16325DS",
    "title": "Ola IJs Calippo Supermix 5 stuks 5 x 105ml",
    "category": "Diepvries",
    "price": 4.29,
    "promoPrice": null,
    "pricePerUnit": "7.09 kg",
    "image": "https://www.jumbo.com/dam-images/fit-in/360x360/Products/19092025_1758249172417_1758249267219_16325_DS_08712566108626_H1N1.png",
    "available": true,
    "promoUntil": null
  },
  {
    "id": "645595ZK",
    "title": "Bertolli Pinsa 230 g",
    "category": "Wereldkeukens, kruiden, pasta en rijst",
    "price": 3.26,
    "promoPrice": null,
    "pricePerUnit": "14.17 kg",
    "image": "https://www.jumbo.com/dam-images/fit-in/360x360/Products/29102024_1730194386150_1730194392694_8720791221195_1.png",
    "available": true,
    "promoUntil": null
  },
  {
    "id": "191933ZK",
    "title": "Verstegen Mix voor Gehakt Slagersrecept 40 g",
    "category": "Wereldkeukens, kruiden, pasta en rijst",
    "price": 1.45,
    "promoPrice": null,
    "pricePerUnit": "36.25 kg",
    "image": "https://www.jumbo.com/dam-images/fit-in/360x360/Products/26082025_1756170861528_1756170867226_191933_ZK_08712200976901_C1N1.png",
    "available": true,
    "promoUntil": null
  },
  {
    "id": "629542BLS",
    "title": "Glorix Actief Blauw Water Toiletblok Ocean 1 stuk",
    "category": "Huishouden en dieren",
    "price": 3.85,
    "promoPrice": null,
    "pricePerUnit": "3.85 pieces",
    "image": "https://www.jumbo.com/dam-images/fit-in/360x360/Products/12092025_1757639881040_1757639919877_629542_BLS_08720182908919_H1N1.png",
    "available": true,
    "promoUntil": null
  },
  {
    "id": "168537DS",
    "title": "Grolsch Premium Pilsner Beugelflessen 4 x 450ml",
    "category": "Bier en wijn",
    "price": 4.99,
    "promoPrice": null,
    "pricePerUnit": "2.77 l",
    "image": "https://www.jumbo.com/dam-images/fit-in/360x360/Products/08716700016013H1N1498903ba-8e2d-4499-bb36-2365afe78476-1758096699141.png",
    "available": true,
    "promoUntil": null
  },
  {
    "id": "548524STK",
    "title": "Glade Gel Lavender 150 g",
    "category": "Huishouden en dieren",
    "price": 1.85,
    "promoPrice": null,
    "pricePerUnit": "1.85 pieces",
    "image": "https://www.jumbo.com/dam-images/fit-in/360x360/Products/22092025_1758544412841_1758544416687_5000204306880_1.png",
    "available": true,
    "promoUntil": null
  },
  {
    "id": "474288PAK",
    "title": "Stimorol Original Sugar Free 6 x 14 g",
    "category": "Koek, snoep, chocolade en chips",
    "price": 3.28,
    "promoPrice": null,
    "pricePerUnit": "39.05 kg",
    "image": "https://www.jumbo.com/dam-images/fit-in/360x360/Products/02042025_1743557916133_1743557916819_474288_PAK_08723400939856_A1N1.png",
    "available": true,
    "promoUntil": null
  },
  {
    "id": "635273STK",
    "title": "Jumbo Zeeuwse Bolus met Zwitserse Room - 2 Stuks",
    "category": "Brood en gebak",
    "price": 4.99,
    "promoPrice": null,
    "pricePerUnit": "4.99 pieces",
    "image": "https://www.jumbo.com/dam-images/fit-in/360x360/Products/09092025_1757406804837_1757406822517_8718452865536_9.png",
    "available": true,
    "promoUntil": null
  },
  {
    "id": "447896FLS",
    "title": "Jumbo Huiswijn - Halfzoet - 250ML",
    "category": "Bier en wijn",
    "price": 2.29,
    "promoPrice": null,
    "pricePerUnit": "9.16 l",
    "image": "https://www.jumbo.com/dam-images/fit-in/360x360/Products/01092023_1693564445201_1693564446423_8718452554645_1.png",
    "available": true,
    "promoUntil": null
  },
  {
    "id": "59532PAK",
    "title": "LU Time Out Robuuste Koeken Chocolade ( 8x23g ) 184g",
    "category": "Koek, snoep, chocolade en chips",
    "price": 2.62,
    "promoPrice": null,
    "pricePerUnit": "14.24 kg",
    "image": "https://www.jumbo.com/dam-images/fit-in/360x360/Products/05082025_1754408011687_1754408020312_7622300561062_596.png",
    "available": true,
    "promoUntil": null
  },
  {
    "id": "494442ZK",
    "title": "Pampers Sensitive Babydoekjes x52 Doekjes",
    "category": "Drogisterij en baby",
    "price": 2.89,
    "promoPrice": null,
    "pricePerUnit": "0.06 pieces",
    "image": "https://www.jumbo.com/dam-images/fit-in/360x360/Products/23092025_1758585734888_1758585740441_8006540523056_1.png",
    "available": true,
    "promoUntil": null
  },
  {
    "id": "574859ZK",
    "title": "Jumbo Mini Krieltjes 200 g",
    "category": "Aardappelen, groente en fruit",
    "price": 0.85,
    "promoPrice": null,
    "pricePerUnit": "4.25 kg",
    "image": "https://www.jumbo.com/dam-images/fit-in/360x360/Products/26062024_1719412467980_1719412475232_8718452801565_1.png",
    "available": true,
    "promoUntil": null
  },
  {
    "id": "138912POT",
    "title": "Faja Lobi Trassie Trafasie Smaakmaker 50 g",
    "category": "Wereldkeukens, kruiden, pasta en rijst",
    "price": 2.56,
    "promoPrice": null,
    "pricePerUnit": "51.2 kg",
    "image": "https://www.jumbo.com/dam-images/fit-in/360x360/Products/28032025_1743157991032_1743158004162_87312133_1.png",
    "available": true,
    "promoUntil": null
  },
  {
    "id": "646564DS",
    "title": "Honig Maaltijdpakket Oosterse Kip 437g",
    "category": "Wereldkeukens, kruiden, pasta en rijst",
    "price": 4.49,
    "promoPrice": null,
    "pricePerUnit": "10.27 kg",
    "image": "https://www.jumbo.com/dam-images/fit-in/360x360/Products/16102024_1729050763976_1729050768778_646564_DS_08715700126937_C1N1.png",
    "available": true,
    "promoUntil": null
  },
  {
    "id": "75183DSL",
    "title": "Zwitsal Vochtige Washandjes Goedemorgen 6 x 20 stuks",
    "category": "Drogisterij en baby",
    "price": 26.1,
    "promoPrice": 18.26,
    "pricePerUnit": "0.15 pieces",
    "image": "https://www.jumbo.com/dam-images/fit-in/360x360/Products/31012025_1738330389929_1738330393493_8711700508490_1.png",
    "available": false,
    "promoUntil": "di 7 okt"
  },
  {
    "id": "622028ZK",
    "title": "Dettol Doekjes Citrus 72 Stuks",
    "category": "Huishouden en dieren",
    "price": 4.49,
    "promoPrice": null,
    "pricePerUnit": "0.06 pieces",
    "image": "https://www.jumbo.com/dam-images/fit-in/360x360/Products/22052024_1716380271462_1716380274256_622028_ZK_08710552313290_A1N1.png",
    "available": true,
    "promoUntil": null
  },
  {
    "id": "519398CUP",
    "title": "Kips Vega Paté Mediteraans 125 g",
    "category": "Vleeswaren, kaas en tapas",
    "price": 2.27,
    "promoPrice": null,
    "pricePerUnit": "18.16 kg",
    "image": "https://www.jumbo.com/dam-images/fit-in/360x360/Products/26052025_1748229417295_1748229425738_519398_CUP_08710991001628_C1N1.png",
    "available": true,
    "promoUntil": null
  },
  {
    "id": "220713PAK",
    "title": "Jumbo Roerbak Mie 300 g",
    "category": "Wereldkeukens, kruiden, pasta en rijst",
    "price": 1.49,
    "promoPrice": null,
    "pricePerUnit": "4.97 kg",
    "image": "https://www.jumbo.com/dam-images/fit-in/360x360/Products/09092025_1757421312723_1757421322845_8718452319961_1.png",
    "available": true,
    "promoUntil": null
  },
  {
    "id": "79125DSL",
    "title": "Los Gansos - Merlot - 6 x 750ML",
    "category": "Bier en wijn",
    "price": 35.94,
    "promoPrice": null,
    "pricePerUnit": "7.99 l",
    "image": "https://www.jumbo.com/dam-images/fit-in/360x360/Products/378043203283632d5c7cb2-b953-411f-b432-8232d2182b31-1750860429951.png",
    "available": true,
    "promoUntil": null
  },
  {
    "id": "709901PAK",
    "title": "STËLZ - Hard Seltzer - Raspberry / Passionfruit Voordeelpack - 6 x 250ML",
    "category": "Bier en wijn",
    "price": 10.99,
    "promoPrice": null,
    "pricePerUnit": "7.33 l",
    "image": "https://www.jumbo.com/dam-images/fit-in/360x360/Products/23082025_1755913657677_1755913659745_709901_PAK_08720865027296_A1N1.png",
    "available": true,
    "promoUntil": null
  },
  {
    "id": "482712ZK",
    "title": "Lay's Max Ribbel Chips Cheddar Kaas & Ui 185 g",
    "category": "Koek, snoep, chocolade en chips",
    "price": 2.39,
    "promoPrice": null,
    "pricePerUnit": "12.92 kg",
    "image": "https://www.jumbo.com/dam-images/fit-in/360x360/Products/24092025_1758676335113_1758676348350_482712_ZK_08710398524232_C1N1.png",
    "available": true,
    "promoUntil": null
  },
  {
    "id": "664557ZK",
    "title": "Venco Droptoefjes Zacht Zoet 235 g",
    "category": "Koek, snoep, chocolade en chips",
    "price": 2.56,
    "promoPrice": null,
    "pricePerUnit": "10.89 kg",
    "image": "https://www.jumbo.com/dam-images/fit-in/360x360/Products/18012025_1737167116484_1737167123348_664557_ZK_08713800255274_H1N1.png",
    "available": true,
    "promoUntil": null
  },
  {
    "id": "531836FLS",
    "title": "Jumbo Vers Geperste Smoothie Aardbei Appel & Banaan 500 ml",
    "category": "Frisdrank en sappen",
    "price": 2.59,
    "promoPrice": null,
    "pricePerUnit": "5.18 l",
    "image": "https://www.jumbo.com/dam-images/fit-in/360x360/Products/04112024_1730752387226_1730752390774_8718452863785_1.png",
    "available": true,
    "promoUntil": null
  },
  {
    "id": "646927PAK",
    "title": "Jumbo Biologisch Oesterzwam 150 g",
    "category": "Aardappelen, groente en fruit",
    "price": 1.95,
    "promoPrice": null,
    "pricePerUnit": "13.0 kg",
    "image": "https://www.jumbo.com/dam-images/fit-in/360x360/Products/02122024_1733142835525_1733142839388_8718452850532_1.png",
    "available": true,
    "promoUntil": null
  },
  {
    "id": "213928STK",
    "title": "Felix Senior Sensations +7 Diervoeder 1 kg",
    "category": "Huishouden en dieren",
    "price": 3.98,
    "promoPrice": null,
    "pricePerUnit": "3.98 kg",
    "image": "https://www.jumbo.com/dam-images/fit-in/360x360/Products/12092025_1757643265551_1757643275168_213928_STK_08445291014084_C1N1_s01.png",
    "available": true,
    "promoUntil": null
  },
  {
    "id": "621673FLS",
    "title": "Marcel's Green Soap Allesreiniger Spray Lavendel & Kruidnagel 500 ML",
    "category": "Huishouden en dieren",
    "price": 3.49,
    "promoPrice": null,
    "pricePerUnit": "6.98 l",
    "image": "https://www.jumbo.com/dam-images/fit-in/360x360/Products/08082025_1754616059781_1754616064003_621673_FLS_08719189416060_C1N1.png",
    "available": true,
    "promoUntil": null
  },
  {
    "id": "648173KGR",
    "title": "Jumbo Biologisch Belegen Kaas 50+ Stuk ca. 450 g",
    "category": "Vleeswaren, kaas en tapas",
    "price": 8.55,
    "promoPrice": null,
    "pricePerUnit": "18.99 kg",
    "image": "https://www.jumbo.com/dam-images/fit-in/360x360/Products/12122024_1734021187517_1734021200474_2348851000000_1.png",
    "available": true,
    "promoUntil": null
  },
  {
    "id": "406959DS",
    "title": "Jumbo Chocolade Smaak Roomijs 500 g",
    "category": "Diepvries",
    "price": 3.49,
    "promoPrice": null,
    "pricePerUnit": "3.49 l",
    "image": "https://www.jumbo.com/dam-images/fit-in/360x360/Products/12042024_1712946979301_1712946987806_8718452773664_1.png",
    "available": true,
    "promoUntil": null
  },
  {
    "id": "163642ZK",
    "title": "Tempo Complete Care 4-Laags Zakdoeken 10 x 9 Stuks",
    "category": "Drogisterij en baby",
    "price": 3.25,
    "promoPrice": null,
    "pricePerUnit": "0.33 pieces",
    "image": "https://www.jumbo.com/dam-images/fit-in/360x360/Products/15072025_1752544422754_1752544425316_163642_ZK_07322540786545_C1N1.png",
    "available": true,
    "promoUntil": null
  },
  {
    "id": "559730ZK",
    "title": "JIMMY's Popcorn Sweet & Salt 100g",
    "category": "Koek, snoep, chocolade en chips",
    "price": 1.99,
    "promoPrice": null,
    "pricePerUnit": "19.9 kg",
    "image": "https://www.jumbo.com/dam-images/fit-in/360x360/Products/11082025_1754919207416_1754919213478_8713276011329_1.png",
    "available": true,
    "promoUntil": null
  },
  {
    "id": "707261STK",
    "title": "Duracell Plus AA 6 Stuks",
    "category": "Non-food en servicebalie",
    "price": 11.69,
    "promoPrice": null,
    "pricePerUnit": "1.95 pieces",
    "image": "https://www.jumbo.com/dam-images/fit-in/360x360/Products/30062025_1751282354753_1751282356230_707261_STK_05000394176089_A1N1.png",
    "available": true,
    "promoUntil": null
  },
  {
    "id": "588357PAK",
    "title": "Jumbo Ecologisch Toiletpapier 3 Laags 4 Rollen",
    "category": "Huishouden en dieren",
    "price": 2.79,
    "promoPrice": null,
    "pricePerUnit": "0.7 pieces",
    "image": "https://www.jumbo.com/dam-images/fit-in/360x360/Products/03062024_1717432514883_1717432520892_8718452723362_1.png",
    "available": true,
    "promoUntil": null
  },
  {
    "id": "75183PAK",
    "title": "Zwitsal Vochtige Washandjes Goedemorgen 20 Stuks",
    "category": "Drogisterij en baby",
    "price": 4.35,
    "promoPrice": null,
    "pricePerUnit": "0.22 pieces",
    "image": "https://www.jumbo.com/dam-images/fit-in/360x360/Products/20092025_1758331265556_1758331316733_75183_PAK_08711700508483_C1N1.png",
    "available": false,
    "promoUntil": null
  },
  {
    "id": "629543BLS",
    "title": "Glorix Actief Blauw Water Toiletblok Magnolia 1 stuk",
    "category": "Huishouden en dieren",
    "price": 4.55,
    "promoPrice": null,
    "pricePerUnit": "4.55 pieces",
    "image": "https://www.jumbo.com/dam-images/fit-in/360x360/Products/16072025_1752628538780_1752628578379_629543_BLS_08720182908988_H1N1.png",
    "available": true,
    "promoUntil": null
  },
  {
    "id": "623322DS",
    "title": "B'tween Protein Noten & Karamel 4 x 24g",
    "category": "Koek, snoep, chocolade en chips",
    "price": 2.56,
    "promoPrice": null,
    "pricePerUnit": "26.67 kg",
    "image": "https://www.jumbo.com/dam-images/fit-in/360x360/Products/26022025_1740548166878_1740548178025_623322_DS_08713500081029_H1N1.png",
    "available": true,
    "promoUntil": null
  },
  {
    "id": "480353FLS",
    "title": "Royal Club Rose Lemonade 0 % Suiker PET 1 L",
    "category": "Frisdrank en sappen",
    "price": 2.49,
    "promoPrice": null,
    "pricePerUnit": "2.49 l",
    "image": "https://www.jumbo.com/dam-images/fit-in/360x360/Products/10102024_1728528805142_1728528812203_480353_FLS_08715600246858_H1N1.png",
    "available": true,
    "promoUntil": null
  },
  {
    "id": "376160DS",
    "title": "Innopastry Easy-to-Eat Framboos Tropical Kaneel 6 x 55 g",
    "category": "Diepvries",
    "price": 7.99,
    "promoPrice": null,
    "pricePerUnit": "24.21 kg",
    "image": "https://www.jumbo.com/dam-images/fit-in/360x360/Products/19012024_1705635960108_1705635982188_376160_DS_08718868076083_C1N1.png",
    "available": true,
    "promoUntil": null
  },
  {
    "id": "635378PAK",
    "title": "Van Doorn Zeeuwse Speculaas 250 g",
    "category": "Koek, snoep, chocolade en chips",
    "price": 1.39,
    "promoPrice": null,
    "pricePerUnit": "5.56 kg",
    "image": "https://www.jumbo.com/dam-images/fit-in/360x360/Products/12122024_1734014527295_1734014532436_8710667100600_1.png",
    "available": true,
    "promoUntil": null
  },
  {
    "id": "694042ZK",
    "title": "Jumbo - Vriesverse Italiaanse Bol - 4 Stuks",
    "category": "Brood en gebak",
    "price": 2.2,
    "promoPrice": null,
    "pricePerUnit": "4.58 kg",
    "image": "https://www.jumbo.com/dam-images/fit-in/360x360/Products/21052025_1747837989423_1747837997128_8718452900589_1.png",
    "available": true,
    "promoUntil": null
  },
  {
    "id": "369760DS",
    "title": "Consenza Gluten Free Mini Slagroomsoesjes 250 g",
    "category": "Brood en gebak",
    "price": 6.23,
    "promoPrice": null,
    "pricePerUnit": "24.92 kg",
    "image": "https://www.jumbo.com/dam-images/fit-in/360x360/Products/03082024_1722649500312_1722649512310_369760_DS_08717496862525_C1N1.png",
    "available": true,
    "promoUntil": null
  },
  {
    "id": "643832STK",
    "title": "Firat Bakery Lahmacun Turkish Pizza 2 x 150 g",
    "category": "Vleeswaren, kaas en tapas",
    "price": 3.99,
    "promoPrice": null,
    "pricePerUnit": "13.3 kg",
    "image": "https://www.jumbo.com/dam-images/fit-in/360x360/Products/15102024_1728977646107_1728977656535_8718247359905_1.png",
    "available": true,
    "promoUntil": null
  },
  {
    "id": "592543STK",
    "title": "Jumbo Houten Wasknijpers 36 Stuks",
    "category": "Huishouden en dieren",
    "price": 1.64,
    "promoPrice": null,
    "pricePerUnit": "1.64 pieces",
    "image": "https://www.jumbo.com/dam-images/fit-in/360x360/Products/26092024_1727361163118_1727361171575_8718452772582_1.png",
    "available": true,
    "promoUntil": null
  },
  {
    "id": "521768DS",
    "title": "Honig Maaltijdmix voor Goulash 78 g",
    "category": "Wereldkeukens, kruiden, pasta en rijst",
    "price": 1.99,
    "promoPrice": null,
    "pricePerUnit": "25.51 kg",
    "image": "https://www.jumbo.com/dam-images/fit-in/360x360/Products/17062025_1750124247668_1750124260783_521768_DS_08714700170414_H1N1.png",
    "available": true,
    "promoUntil": null
  },
  {
    "id": "546737DS",
    "title": "Smoeltjes Ufo's 6 x 2 Stuks 140 g",
    "category": "Koek, snoep, chocolade en chips",
    "price": 2.66,
    "promoPrice": null,
    "pricePerUnit": "19.0 kg",
    "image": "https://www.jumbo.com/dam-images/fit-in/360x360/Products/22122023_1703224912021_1703224919404_546737_DS_08710508918197_C1N1.png",
    "available": true,
    "promoUntil": null
  },
  {
    "id": "492263POT",
    "title": "Drogheria Himalaya zout 94 g",
    "category": "Wereldkeukens, kruiden, pasta en rijst",
    "price": 3.69,
    "promoPrice": null,
    "pricePerUnit": "39.26 kg",
    "image": "https://www.jumbo.com/dam-images/fit-in/360x360/Products/08052025_1746669728243_1746669730631_492263_POT_08004708048984_A1N1.png",
    "available": true,
    "promoUntil": null
  },
  {
    "id": "291450BAK",
    "title": "Jumbo Nasi Vega 260 g",
    "category": "Verse maaltijden en gemak",
    "price": 3.49,
    "promoPrice": null,
    "pricePerUnit": "13.42 kg",
    "image": "https://www.jumbo.com/dam-images/fit-in/360x360/Products/29092023_1695996274238_1695996282415_8718452661688_1.png",
    "available": true,
    "promoUntil": null
  },
  {
    "id": "360860KGR",
    "title": "Jumbo Pekelvlees ca. 110 g",
    "category": "Vleeswaren, kaas en tapas",
    "price": 3.39,
    "promoPrice": null,
    "pricePerUnit": "30.8 kg",
    "image": "https://www.jumbo.com/dam-images/fit-in/360x360/Products/09082023_1691586716150_1691586743503_2308096000000_1.png",
    "available": true,
    "promoUntil": null
  },
  {
    "id": "683102DS",
    "title": "Jumbo Quinoa Geitenkaas Salade Bowl 250 g",
    "category": "Verse maaltijden en gemak",
    "price": 4.39,
    "promoPrice": null,
    "pricePerUnit": "17.56 kg",
    "image": "https://www.jumbo.com/dam-images/fit-in/360x360/Products/26052025_1748244748060_1748244757891_8718452904044_1.png",
    "available": true,
    "promoUntil": null
  },
  {
    "id": "669470DS",
    "title": "Jupiler - Blik - 6 x 250 ml",
    "category": "Bier en wijn",
    "price": 7.49,
    "promoPrice": null,
    "pricePerUnit": "4.99 l",
    "image": "https://www.jumbo.com/dam-images/fit-in/360x360/Products/JUPREDSHR6x25clSleekNLD514333032D29b3763fa-a8db-4823-bb8e-5aeb3b5bed75-1744881684855.png",
    "available": true,
    "promoUntil": null
  },
  {
    "id": "689596ZK",
    "title": "Jumbo Tijm 15 g",
    "category": "Aardappelen, groente en fruit",
    "price": 1.19,
    "promoPrice": null,
    "pricePerUnit": "79.33 kg",
    "image": "https://www.jumbo.com/dam-images/fit-in/360x360/Products/12062025_1749742493938_1749742513876_8718452897049_1.png",
    "available": true,
    "promoUntil": null
  },
  {
    "id": "520465TAS",
    "title": "Jumbo Wafel met Vanillesmaak 8 Stuks",
    "category": "Koek, snoep, chocolade en chips",
    "price": 2.69,
    "promoPrice": null,
    "pricePerUnit": "12.01 kg",
    "image": "https://www.jumbo.com/dam-images/fit-in/360x360/Products/10082023_1691677821794_1691677835396_8718452670222_1.png",
    "available": true,
    "promoUntil": null
  },
  {
    "id": "89047PAK",
    "title": "Nutrilon A.R. 2 - Baby 6-12 Maanden 800g",
    "category": "Drogisterij en baby",
    "price": 22.66,
    "promoPrice": null,
    "pricePerUnit": "28.33 kg",
    "image": "https://www.jumbo.com/dam-images/fit-in/360x360/Products/28082025_1756398807363_1756398810762_8712400110150_1.png",
    "available": true,
    "promoUntil": null
  },
  {
    "id": "678174ZK",
    "title": "Always Ultra Dag Maandverbanden Long (Maat 2)",
    "category": "Drogisterij en baby",
    "price": 2.89,
    "promoPrice": null,
    "pricePerUnit": "0.26 pieces",
    "image": "https://www.jumbo.com/dam-images/fit-in/360x360/Products/14082025_1755200016385_1755200020604_8006540584101_1.png",
    "available": true,
    "promoUntil": null
  },
  {
    "id": "680070FLS",
    "title": "Head & Shoulders Classic 2-in-1 Anti-Roos Shampoo 300ml. Fris en schoon haar",
    "category": "Drogisterij en baby",
    "price": 7.69,
    "promoPrice": null,
    "pricePerUnit": "25.63 l",
    "image": "https://www.jumbo.com/dam-images/fit-in/360x360/Products/02062025_1748828250346_1748828251468_680070_FLS_08700216155991_C1N1.png",
    "available": true,
    "promoUntil": null
  },
  {
    "id": "705588FLS",
    "title": "Ajax Allesreiniger Fet De Fleur Peach 1000 ML",
    "category": "Huishouden en dieren",
    "price": 3.59,
    "promoPrice": null,
    "pricePerUnit": "3.59 l",
    "image": "https://www.jumbo.com/dam-images/fit-in/360x360/Products/18062025_1750246766456_1750246770168_705588_FLS_08718951710306_C1N1.png",
    "available": true,
    "promoUntil": null
  },
  {
    "id": "215067ZK",
    "title": "Naomi Borrel Kroepoek 135 g",
    "category": "Wereldkeukens, kruiden, pasta en rijst",
    "price": 1.58,
    "promoPrice": null,
    "pricePerUnit": "11.7 kg",
    "image": "https://www.jumbo.com/dam-images/fit-in/360x360/Products/09082023_1691585025847_1691585038664_8712544215025_1.png",
    "available": true,
    "promoUntil": null
  },
  {
    "id": "99090FLS",
    "title": "Alpaca - Cabernet Sauvignon - 750ML",
    "category": "Bier en wijn",
    "price": 4.79,
    "promoPrice": null,
    "pricePerUnit": "6.39 l",
    "image": "https://www.jumbo.com/dam-images/fit-in/360x360/Products/22072024_1721637327392_1721637329942_7808704700270_1.png",
    "available": true,
    "promoUntil": null
  },
  {
    "id": "572878ZK",
    "title": "Jumbo Pecannoten Gezouten 200 g",
    "category": "Koek, snoep, chocolade en chips",
    "price": 2.99,
    "promoPrice": null,
    "pricePerUnit": "14.95 kg",
    "image": "https://www.jumbo.com/dam-images/fit-in/360x360/Products/14022024_1707872954288_1707872960183_8718452723782_1.png",
    "available": true,
    "promoUntil": null
  },
  {
    "id": "595736ZK",
    "title": "Jumbo Rauwkost Hollands 150 g",
    "category": "Aardappelen, groente en fruit",
    "price": 2.29,
    "promoPrice": null,
    "pricePerUnit": "15.27 kg",
    "image": "https://www.jumbo.com/dam-images/fit-in/360x360/Products/26062024_1719412468089_1719412477364_8718452788651_1.png",
    "available": true,
    "promoUntil": null
  },
  {
    "id": "449921PAK",
    "title": "Sheba Perfect Portions met Tonijn 3 x 2 x 37,5 g",
    "category": "Huishouden en dieren",
    "price": 3.36,
    "promoPrice": null,
    "pricePerUnit": "1.12 pieces",
    "image": "https://www.jumbo.com/dam-images/fit-in/360x360/Products/30062025_1751279606257_1751279623872_4008429135422_596.png",
    "available": true,
    "promoUntil": null
  },
  {
    "id": "544588ZK",
    "title": "Klene Drop Pinpassen XL Voordeelverpakking 350g",
    "category": "Koek, snoep, chocolade en chips",
    "price": 3.95,
    "promoPrice": null,
    "pricePerUnit": "11.29 kg",
    "image": "https://www.jumbo.com/dam-images/fit-in/360x360/Products/07072025_1751902619045_1751902626199_8723400799016_1.png",
    "available": true,
    "promoUntil": null
  },
  {
    "id": "601675PAK",
    "title": "Venco Topdrop Hard Zout 4 x 47 g",
    "category": "Koek, snoep, chocolade en chips",
    "price": 1.89,
    "promoPrice": null,
    "pricePerUnit": "10.05 kg",
    "image": "https://www.jumbo.com/dam-images/fit-in/360x360/Products/12122024_1734014442321_1734014445718_87138122_1.png",
    "available": true,
    "promoUntil": null
  },
  {
    "id": "64548DS",
    "title": "Iglo Spinazie fijn gehakt 750 g",
    "category": "Diepvries",
    "price": 2.0,
    "promoPrice": null,
    "pricePerUnit": "2.67 kg",
    "image": "https://www.jumbo.com/dam-images/fit-in/360x360/Products/08717774262795C1N15a717611-517a-462b-a88b-df61904311a3-1749022355739.png",
    "available": true,
    "promoUntil": null
  },
  {
    "id": "547252FLS",
    "title": "Jumbo Shot Gember, Appel & Aardbei 125ML",
    "category": "Frisdrank en sappen",
    "price": 1.0,
    "promoPrice": null,
    "pricePerUnit": "8.0 l",
    "image": "https://www.jumbo.com/dam-images/fit-in/360x360/Products/04112024_1730752387457_1730752391658_8718452863860_1.png",
    "available": true,
    "promoUntil": null
  },
  {
    "id": "682379DS",
    "title": "Jumbo Vriesverse Bosvruchten 250 g",
    "category": "Diepvries",
    "price": 2.09,
    "promoPrice": null,
    "pricePerUnit": "8.36 kg",
    "image": "https://www.jumbo.com/dam-images/fit-in/360x360/Products/02042025_1743604411553_1743604433147_8718452883516_596.png",
    "available": true,
    "promoUntil": null
  },
  {
    "id": "542823PAK",
    "title": "Whiskas 7+ Kattenvoer - Mix selectie in saus - maaltijdzakjes 12x85g",
    "category": "Huishouden en dieren",
    "price": 5.72,
    "promoPrice": null,
    "pricePerUnit": "5.61 kg",
    "image": "https://www.jumbo.com/dam-images/fit-in/360x360/Products/08082024_1723120458626_1723120477340_3065890155350_596.png",
    "available": true,
    "promoUntil": null
  },
  {
    "id": "608477STK",
    "title": "Jumbo Focaccia Margherita 240g",
    "category": "Brood en gebak",
    "price": 3.59,
    "promoPrice": null,
    "pricePerUnit": "14.96 kg",
    "image": "https://www.jumbo.com/dam-images/fit-in/360x360/Products/12122024_1734014581135_1734014598754_8718452612574_1.png",
    "available": true,
    "promoUntil": null
  },
  {
    "id": "555551TRL",
    "title": "Red Bull Energy Drink Abrikoos-Aardbeismaak The Apricot Edition - 12 x 250 ml",
    "category": "Frisdrank en sappen",
    "price": 18.69,
    "promoPrice": null,
    "pricePerUnit": "6.23 l",
    "image": "https://www.jumbo.com/dam-images/fit-in/360x360/Products/02042024_1712075592388_1712075597046_9002490263959_1.png",
    "available": true,
    "promoUntil": null
  },
  {
    "id": "292504STK",
    "title": "Jumbo Digestive Biscuit Pure Chocolade 300 g",
    "category": "Koek, snoep, chocolade en chips",
    "price": 1.19,
    "promoPrice": null,
    "pricePerUnit": "3.97 kg",
    "image": "https://www.jumbo.com/dam-images/fit-in/360x360/Products/10082023_1691677306040_1691677314080_8718452392117_1.png",
    "available": true,
    "promoUntil": null
  },
  {
    "id": "618981FLS",
    "title": "Jumbo Lemonade Citroen Limoen 400ML",
    "category": "Aardappelen, groente en fruit",
    "price": 2.19,
    "promoPrice": null,
    "pricePerUnit": "5.48 l",
    "image": "https://www.jumbo.com/dam-images/fit-in/360x360/Products/28062024_1719585375751_1719585379780_8718452838660_1.png",
    "available": true,
    "promoUntil": null
  },
  {
    "id": "621930DS",
    "title": "Jumbo Biologisch Couscous 400 g",
    "category": "Wereldkeukens, kruiden, pasta en rijst",
    "price": 1.38,
    "promoPrice": null,
    "pricePerUnit": "3.45 kg",
    "image": "https://www.jumbo.com/dam-images/fit-in/360x360/Products/04062024_1717490780865_1717490798532_8718452836901_596.png",
    "available": true,
    "promoUntil": null
  },
  {
    "id": "282954STK",
    "title": "Salakis Feta Bio 150 g",
    "category": "Vleeswaren, kaas en tapas",
    "price": 3.65,
    "promoPrice": null,
    "pricePerUnit": "24.33 kg",
    "image": "https://www.jumbo.com/dam-images/fit-in/360x360/Products/07102024_1728297191610_1728297198631_5413209992598_1.png",
    "available": true,
    "promoUntil": null
  },
  {
    "id": "692605ZK",
    "title": "Knorr Mix voor Ovenschotel Broccoli",
    "category": "Wereldkeukens, kruiden, pasta en rijst",
    "price": 1.29,
    "promoPrice": null,
    "pricePerUnit": "21.5 kg",
    "image": "https://www.jumbo.com/dam-images/fit-in/360x360/Products/14052025_1747190476397_1747190497044_692605_ZK_08721201972348_C1N1.png",
    "available": true,
    "promoUntil": null
  },
  {
    "id": "478489DS",
    "title": "Dr. Oetker Ristorante Pizza Piccola Margherita 2-pack 270 g",
    "category": "Diepvries",
    "price": 4.59,
    "promoPrice": null,
    "pricePerUnit": "17.0 kg",
    "image": "https://www.jumbo.com/dam-images/fit-in/360x360/Products/17042025_1744862747915_1744862756372_478489_DS_04001724038818_C1N1_s03.png",
    "available": true,
    "promoUntil": null
  },
  {
    "id": "971162PAK",
    "title": "Easy Bakery Filo Bladerdeeg 10 x 22,5 g",
    "category": "Diepvries",
    "price": 1.8,
    "promoPrice": null,
    "pricePerUnit": "8.0 kg",
    "image": "https://www.jumbo.com/dam-images/fit-in/360x360/Products/10082023_1691675001781_1691675057187_8710515716014_1.png",
    "available": true,
    "promoUntil": null
  },
  {
    "id": "81945ZK",
    "title": "Aviko Vlaamse Friet",
    "category": "Diepvries",
    "price": 2.75,
    "promoPrice": null,
    "pricePerUnit": "3.67 kg",
    "image": "https://www.jumbo.com/dam-images/fit-in/360x360/Products/15102024_1728999188327_1728999197756_8710449917723_1.png",
    "available": true,
    "promoUntil": null
  },
  {
    "id": "390229ZK",
    "title": "MAGGI Dagschotel Broccoli-Kaas met Gehakt Zakje 54 g",
    "category": "Wereldkeukens, kruiden, pasta en rijst",
    "price": 1.89,
    "promoPrice": null,
    "pricePerUnit": "35.0 kg",
    "image": "https://www.jumbo.com/dam-images/fit-in/360x360/Products/17092024_1726538064537_1726538083600_390229_ZK_07613035187955_C1N1_s01.png",
    "available": true,
    "promoUntil": null
  },
  {
    "id": "476886ZK",
    "title": "Jumbo Vegan Slangen Zoet & Zacht 200 g",
    "category": "Koek, snoep, chocolade en chips",
    "price": 1.99,
    "promoPrice": null,
    "pricePerUnit": "9.95 kg",
    "image": "https://www.jumbo.com/dam-images/fit-in/360x360/Products/476886_8718452534159_1_T1_442217ZK1691162451814.png",
    "available": true,
    "promoUntil": null
  },
  {
    "id": "673175ZK",
    "title": "Jumbo's Traybake Broccoli & Wortel Mix 450 g",
    "category": "Diepvries",
    "price": 1.99,
    "promoPrice": null,
    "pricePerUnit": "4.42 kg",
    "image": "https://www.jumbo.com/dam-images/fit-in/360x360/Products/04032025_1741084365898_1741084391017_8718452886166_596.png",
    "available": true,
    "promoUntil": null
  },
  {
    "id": "431390FLS",
    "title": "Jumbo Helder Licht Bruisend Mineraalwater Citroen Smaak 500ML",
    "category": "Frisdrank en sappen",
    "price": 0.59,
    "promoPrice": null,
    "pricePerUnit": "1.18 l",
    "image": "https://www.jumbo.com/dam-images/fit-in/360x360/Products/28022025_1740753169067_1740753180501_8718452640416_596.png",
    "available": true,
    "promoUntil": null
  },
  {
    "id": "699385KGR",
    "title": "Jumbo Gerookte Kipfilet ca. 110 g",
    "category": "Vleeswaren, kaas en tapas",
    "price": 3.4,
    "promoPrice": null,
    "pricePerUnit": "30.95 kg",
    "image": "https://www.jumbo.com/dam-images/fit-in/360x360/Products/10062025_1749565989086_1749565999485_2369538000000_1.png",
    "available": true,
    "promoUntil": null
  },
  {
    "id": "572642ZK",
    "title": "Jumbo Borrelnoten Shanghai Stijl  300 g",
    "category": "Koek, snoep, chocolade en chips",
    "price": 1.79,
    "promoPrice": null,
    "pricePerUnit": "5.97 kg",
    "image": "https://www.jumbo.com/dam-images/fit-in/360x360/Products/20112023_1700498044575_1700498061749_8718452723843_1.png",
    "available": true,
    "promoUntil": null
  },
  {
    "id": "392003DS",
    "title": "Ferrero Rocher 8 Stuks 100 g",
    "category": "Koek, snoep, chocolade en chips",
    "price": 3.47,
    "promoPrice": null,
    "pricePerUnit": "34.7 kg",
    "image": "https://www.jumbo.com/dam-images/fit-in/360x360/Products/30082023_1693402442471_1693402449222_8000500192801_1.png",
    "available": true,
    "promoUntil": null
  },
  {
    "id": "269546DSL",
    "title": "Jumbo Huiswijn - Chenin Blanc 6 x 1 L",
    "category": "Bier en wijn",
    "price": 29.34,
    "promoPrice": null,
    "pricePerUnit": "4.89 l",
    "image": "https://www.jumbo.com/dam-images/fit-in/360x360/Products/269546DSL-1692278976711.png",
    "available": true,
    "promoUntil": null
  },
  {
    "id": "306039SC",
    "title": "Jumbo Golden Delicious Appels 4 Stuks",
    "category": "Aardappelen, groente en fruit",
    "price": 2.19,
    "promoPrice": null,
    "pricePerUnit": "0.55 pieces",
    "image": "https://www.jumbo.com/dam-images/fit-in/360x360/Products/09082023_1691586973998_1691586986379_8718452396511_1.png",
    "available": true,
    "promoUntil": null
  },
  {
    "id": "701003BUS",
    "title": "Jumbo Deodorant Dry Care 150ML",
    "category": "Drogisterij en baby",
    "price": 2.0,
    "promoPrice": null,
    "pricePerUnit": "13.33 l",
    "image": "https://www.jumbo.com/dam-images/fit-in/360x360/Products/23072025_1753281215825_1753281222854_8718452830060_596.png",
    "available": true,
    "promoUntil": null
  },
  {
    "id": "167799ZK",
    "title": "Brood van Soma Waldkorn Bruin Meergranenbrood 375 g",
    "category": "Brood en gebak",
    "price": 1.68,
    "promoPrice": null,
    "pricePerUnit": "4.48 kg",
    "image": "https://www.jumbo.com/dam-images/fit-in/360x360/Products/14022024_1707873204913_1707873210019_8710899013785_1.png",
    "available": true,
    "promoUntil": null
  },
  {
    "id": "201672DS",
    "title": "Jumbo Speculaas Reepjes Gevuld met Amandelspijs 270 g",
    "category": "Koek, snoep, chocolade en chips",
    "price": 1.79,
    "promoPrice": null,
    "pricePerUnit": "6.63 kg",
    "image": "https://www.jumbo.com/dam-images/fit-in/360x360/Products/22092025_1758540896043_1758540901970_8718452930043_1.png",
    "available": true,
    "promoUntil": null
  },
  {
    "id": "698636FLS",
    "title": "Andrélon Shampoo Anti-Roos 250 ml",
    "category": "Drogisterij en baby",
    "price": 6.49,
    "promoPrice": null,
    "pricePerUnit": "25.96 l",
    "image": "https://www.jumbo.com/dam-images/fit-in/360x360/Products/12072025_1752282789450_1752282812017_698636_FLS_08720181576638_H1N1.png",
    "available": true,
    "promoUntil": null
  },
  {
    "id": "481319BUS",
    "title": "JOZO Salt Extra Fine 125 g",
    "category": "Wereldkeukens, kruiden, pasta en rijst",
    "price": 0.53,
    "promoPrice": null,
    "pricePerUnit": "4.24 kg",
    "image": "https://www.jumbo.com/dam-images/fit-in/360x360/Products/01022025_1738384981053_1738384983878_481319_BUS_00000087158212_C1N1.png",
    "available": true,
    "promoUntil": null
  },
  {
    "id": "579667ROL",
    "title": "Jumbo Containerzakken 140 L 10 Stuks",
    "category": "Huishouden en dieren",
    "price": 1.49,
    "promoPrice": null,
    "pricePerUnit": "0.15 pieces",
    "image": "https://www.jumbo.com/dam-images/fit-in/360x360/Products/18022025_1739896392702_1739896402368_8718452758524_596.png",
    "available": true,
    "promoUntil": null
  },
  {
    "id": "232699ZK",
    "title": "Lassie Voorgestoomde Zilvervliesrijst Panklaar 250 g",
    "category": "Wereldkeukens, kruiden, pasta en rijst",
    "price": 1.68,
    "promoPrice": null,
    "pricePerUnit": "6.72 kg",
    "image": "https://www.jumbo.com/dam-images/fit-in/360x360/Products/09052024_1715218953947_1715218963681_232699_ZK_08718781601270_H1N1.png",
    "available": true,
    "promoUntil": null
  },
  {
    "id": "616687DSL",
    "title": "Dove Advanced Care Anti-Transpirant Pomegranate Scent 150ML 6 stuks",
    "category": "Drogisterij en baby",
    "price": 35.94,
    "promoPrice": 25.15,
    "pricePerUnit": "39.93 l",
    "image": "https://www.jumbo.com/dam-images/fit-in/360x360/Products/616687DSL1268a75e1-cf3e-4f9a-ab62-f301c5e46409-1717485198075.png",
    "available": true,
    "promoUntil": "di 7 okt"
  },
  {
    "id": "608741STK",
    "title": "Zandvliet Runder Kookworst 350 g",
    "category": "Vleeswaren, kaas en tapas",
    "price": 3.49,
    "promoPrice": null,
    "pricePerUnit": "9.97 kg",
    "image": "https://www.jumbo.com/dam-images/fit-in/360x360/Products/22042025_1745335948325_1745335952481_87244182_1.png",
    "available": true,
    "promoUntil": null
  },
  {
    "id": "610853FLS",
    "title": "Robijn Vloeibaar Wasmiddel Color 60 Wasbeurten",
    "category": "Huishouden en dieren",
    "price": 21.99,
    "promoPrice": null,
    "pricePerUnit": "0.37 wb",
    "image": "https://www.jumbo.com/dam-images/fit-in/360x360/Products/30072025_1753839754913_1753839806885_610853_FLS_08720181103100_C1N1.png",
    "available": true,
    "promoUntil": null
  },
  {
    "id": "628865RP",
    "title": "Jumbo Melk Praliné Bloc 200 g",
    "category": "Koek, snoep, chocolade en chips",
    "price": 2.37,
    "promoPrice": null,
    "pricePerUnit": "11.85 kg",
    "image": "https://www.jumbo.com/dam-images/fit-in/360x360/Products/27052025_1748360090145_1748360104242_8718452877096_596.png",
    "available": true,
    "promoUntil": null
  },
  {
    "id": "396480STK",
    "title": "Jumbo Intense Puur 100 g",
    "category": "Koek, snoep, chocolade en chips",
    "price": 2.59,
    "promoPrice": null,
    "pricePerUnit": "25.9 kg",
    "image": "https://www.jumbo.com/dam-images/fit-in/360x360/Products/09082023_1691587629313_1691587644964_8718452501663_1.png",
    "available": true,
    "promoUntil": null
  },
  {
    "id": "183282FLS",
    "title": "Bundaberg Ginger Beer 375 ml",
    "category": "Frisdrank en sappen",
    "price": 2.49,
    "promoPrice": null,
    "pricePerUnit": "6.64 l",
    "image": "https://www.jumbo.com/dam-images/fit-in/360x360/Products/30082023_1693398123748_1693398129512_9311493003050_1.png",
    "available": true,
    "promoUntil": null
  },
  {
    "id": "709925DS",
    "title": "Jumbo Verspakket Oosterse Kippensoep 2 Personen",
    "category": "Verse maaltijden en gemak",
    "price": 4.39,
    "promoPrice": 2.99,
    "pricePerUnit": "5.86 kg",
    "image": "https://www.jumbo.com/dam-images/fit-in/360x360/Products/09092025_1757421321885_1757421334322_8718452933358_1.png",
    "available": true,
    "promoUntil": "di 30 sep"
  },
  {
    "id": "171340FLS",
    "title": "Jumbo Dessertsaus Aardbei 260 g",
    "category": "Diepvries",
    "price": 2.49,
    "promoPrice": null,
    "pricePerUnit": "9.58 kg",
    "image": "https://www.jumbo.com/dam-images/fit-in/360x360/Products/18062024_1718724829449_1718724834570_8718452794355_1.png",
    "available": true,
    "promoUntil": null
  },
  {
    "id": "532089KGR",
    "title": "Jumbo Goudse Kaas 30+ Belegen ca. 434 g",
    "category": "Vleeswaren, kaas en tapas",
    "price": 7.37,
    "promoPrice": null,
    "pricePerUnit": "16.99 kg",
    "image": "https://www.jumbo.com/dam-images/fit-in/360x360/Products/10082023_1691677738337_1691677778182_2335947000000_1.png",
    "available": true,
    "promoUntil": null
  },
  {
    "id": "451586DS",
    "title": "Merci Melkchocolade Doos 250g",
    "category": "Koek, snoep, chocolade en chips",
    "price": 5.24,
    "promoPrice": null,
    "pricePerUnit": "20.96 kg",
    "image": "https://www.jumbo.com/dam-images/fit-in/360x360/Products/05072025_1751681655887_1751681660682_451586_DS_04014400901405_C1N1.png",
    "available": true,
    "promoUntil": null
  },
  {
    "id": "694946ZK",
    "title": "Jumbo BBQ Witte Burger Buns met Sesam en Maanzaad 4 Stuks",
    "category": "Brood en gebak",
    "price": 1.79,
    "promoPrice": null,
    "pricePerUnit": "5.59 kg",
    "image": "https://www.jumbo.com/dam-images/fit-in/360x360/Products/07052025_1746606747105_1746606753019_8718452911349_1.png",
    "available": true,
    "promoUntil": null
  },
  {
    "id": "693374BAK",
    "title": "Kraakman Roze Fondant Pencee 4 Stuks",
    "category": "Koek, snoep, chocolade en chips",
    "price": 3.75,
    "promoPrice": null,
    "pricePerUnit": "0.94 pieces",
    "image": "https://www.jumbo.com/dam-images/fit-in/360x360/Products/05032025_1741188768365_1741188775281_8716415512763_1.png",
    "available": true,
    "promoUntil": null
  },
  {
    "id": "660969ZK",
    "title": "Jumbo's High Proteïne Tortilla Large 6 Stuks",
    "category": "Wereldkeukens, kruiden, pasta en rijst",
    "price": 1.99,
    "promoPrice": null,
    "pricePerUnit": "5.38 kg",
    "image": "https://www.jumbo.com/dam-images/fit-in/360x360/Products/07022025_1738945991019_1738945998544_8718452860920_1.png",
    "available": true,
    "promoUntil": null
  },
  {
    "id": "613426DS",
    "title": "Magnum IJs Euphoria Pink Lemonade 3 stuks 3 x 90ml",
    "category": "Diepvries",
    "price": 4.39,
    "promoPrice": null,
    "pricePerUnit": "16.26 l",
    "image": "https://www.jumbo.com/dam-images/fit-in/360x360/Products/12092025_1757641861749_1757641910142_613426_DS_08711327623057_H1N1.png",
    "available": true,
    "promoUntil": null
  },
  {
    "id": "458093ZK",
    "title": "Jumbo - Appelovaaltjes 6 Stuks - Om thuis af te bakken",
    "category": "Diepvries",
    "price": 2.4,
    "promoPrice": null,
    "pricePerUnit": "0.4 pieces",
    "image": "https://www.jumbo.com/dam-images/fit-in/360x360/Products/458093_8718452581917_1_T5_458093ZK1691161497886.png",
    "available": true,
    "promoUntil": null
  },
  {
    "id": "686078FLS",
    "title": "Doppio Passo - Primitivo - 750ML",
    "category": "Bier en wijn",
    "price": 7.99,
    "promoPrice": null,
    "pricePerUnit": "10.65 l",
    "image": "https://www.jumbo.com/dam-images/fit-in/360x360/Products/11062025_1749666770025_1749666773650_8008863069457_1.png",
    "available": true,
    "promoUntil": null
  },
  {
    "id": "602734PAK",
    "title": "Gulpener - Ur-Hop IPA - BIO - Fles - 6 x 300ML",
    "category": "Bier en wijn",
    "price": 7.99,
    "promoPrice": null,
    "pricePerUnit": "4.44 l",
    "image": "https://www.jumbo.com/dam-images/fit-in/360x360/Products/08725500310276C1N1b8e71889-1b62-4ec1-ad5c-a0f250666297-1733923037356.png",
    "available": true,
    "promoUntil": null
  },
  {
    "id": "559546DS",
    "title": "PURINA® Gourmet® Mon Petit Intense Fijne stukjes met Kalkoen, met Kip, met Eend 6x50g natvoer ",
    "category": "Huishouden en dieren",
    "price": 3.18,
    "promoPrice": null,
    "pricePerUnit": "10.6 kg",
    "image": "https://www.jumbo.com/dam-images/fit-in/360x360/Products/17052025_1747444253191_1747444263980_559546_DS_07613034453068_C1N1_s05.png",
    "available": true,
    "promoUntil": null
  },
  {
    "id": "361364POT",
    "title": "Hak Rode Kool 355 g",
    "category": "Aardappelen, groente en fruit",
    "price": 2.19,
    "promoPrice": null,
    "pricePerUnit": "6.17 kg",
    "image": "https://www.jumbo.com/dam-images/fit-in/360x360/Products/09082023_1691591780723_1691591787974_8720600619663_1.png",
    "available": true,
    "promoUntil": null
  },
  {
    "id": "558230BLK",
    "title": "Gourmet Gold Mousse Kattenvoer nat met Zalm",
    "category": "Huishouden en dieren",
    "price": 0.81,
    "promoPrice": null,
    "pricePerUnit": "9.53 kg",
    "image": "https://www.jumbo.com/dam-images/fit-in/360x360/Products/12062025_1749690126959_1749690163975_558230_BLK_00000087150834_C1N1_s02.png",
    "available": true,
    "promoUntil": null
  },
  {
    "id": "640724DS",
    "title": "HG Duo Ontstopper Extreem Sterk 2x 500ml",
    "category": "Huishouden en dieren",
    "price": 14.29,
    "promoPrice": null,
    "pricePerUnit": "14.29 l",
    "image": "https://www.jumbo.com/dam-images/fit-in/360x360/Products/14062025_1749865773799_1749865779338_640724_DS_08711577058418_C1N1.png",
    "available": true,
    "promoUntil": null
  },
  {
    "id": "672333PAK",
    "title": "Sultana Knappers Kaneel 207 g",
    "category": "Koek, snoep, chocolade en chips",
    "price": 2.0,
    "promoPrice": null,
    "pricePerUnit": "9.66 kg",
    "image": "https://www.jumbo.com/dam-images/fit-in/360x360/Products/27032025_1743043705556_1743043712631_672333_PAK_08710412045545_H1N1.png",
    "available": true,
    "promoUntil": null
  },
  {
    "id": "129414ZK",
    "title": "Consenza Gluten Free Brown 750 g",
    "category": "Diepvries",
    "price": 5.99,
    "promoPrice": null,
    "pricePerUnit": "7.99 kg",
    "image": "https://www.jumbo.com/dam-images/fit-in/360x360/Products/16012025_1736993847865_1736993858660_129414_ZK_08717496861184_C1N1.png",
    "available": true,
    "promoUntil": null
  },
  {
    "id": "557361DS",
    "title": "Crodino Rosso 6 x 175ml",
    "category": "Bier en wijn",
    "price": 10.39,
    "promoPrice": null,
    "pricePerUnit": "9.9 l",
    "image": "https://www.jumbo.com/dam-images/fit-in/360x360/Products/08012025_1736346811538_1736346820126_8000040720403_1.png",
    "available": true,
    "promoUntil": null
  },
  {
    "id": "661011FLS",
    "title": "ABC Sweet Soy Sauce Kecap Manis 600 ml",
    "category": "Wereldkeukens, kruiden, pasta en rijst",
    "price": 3.79,
    "promoPrice": null,
    "pricePerUnit": "6.32 l",
    "image": "https://www.jumbo.com/dam-images/fit-in/360x360/Products/25062025_1750876386937_1750876390402_711844110038_1.png",
    "available": true,
    "promoUntil": null
  },
  {
    "id": "699715BLK",
    "title": "Red Bull Energy Drink White Peach 250ML",
    "category": "Frisdrank en sappen",
    "price": 1.69,
    "promoPrice": null,
    "pricePerUnit": "6.76 l",
    "image": "https://www.jumbo.com/dam-images/fit-in/360x360/Products/19052025_1747643841170_1747643847935_699715_BLK_00000090474743_C1N1.png",
    "available": true,
    "promoUntil": null
  },
  {
    "id": "150326STK",
    "title": "Rosewood Zalmfilet Strips 150g",
    "category": "Huishouden en dieren",
    "price": 4.06,
    "promoPrice": null,
    "pricePerUnit": "27.07 kg",
    "image": "https://www.jumbo.com/dam-images/fit-in/360x360/Products/11042025_1744337813303_1744337818494_150326_STK_08712113454824_C1N1_s01.png",
    "available": true,
    "promoUntil": null
  },
  {
    "id": "608458TRA",
    "title": "Jumbo - Mini Worstenbroodjes - 9 Stuks",
    "category": "Brood en gebak",
    "price": 2.89,
    "promoPrice": null,
    "pricePerUnit": "0.32 pieces",
    "image": "https://www.jumbo.com/dam-images/fit-in/360x360/Products/12122024_1734014901915_1734014906850_8718452445714_1.png",
    "available": true,
    "promoUntil": null
  },
  {
    "id": "703727ZK",
    "title": "Knorr Lasagne Bolognese Maaltijd Mix 67g",
    "category": "Wereldkeukens, kruiden, pasta en rijst",
    "price": 1.95,
    "promoPrice": null,
    "pricePerUnit": "29.1 kg",
    "image": "https://www.jumbo.com/dam-images/fit-in/360x360/Products/08721201952791C1N132a0c1b5-b9e4-4f38-a1e2-d306310971c0-1751876654163.png",
    "available": true,
    "promoUntil": null
  },
  {
    "id": "62403PAK",
    "title": "Maaza Passion Fruit Fruit Drink 1 L",
    "category": "Frisdrank en sappen",
    "price": 2.19,
    "promoPrice": null,
    "pricePerUnit": "2.19 l",
    "image": "https://www.jumbo.com/dam-images/fit-in/360x360/Products/26022025_1740573213888_1740573218671_8718226323064_1.png",
    "available": true,
    "promoUntil": null
  },
  {
    "id": "686617ZK",
    "title": "MAGGI Witlof Crème 61 g",
    "category": "Wereldkeukens, kruiden, pasta en rijst",
    "price": 1.79,
    "promoPrice": null,
    "pricePerUnit": "29.34 kg",
    "image": "https://www.jumbo.com/dam-images/fit-in/360x360/Products/14032025_1741980788702_1741980797292_7613035188051_1.png",
    "available": true,
    "promoUntil": null
  },
  {
    "id": "143200POT",
    "title": "Verstegen Mix voor Kip Pikant 210 g",
    "category": "Wereldkeukens, kruiden, pasta en rijst",
    "price": 4.94,
    "promoPrice": null,
    "pricePerUnit": "23.52 kg",
    "image": "https://www.jumbo.com/dam-images/fit-in/360x360/Products/14032024_1710387990085_1710387995687_143200_POT_08712200526816_H1N1.png",
    "available": true,
    "promoUntil": null
  },
  {
    "id": "683106DS",
    "title": "Bavaria 0.0% Ginger Lime 6x330ML",
    "category": "Bier en wijn",
    "price": 5.99,
    "promoPrice": null,
    "pricePerUnit": "3.03 l",
    "image": "https://www.jumbo.com/dam-images/fit-in/360x360/Products/08714800051590H1N168a42986-790a-404c-8180-cea7cd60d17d-1749739420154.png",
    "available": true,
    "promoUntil": null
  },
  {
    "id": "478698DS",
    "title": "Dr. Oetker Casa di Mama Pizza Speciale 415 g",
    "category": "Diepvries",
    "price": 4.58,
    "promoPrice": null,
    "pricePerUnit": "11.04 kg",
    "image": "https://www.jumbo.com/dam-images/fit-in/360x360/Products/17042025_1744854041190_1744854051167_478698_DS_04001724015666_C1N1_s04.png",
    "available": true,
    "promoUntil": null
  },
  {
    "id": "685471CUP",
    "title": "Jumbo Groene Pesto Salade 200 g ",
    "category": "Vleeswaren, kaas en tapas",
    "price": 2.79,
    "promoPrice": null,
    "pricePerUnit": "13.95 kg",
    "image": "https://www.jumbo.com/dam-images/fit-in/360x360/Products/23072025_1753281215493_1753281221562_8718452897346_1.png",
    "available": true,
    "promoUntil": null
  },
  {
    "id": "544627ZK",
    "title": "Trolli Sour Glowworms 200 g",
    "category": "Koek, snoep, chocolade en chips",
    "price": 1.49,
    "promoPrice": null,
    "pricePerUnit": "7.45 kg",
    "image": "https://www.jumbo.com/dam-images/fit-in/360x360/Products/20122023_1703064230692_1703064237606_544627_ZK_04000512010869_C1N1.png",
    "available": true,
    "promoUntil": null
  },
  {
    "id": "536536PAK",
    "title": "Bavaria - Pils - 0.0% Alcoholvrij - Blik - 6 x 330ML",
    "category": "Bier en wijn",
    "price": 4.99,
    "promoPrice": null,
    "pricePerUnit": "2.52 l",
    "image": "https://www.jumbo.com/dam-images/fit-in/360x360/Products/08714800046916C1N103471633-d633-4605-a835-ca859aa12703-1710940862502.png",
    "available": true,
    "promoUntil": null
  },
  {
    "id": "576131DS",
    "title": "Desperados Lime Bier Fles 6 x 330ml",
    "category": "Bier en wijn",
    "price": 10.02,
    "promoPrice": null,
    "pricePerUnit": "5.06 l",
    "image": "https://www.jumbo.com/dam-images/fit-in/360x360/Products/07012025_1736267694551_1736267702295_8712000060633_1.png",
    "available": true,
    "promoUntil": null
  },
  {
    "id": "381988DSL",
    "title": "Jumbo Luiers 4+ 10-15 kg 3 x 72 Stuks - Voordeelverpakking",
    "category": "Drogisterij en baby",
    "price": 31.47,
    "promoPrice": null,
    "pricePerUnit": "0.15 pieces",
    "image": "https://www.jumbo.com/dam-images/fit-in/360x360/Products/381988DSL-1692279404645.png",
    "available": true,
    "promoUntil": null
  },
  {
    "id": "198246STK",
    "title": "Tony's Chocolonely Donkere Melk 42% Pretzel Toffee Chocolade Reep 180 g",
    "category": "Koek, snoep, chocolade en chips",
    "price": 4.29,
    "promoPrice": null,
    "pricePerUnit": "23.83 kg",
    "image": "https://www.jumbo.com/dam-images/fit-in/360x360/Products/05092025_1757040809506_1757040816024_198246_STK_08717677338610_C1N1.png",
    "available": true,
    "promoUntil": null
  },
  {
    "id": "187634ZK",
    "title": "Mora Mini's Rundvlees Bitterballen 600 g",
    "category": "Diepvries",
    "price": 5.59,
    "promoPrice": null,
    "pricePerUnit": "9.32 kg",
    "image": "https://www.jumbo.com/dam-images/fit-in/360x360/Products/09082025_1754702950691_1754702968330_187634_ZK_08710861999307_H1N1.png",
    "available": true,
    "promoUntil": null
  },
  {
    "id": "226098STK",
    "title": "Verkade Nizza Kaneel 240 g",
    "category": "Koek, snoep, chocolade en chips",
    "price": 1.8,
    "promoPrice": null,
    "pricePerUnit": "7.5 kg",
    "image": "https://www.jumbo.com/dam-images/fit-in/360x360/Products/12092023_1694487998784_1694488004308_226098_STK_08710412973596_C1N1.png",
    "available": true,
    "promoUntil": null
  },
  {
    "id": "442168TRA",
    "title": "Jumbo Partybrood Wit-Sesam 200 g",
    "category": "Brood en gebak",
    "price": 1.19,
    "promoPrice": null,
    "pricePerUnit": "5.95 kg",
    "image": "https://www.jumbo.com/dam-images/fit-in/360x360/Products/07072025_1751887996293_1751888000197_8718452570935_1.png",
    "available": true,
    "promoUntil": null
  },
  {
    "id": "226087STK",
    "title": "Magnum Pint IJs Double White Chocolate & Cookies 440ml",
    "category": "Diepvries",
    "price": 7.59,
    "promoPrice": null,
    "pricePerUnit": "17.25 l",
    "image": "https://www.jumbo.com/dam-images/fit-in/360x360/Products/03092025_1756891965636_1756891970791_8711327315600_1.png",
    "available": true,
    "promoUntil": null
  },
  {
    "id": "669725DS",
    "title": "Ariel 4in1 PODS Ultra, Wasmiddel Capsules 10",
    "category": "Huishouden en dieren",
    "price": 10.69,
    "promoPrice": null,
    "pricePerUnit": "1.07 pieces",
    "image": "https://www.jumbo.com/dam-images/fit-in/360x360/Products/14082025_1755200015972_1755200021095_8700216843539_1.png",
    "available": true,
    "promoUntil": null
  },
  {
    "id": "405774FLS",
    "title": "Nivea Hawaii Flower & Oil Fresh Care Shower 250 ml",
    "category": "Drogisterij en baby",
    "price": 4.89,
    "promoPrice": null,
    "pricePerUnit": "19.56 l",
    "image": "https://www.jumbo.com/dam-images/fit-in/360x360/Products/04012024_1704339760549_1704339774271_405774_FLS_04005900804310_C1N1.png",
    "available": true,
    "promoUntil": null
  },
  {
    "id": "382751FLS",
    "title": "TerraPura - Single Vineyard - Chardonnay - 375ML",
    "category": "Bier en wijn",
    "price": 4.99,
    "promoPrice": null,
    "pricePerUnit": "13.31 l",
    "image": "https://www.jumbo.com/dam-images/fit-in/360x360/Products/01092023_1693564445109_1693564447011_7804616098375_1.png",
    "available": true,
    "promoUntil": null
  },
  {
    "id": "486345ZK",
    "title": "Croky Chips Explosions Thai Curry 150g",
    "category": "Koek, snoep, chocolade en chips",
    "price": 1.99,
    "promoPrice": null,
    "pricePerUnit": "13.27 kg",
    "image": "https://www.jumbo.com/dam-images/fit-in/360x360/Products/24072025_1753345982083_1753346004167_5414359962615_596.png",
    "available": true,
    "promoUntil": null
  },
  {
    "id": "158010FLS",
    "title": "I Heart Cava Brut - 750ML",
    "category": "Bier en wijn",
    "price": 7.49,
    "promoPrice": null,
    "pricePerUnit": "9.99 l",
    "image": "https://www.jumbo.com/dam-images/fit-in/360x360/Products/03032025_1741030348717_1741030353469_8420418006050_1.png",
    "available": true,
    "promoUntil": null
  },
  {
    "id": "264245PAK",
    "title": "Gourmet Gold Mousse Mix Kattenvoer natvoer met Kip, Zalm, Niertjes en Konijn",
    "category": "Huishouden en dieren",
    "price": 4.81,
    "promoPrice": null,
    "pricePerUnit": "7.07 kg",
    "image": "https://www.jumbo.com/dam-images/fit-in/360x360/Products/23092025_1758594445263_1758594457322_264245_PAK_07613035150102_C1N1_s01.png",
    "available": true,
    "promoUntil": null
  },
  {
    "id": "193239PAK",
    "title": "Douwe Egberts Aroma Rood Donker Filterkoffie 500 g",
    "category": "Koffie en thee",
    "price": 8.39,
    "promoPrice": null,
    "pricePerUnit": "16.78 kg",
    "image": "https://www.jumbo.com/dam-images/fit-in/360x360/Products/09082023_1691588122689_1691588183673_8711000337226_1.png",
    "available": false,
    "promoUntil": null
  },
  {
    "id": "674324PAK",
    "title": "Milka Reep Wit 90g",
    "category": "Koek, snoep, chocolade en chips",
    "price": 1.65,
    "promoPrice": null,
    "pricePerUnit": "18.33 kg",
    "image": "https://www.jumbo.com/dam-images/fit-in/360x360/Products/21052025_1747789298998_1747789309619_674324_PAK_07622202286698_C1N1_s01.png",
    "available": true,
    "promoUntil": null
  },
  {
    "id": "198014ZK",
    "title": "Vitakraft Original Beef Stick + Turkey 4 Stuks 48 g",
    "category": "Huishouden en dieren",
    "price": 3.15,
    "promoPrice": null,
    "pricePerUnit": "65.62 kg",
    "image": "https://www.jumbo.com/dam-images/fit-in/360x360/Products/12042025_1744423121647_1744423126773_198014_ZK_.png",
    "available": true,
    "promoUntil": null
  },
  {
    "id": "611459TRA",
    "title": "Jumbo's Tortellini Ricotta met Pomodorisaus en Kaas 450 g",
    "category": "Verse maaltijden en gemak",
    "price": 5.99,
    "promoPrice": null,
    "pricePerUnit": "13.31 kg",
    "image": "https://www.jumbo.com/dam-images/fit-in/360x360/Products/31032025_1743420766203_1743420773858_8718452888191_1.png",
    "available": true,
    "promoUntil": null
  },
  {
    "id": "640816TRA",
    "title": "Jumbo's Pulled Chicken Mexicaanse Stijl met Zilvervliesrijst Proteïnerijk  475 g",
    "category": "Verse maaltijden en gemak",
    "price": 6.49,
    "promoPrice": null,
    "pricePerUnit": "13.66 kg",
    "image": "https://www.jumbo.com/dam-images/fit-in/360x360/Products/10122024_1733830367835_1733830391641_8718452854783_1.png",
    "available": true,
    "promoUntil": null
  },
  {
    "id": "655309KGR",
    "title": "Jumbo Queso Manchego (BOB) Schapenkaas 50+ ca. 185 g",
    "category": "Vleeswaren, kaas en tapas",
    "price": 5.49,
    "promoPrice": null,
    "pricePerUnit": "29.69 kg",
    "image": "https://www.jumbo.com/dam-images/fit-in/360x360/Products/25102024_1729866970336_1729866978391_2335962000000_1.png",
    "available": true,
    "promoUntil": null
  },
  {
    "id": "580156FLS",
    "title": "Karvan Cévitam Zero Citroen Siroop 600 ml",
    "category": "Frisdrank en sappen",
    "price": 4.29,
    "promoPrice": null,
    "pricePerUnit": "7.15 l",
    "image": "https://www.jumbo.com/dam-images/fit-in/360x360/Products/06082025_1754442372091_1754442378233_580156_FLS_08710395948680_H1N1.png",
    "available": true,
    "promoUntil": null
  },
  {
    "id": "294610STK",
    "title": "Jumbo Biologische Rode Kool 1 Stuk",
    "category": "Aardappelen, groente en fruit",
    "price": 1.99,
    "promoPrice": null,
    "pricePerUnit": "1.99 pieces",
    "image": "https://www.jumbo.com/dam-images/fit-in/360x360/Products/29092023_1695996729168_1695996732356_8718452659609_1.png",
    "available": true,
    "promoUntil": null
  },
  {
    "id": "699982PAK",
    "title": "Jumbo Brilpoetsdoekjes Streeploos 30 Stuks",
    "category": "Drogisterij en baby",
    "price": 1.79,
    "promoPrice": null,
    "pricePerUnit": "0.06 pieces",
    "image": "https://www.jumbo.com/dam-images/fit-in/360x360/Products/22072025_1753191237242_1753191251814_8718452808847_596.png",
    "available": true,
    "promoUntil": null
  },
  {
    "id": "338582STK",
    "title": "Rummo Spaghetti Glutenvrij ?3 400 g",
    "category": "Wereldkeukens, kruiden, pasta en rijst",
    "price": 3.79,
    "promoPrice": null,
    "pricePerUnit": "9.48 kg",
    "image": "https://www.jumbo.com/dam-images/fit-in/360x360/Products/09082023_1691586624262_1691586639261_8008343880039_1.png",
    "available": true,
    "promoUntil": null
  },
  {
    "id": "502944DS",
    "title": "Whiskas Junior Kattenbrokken Kip doos 800 g",
    "category": "Huishouden en dieren",
    "price": 3.81,
    "promoPrice": null,
    "pricePerUnit": "4.76 kg",
    "image": "https://www.jumbo.com/dam-images/fit-in/360x360/Products/10082023_1691677955550_1691677981255_5900951296451_596.png",
    "available": true,
    "promoUntil": null
  },
  {
    "id": "605589DS",
    "title": "Jumbo Vriesverse Blauwe Bessen 250 g",
    "category": "Diepvries",
    "price": 2.66,
    "promoPrice": null,
    "pricePerUnit": "10.64 kg",
    "image": "https://www.jumbo.com/dam-images/fit-in/360x360/Products/23052024_1716456913481_1716456928401_8718452800155_596.png",
    "available": true,
    "promoUntil": null
  },
  {
    "id": "138993ZK",
    "title": "Faja Lobi Sandhia's Roti 4 Stuks 280 g",
    "category": "Wereldkeukens, kruiden, pasta en rijst",
    "price": 3.06,
    "promoPrice": null,
    "pricePerUnit": "15.3 kg",
    "image": "https://www.jumbo.com/dam-images/fit-in/360x360/Products/30072025_1753838423880_1753838428867_138993_ZK_08712631002835_C1N1.png",
    "available": true,
    "promoUntil": null
  },
  {
    "id": "539117STK",
    "title": "Sourcy Sprankelend Natuurlijk Mineraalwater 0,33 L",
    "category": "Frisdrank en sappen",
    "price": 0.48,
    "promoPrice": null,
    "pricePerUnit": "1.45 l",
    "image": "https://www.jumbo.com/dam-images/fit-in/360x360/Products/18072024_1721270945028_1721270951613_539117_STK_08715600247879_C1N1.png",
    "available": true,
    "promoUntil": null
  },
  {
    "id": "167792ZK",
    "title": "Brood van Soma Speltkorn Bruin Meergranenbrood 300 g",
    "category": "Brood en gebak",
    "price": 1.7,
    "promoPrice": null,
    "pricePerUnit": "5.67 kg",
    "image": "https://www.jumbo.com/dam-images/fit-in/360x360/Products/08042025_1744097626183_1744097633249_8710899027362_1.png",
    "available": true,
    "promoUntil": null
  },
  {
    "id": "655337BLS",
    "title": "Ambi Pur 3Volution Luchtverfrisser Navulling",
    "category": "Huishouden en dieren",
    "price": 6.29,
    "promoPrice": null,
    "pricePerUnit": "314.5 l",
    "image": "https://www.jumbo.com/dam-images/fit-in/360x360/Products/25082025_1756118062261_1756118068642_8700216505536_1.png",
    "available": true,
    "promoUntil": null
  },
  {
    "id": "548531DS",
    "title": "Brugse Zot - Belgisch Blond - Fles - 4 x 330ML",
    "category": "Bier en wijn",
    "price": 8.99,
    "promoPrice": null,
    "pricePerUnit": "6.81 l",
    "image": "https://www.jumbo.com/dam-images/fit-in/360x360/Products/10082023_1691676405437_1691676418781_5425017241157_1.png",
    "available": true,
    "promoUntil": null
  },
  {
    "id": "632411ZK",
    "title": "Jumbo Parmigiano Reggiano Poeder 60 g",
    "category": "Vleeswaren, kaas en tapas",
    "price": 1.99,
    "promoPrice": null,
    "pricePerUnit": "33.17 kg",
    "image": "https://www.jumbo.com/dam-images/fit-in/360x360/Products/29112024_1732876414953_1732876420609_8718452839018_1.png",
    "available": true,
    "promoUntil": null
  },
  {
    "id": "621359CUP",
    "title": "Magnum Pint Ijs Classic 440 ml",
    "category": "Diepvries",
    "price": 7.59,
    "promoPrice": null,
    "pricePerUnit": "17.25 l",
    "image": "https://www.jumbo.com/dam-images/fit-in/360x360/Products/01092025_1756722868944_1756722873142_8711327611931_1.png",
    "available": true,
    "promoUntil": null
  },
  {
    "id": "627841DS",
    "title": "Jumbo Hartige Biscuits Kaas & Tomaat 4 x 3 Stuks",
    "category": "Koek, snoep, chocolade en chips",
    "price": 1.99,
    "promoPrice": null,
    "pricePerUnit": "11.99 kg",
    "image": "https://www.jumbo.com/dam-images/fit-in/360x360/Products/01112024_1730464447127_1730464464198_8718452885527_596.png",
    "available": true,
    "promoUntil": null
  },
  {
    "id": "683823STK",
    "title": "Verbandtrommel BHV Norm 2021",
    "category": "Drogisterij en baby",
    "price": 44.99,
    "promoPrice": null,
    "pricePerUnit": "44.99 pieces",
    "image": "https://www.jumbo.com/dam-images/fit-in/360x360/Products/10082023_1691675103554_1691675167905_8719324121514_1.png",
    "available": true,
    "promoUntil": null
  },
  {
    "id": "691122FLS",
    "title": "Jumbo Verse Lemonade Sinaasappel & Yuzu 400ML",
    "category": "Aardappelen, groente en fruit",
    "price": 1.99,
    "promoPrice": null,
    "pricePerUnit": "4.98 l",
    "image": "https://www.jumbo.com/dam-images/fit-in/360x360/Products/13062025_1749825270055_1749825275520_8718452909957_1.png",
    "available": true,
    "promoUntil": null
  },
  {
    "id": "431308STK",
    "title": "Jumbo Brokkenmix met Kip, Rund Groenten & Rijst 4 kg",
    "category": "Huishouden en dieren",
    "price": 8.79,
    "promoPrice": null,
    "pricePerUnit": "2.2 kg",
    "image": "https://www.jumbo.com/dam-images/fit-in/360x360/Products/09082023_1691588098345_1691588201361_8718452508815_1.png",
    "available": true,
    "promoUntil": null
  },
  {
    "id": "449704POT",
    "title": "Jumbo Olijven Groen Plakjes 220 g",
    "category": "Vleeswaren, kaas en tapas",
    "price": 1.02,
    "promoPrice": null,
    "pricePerUnit": "4.64 kg",
    "image": "https://www.jumbo.com/dam-images/fit-in/360x360/Products/04022025_1738665167136_1738665173054_8718452552481_1.png",
    "available": true,
    "promoUntil": null
  },
  {
    "id": "128317DS",
    "title": "Mora Specials Kroketburgers 4 x 80 g",
    "category": "Diepvries",
    "price": 3.85,
    "promoPrice": null,
    "pricePerUnit": "12.03 kg",
    "image": "https://www.jumbo.com/dam-images/fit-in/360x360/Products/09082023_1691588709132_1691588725546_8710861993466_1.png",
    "available": true,
    "promoUntil": null
  },
  {
    "id": "568489CUP",
    "title": "Luiten Jumbo Tartaar Bites Parme",
    "category": "Vleeswaren, kaas en tapas",
    "price": 2.99,
    "promoPrice": null,
    "pricePerUnit": "33.22 kg",
    "image": "https://www.jumbo.com/dam-images/fit-in/360x360/Products/03072025_1751538776947_1751538784382_8718452844296_1.png",
    "available": true,
    "promoUntil": null
  },
  {
    "id": "589343ZK",
    "title": "Jumbo Krokante Japanse Mix 250 g",
    "category": "Koek, snoep, chocolade en chips",
    "price": 1.49,
    "promoPrice": null,
    "pricePerUnit": "5.96 kg",
    "image": "https://www.jumbo.com/dam-images/fit-in/360x360/Products/03082024_1722650281942_1722650301735_589343_ZK_08718452741823_C1N1.png",
    "available": true,
    "promoUntil": null
  },
  {
    "id": "678236DS",
    "title": "Gillette Fusion5 Scheermes voor Mannen, 1 Handvat, 2 Navulmesjes",
    "category": "Drogisterij en baby",
    "price": 18.49,
    "promoPrice": null,
    "pricePerUnit": "18.49 pieces",
    "image": "https://www.jumbo.com/dam-images/fit-in/360x360/Products/15082025_1755216161596_1755216166869_8700216465786_1.png",
    "available": true,
    "promoUntil": null
  },
  {
    "id": "705176ZK",
    "title": "Jumbo Tortilla Naturel 300 g",
    "category": "Koek, snoep, chocolade en chips",
    "price": 1.19,
    "promoPrice": null,
    "pricePerUnit": "3.97 kg",
    "image": "https://www.jumbo.com/dam-images/fit-in/360x360/Products/04072025_1751636012319_1751636032425_8718452897551_596.png",
    "available": true,
    "promoUntil": null
  },
  {
    "id": "237888STK",
    "title": "Verstegen Basilicum 11 g",
    "category": "Wereldkeukens, kruiden, pasta en rijst",
    "price": 2.69,
    "promoPrice": null,
    "pricePerUnit": "244.55 kg",
    "image": "https://www.jumbo.com/dam-images/fit-in/360x360/Products/27082024_1724734614380_1724734618121_237888_STK_08712200026682_C1N1.png",
    "available": true,
    "promoUntil": null
  },
  {
    "id": "537149STK",
    "title": "Sonnema Berenburg - Cola - 250ML",
    "category": "Bier en wijn",
    "price": 2.39,
    "promoPrice": null,
    "pricePerUnit": "9.56 l",
    "image": "https://www.jumbo.com/dam-images/fit-in/360x360/Products/13032025_1741834180187_1741834182005_537149_STK_08710631022365_C1N1.png",
    "available": true,
    "promoUntil": null
  },
  {
    "id": "669720FLS",
    "title": "LENOR Vloeibaar Wasmiddel 20 Wasbeurten, Zeebries",
    "category": "Huishouden en dieren",
    "price": 13.99,
    "promoPrice": null,
    "pricePerUnit": "0.7 wb",
    "image": "https://www.jumbo.com/dam-images/fit-in/360x360/Products/14082025_1755200015659_1755200020520_8700216748698_1.png",
    "available": true,
    "promoUntil": null
  },
  {
    "id": "600923DS",
    "title": "Jumbo Diepvrieszakken met Sluitstrips en Schrijfvakken 3 L 25 Stuks",
    "category": "Huishouden en dieren",
    "price": 1.25,
    "promoPrice": null,
    "pricePerUnit": "0.05 pieces",
    "image": "https://www.jumbo.com/dam-images/fit-in/360x360/Products/29032024_1711693987030_1711693995137_8718452731022_596.png",
    "available": true,
    "promoUntil": null
  },
  {
    "id": "211769PAK",
    "title": "Jumbo Pizza Vegetale 385 g",
    "category": "Diepvries",
    "price": 2.99,
    "promoPrice": null,
    "pricePerUnit": "7.77 kg",
    "image": "https://www.jumbo.com/dam-images/fit-in/360x360/Products/14022024_1707872788528_1707872798929_8718452660148_1.png",
    "available": true,
    "promoUntil": null
  },
  {
    "id": "672919STK",
    "title": "Jumbo Biologisch Romaine Sla 1 Stuk",
    "category": "Aardappelen, groente en fruit",
    "price": 2.19,
    "promoPrice": null,
    "pricePerUnit": "2.19 pieces",
    "image": "https://www.jumbo.com/dam-images/fit-in/360x360/Products/20052025_1747729986475_1747729992377_8718452894994_1.png",
    "available": true,
    "promoUntil": null
  },
  {
    "id": "673778ZK",
    "title": "Jumbo Julienne Witte Kool & Wortel Mix 150 g",
    "category": "Aardappelen, groente en fruit",
    "price": 1.49,
    "promoPrice": null,
    "pricePerUnit": "9.93 kg",
    "image": "https://www.jumbo.com/dam-images/fit-in/360x360/Products/21032025_1742571169385_1742571179680_8718452901401_1.png",
    "available": true,
    "promoUntil": null
  },
  {
    "id": "602446ZK",
    "title": "Maltesers Crunchy chocolade snoepjes 135g",
    "category": "Koek, snoep, chocolade en chips",
    "price": 3.09,
    "promoPrice": null,
    "pricePerUnit": "22.89 kg",
    "image": "https://www.jumbo.com/dam-images/fit-in/360x360/Products/24092025_1758678277614_1758678284644_602446_ZK_05000159555692_H1N1.png",
    "available": true,
    "promoUntil": null
  },
  {
    "id": "303109DS",
    "title": "Nestle Baby Cereals Biscuit Vanaf 6 Maanden 250 g ",
    "category": "Drogisterij en baby",
    "price": 2.96,
    "promoPrice": null,
    "pricePerUnit": "11.84 kg",
    "image": "https://www.jumbo.com/dam-images/fit-in/360x360/Products/23092025_1758592253420_1758592289186_303109_DS_07613037013573_C1N1_s01.png",
    "available": true,
    "promoUntil": null
  },
  {
    "id": "279336PAK",
    "title": "Brood van Soma Koolhydraat Verlaagd Volkoren Tarwebrood 300 g",
    "category": "Brood en gebak",
    "price": 1.99,
    "promoPrice": null,
    "pricePerUnit": "6.63 kg",
    "image": "https://www.jumbo.com/dam-images/fit-in/360x360/Products/22012025_1737534793641_1737534804112_8710899103905_1.png",
    "available": true,
    "promoUntil": null
  },
  {
    "id": "664658ZK",
    "title": "Venco Schoolkrijt drop Zacht Zoet 235g",
    "category": "Koek, snoep, chocolade en chips",
    "price": 2.49,
    "promoPrice": null,
    "pricePerUnit": "10.6 kg",
    "image": "https://www.jumbo.com/dam-images/fit-in/360x360/Products/17012025_1737079940304_1737079948323_664658_ZK_08713800255809_H1N1.png",
    "available": true,
    "promoUntil": null
  },
  {
    "id": "341655PAK",
    "title": "Healthy People Hydrating Kokos Water 1 L",
    "category": "Frisdrank en sappen",
    "price": 2.99,
    "promoPrice": null,
    "pricePerUnit": "2.99 l",
    "image": "https://www.jumbo.com/dam-images/fit-in/360x360/Products/05092025_1757034965943_1757035003464_341655_PAK_08717677035083_C1N1.png",
    "available": true,
    "promoUntil": null
  },
  {
    "id": "531791FLS",
    "title": "Jumbo Vers Sap Sinaasappel & Banaan 500ML",
    "category": "Aardappelen, groente en fruit",
    "price": 2.49,
    "promoPrice": null,
    "pricePerUnit": "4.98 l",
    "image": "https://www.jumbo.com/dam-images/fit-in/360x360/Products/04112024_1730752386927_1730752389739_8718452863495_1.png",
    "available": true,
    "promoUntil": null
  },
  {
    "id": "551506ZK",
    "title": "Knorr Spaghetteria Pastagerecht Carbonara 154 g",
    "category": "Wereldkeukens, kruiden, pasta en rijst",
    "price": 2.49,
    "promoPrice": null,
    "pricePerUnit": "16.17 kg",
    "image": "https://www.jumbo.com/dam-images/fit-in/360x360/Products/09052025_1746754669099_1746754760581_551506_ZK_08720182422033_H1N1.png",
    "available": true,
    "promoUntil": null
  },
  {
    "id": "474846DSL",
    "title": "Neutral Wasverzachter Parfumvrij 5 x 27 wasbeurten",
    "category": "Huishouden en dieren",
    "price": 22.25,
    "promoPrice": 15.57,
    "pricePerUnit": "0.16 wb",
    "image": "https://www.jumbo.com/dam-images/fit-in/360x360/Products/474846DSL18396f23c-2a0b-4624-b533-a3055c5699f4-1717402802947.png",
    "available": true,
    "promoUntil": "di 7 okt"
  },
  {
    "id": "654380ZK",
    "title": "Glorix Power Clean Toiletblok Citrus 5 stuks",
    "category": "Huishouden en dieren",
    "price": 12.49,
    "promoPrice": null,
    "pricePerUnit": "2.5 pieces",
    "image": "https://www.jumbo.com/dam-images/fit-in/360x360/Products/12092025_1757643157644_1757643202932_654380_ZK_08720182924445_H1N1.png",
    "available": true,
    "promoUntil": null
  },
  {
    "id": "595859ZK",
    "title": "Jumbo Pepermunt Kussens 400 g",
    "category": "Koek, snoep, chocolade en chips",
    "price": 2.15,
    "promoPrice": null,
    "pricePerUnit": "5.38 kg",
    "image": "https://www.jumbo.com/dam-images/fit-in/360x360/Products/12122024_1734014901578_1734014912672_8718452747856_596.png",
    "available": true,
    "promoUntil": null
  },
  {
    "id": "608104TRA",
    "title": "Kroket Rundvlees 5 Stuks 500 g",
    "category": "Diepvries",
    "price": 4.99,
    "promoPrice": null,
    "pricePerUnit": "9.98 kg",
    "image": "https://www.jumbo.com/dam-images/fit-in/360x360/Products/26032024_1711463712047_1711463720138_8716893024642_1.png",
    "available": true,
    "promoUntil": null
  },
  {
    "id": "620744CUP",
    "title": "Jumbo Olijven Pesto 130 g",
    "category": "Vleeswaren, kaas en tapas",
    "price": 2.19,
    "promoPrice": null,
    "pricePerUnit": "16.85 kg",
    "image": "https://www.jumbo.com/dam-images/fit-in/360x360/Products/22072024_1721659042923_1721659053667_8718452846870_1.png",
    "available": true,
    "promoUntil": null
  },
  {
    "id": "675849ZK",
    "title": "Kraakman Marmercake 400 g",
    "category": "Koek, snoep, chocolade en chips",
    "price": 4.39,
    "promoPrice": null,
    "pricePerUnit": "10.98 kg",
    "image": "https://www.jumbo.com/dam-images/fit-in/360x360/Products/18022025_1739896394069_1739896404983_8717624896514_1.png",
    "available": true,
    "promoUntil": null
  },
  {
    "id": "645771KGR",
    "title": "Jumbo Boterhamworst Dikke Plak ca. 150 g",
    "category": "Vleeswaren, kaas en tapas",
    "price": 2.7,
    "promoPrice": null,
    "pricePerUnit": "18.0 kg",
    "image": "https://www.jumbo.com/dam-images/fit-in/360x360/Products/30012025_1738254790946_1738254800109_2353092000000_1.png",
    "available": true,
    "promoUntil": null
  },
  {
    "id": "300734STK",
    "title": "Jumbo Mergpijpjes 200 g",
    "category": "Koek, snoep, chocolade en chips",
    "price": 1.74,
    "promoPrice": null,
    "pricePerUnit": "8.7 kg",
    "image": "https://www.jumbo.com/dam-images/fit-in/360x360/Products/17012024_1705471857955_1705471866577_300734_STK_08718452397518_C1N1.png",
    "available": true,
    "promoUntil": null
  },
  {
    "id": "461894TRA",
    "title": "Jumbo Lèkkér Vrij van Gluten Roze Koek 50 g",
    "category": "Koek, snoep, chocolade en chips",
    "price": 1.77,
    "promoPrice": null,
    "pricePerUnit": "35.4 kg",
    "image": "https://www.jumbo.com/dam-images/fit-in/360x360/Products/10082023_1691675623582_1691675638453_8718452592838_1.png",
    "available": true,
    "promoUntil": null
  },
  {
    "id": "616697DSL",
    "title": "Dove Advanced Care Verzorgende Douchegel Deeply Nourishing 6 x 400 ml",
    "category": "Drogisterij en baby",
    "price": 53.7,
    "promoPrice": 37.58,
    "pricePerUnit": "15.66 l",
    "image": "https://www.jumbo.com/dam-images/fit-in/360x360/Products/616697DSL143f42aed-d4d1-4852-a6cc-aa8bb293fb56-1717485198225.png",
    "available": true,
    "promoUntil": "di 7 okt"
  },
  {
    "id": "618425DS",
    "title": "Jumbo Komkommer Ei Salade 200 g",
    "category": "Aardappelen, groente en fruit",
    "price": 2.35,
    "promoPrice": null,
    "pricePerUnit": "11.75 kg",
    "image": "https://www.jumbo.com/dam-images/fit-in/360x360/Products/24062024_1719239779518_1719239788184_8718452836970_1.png",
    "available": true,
    "promoUntil": null
  },
  {
    "id": "456110DS",
    "title": "Jumbo Geitenkaas Schijfjes Honing 125 g",
    "category": "Vleeswaren, kaas en tapas",
    "price": 1.55,
    "promoPrice": null,
    "pricePerUnit": "12.4 kg",
    "image": "https://www.jumbo.com/dam-images/fit-in/360x360/Products/456110_8718452575411_1_T1_456110DS1691161432103.png",
    "available": true,
    "promoUntil": null
  },
  {
    "id": "426855TRA",
    "title": "Bolletje Chonelly Melkchocolade 12 Stuks 190 g",
    "category": "Koek, snoep, chocolade en chips",
    "price": 2.53,
    "promoPrice": null,
    "pricePerUnit": "13.32 kg",
    "image": "https://www.jumbo.com/dam-images/fit-in/360x360/Products/17052024_1715915279227_1715915293150_426855_TRA_08710482532105_H1N1.png",
    "available": true,
    "promoUntil": null
  },
  {
    "id": "200643ZK",
    "title": "Grand'Italia Penne Glutenvrij 400 g",
    "category": "Wereldkeukens, kruiden, pasta en rijst",
    "price": 3.95,
    "promoPrice": null,
    "pricePerUnit": "9.88 kg",
    "image": "https://www.jumbo.com/dam-images/fit-in/360x360/Products/20062025_1750382090565_1750382099876_200643_ZK_08000050025468_C1N1.png",
    "available": true,
    "promoUntil": null
  },
  {
    "id": "554536ZK",
    "title": "Maggi Stoofmix Runderlapjes 38 g",
    "category": "Wereldkeukens, kruiden, pasta en rijst",
    "price": 1.75,
    "promoPrice": null,
    "pricePerUnit": "46.05 kg",
    "image": "https://www.jumbo.com/dam-images/fit-in/360x360/Products/14092024_1726279971463_1726279990488_554536_ZK_08445290451545_H1N1_s01.png",
    "available": true,
    "promoUntil": null
  },
  {
    "id": "623997FLS",
    "title": "Sourcy Vitaminwater Braam-Bosbes Acai",
    "category": "Frisdrank en sappen",
    "price": 1.79,
    "promoPrice": null,
    "pricePerUnit": "3.58 l",
    "image": "https://www.jumbo.com/dam-images/fit-in/360x360/Products/16042024_1713233193858_1713233199537_623997_FLS_08715600249439_C1N1.png",
    "available": true,
    "promoUntil": null
  },
  {
    "id": "665694PAK",
    "title": "Jumbo Chocolade Puur Hazelnoot 200 g",
    "category": "Koek, snoep, chocolade en chips",
    "price": 3.47,
    "promoPrice": null,
    "pricePerUnit": "17.35 kg",
    "image": "https://www.jumbo.com/dam-images/fit-in/360x360/Products/23052025_1748014409334_1748014418639_8718452877058_596.png",
    "available": true,
    "promoUntil": null
  },
  {
    "id": "412490ZK",
    "title": "Aviko Aardappelpuree",
    "category": "Diepvries",
    "price": 2.96,
    "promoPrice": null,
    "pricePerUnit": "3.95 kg",
    "image": "https://www.jumbo.com/dam-images/fit-in/360x360/Products/15102024_1728999188863_1728999197776_8710449948901_1.png",
    "available": true,
    "promoUntil": null
  },
  {
    "id": "295215DS",
    "title": "Jumbo Lekker Vrij van Gluten Digestives Melkchocolade 165 g",
    "category": "Koek, snoep, chocolade en chips",
    "price": 2.79,
    "promoPrice": null,
    "pricePerUnit": "16.91 kg",
    "image": "https://www.jumbo.com/dam-images/fit-in/360x360/Products/09082023_1691586114186_1691586128412_8718452410057_1.png",
    "available": true,
    "promoUntil": null
  },
  {
    "id": "517026ZK",
    "title": "Jumbo Red Velvet Muffins 180 g",
    "category": "Koek, snoep, chocolade en chips",
    "price": 1.99,
    "promoPrice": null,
    "pricePerUnit": "11.06 kg",
    "image": "https://www.jumbo.com/dam-images/fit-in/360x360/Products/10082023_1691677688502_1691677703314_8718452665112_1.png",
    "available": true,
    "promoUntil": null
  },
  {
    "id": "170549FLS",
    "title": "Go-Tan Wok Original Sweet & Sour 240 ml",
    "category": "Wereldkeukens, kruiden, pasta en rijst",
    "price": 2.56,
    "promoPrice": null,
    "pricePerUnit": "10.67 l",
    "image": "https://www.jumbo.com/dam-images/fit-in/360x360/Products/09082023_1691587012660_1691587015676_8710605027006_1.png",
    "available": true,
    "promoUntil": null
  },
  {
    "id": "676470DS",
    "title": "Snickers Gold ijs repen caramel 6-pack",
    "category": "Diepvries",
    "price": 5.99,
    "promoPrice": null,
    "pricePerUnit": "1.0 pieces",
    "image": "https://www.jumbo.com/dam-images/fit-in/360x360/Products/15052025_1747330436792_1747330441469_5000159570589_1.png",
    "available": true,
    "promoUntil": null
  },
  {
    "id": "561765ZK",
    "title": "Jumbo Ongebrande Elitehaver 200 g",
    "category": "Koek, snoep, chocolade en chips",
    "price": 2.19,
    "promoPrice": null,
    "pricePerUnit": "10.95 kg",
    "image": "https://www.jumbo.com/dam-images/fit-in/360x360/Products/26042024_1714127651013_1714127672372_8718452724772_596.png",
    "available": true,
    "promoUntil": null
  },
  {
    "id": "307932ZK",
    "title": "KITKAT Chunky Mini Melkchocolade Uitdeelzak 250 g",
    "category": "Koek, snoep, chocolade en chips",
    "price": 3.19,
    "promoPrice": null,
    "pricePerUnit": "12.76 kg",
    "image": "https://www.jumbo.com/dam-images/fit-in/360x360/Products/07052025_1746581868566_1746581879441_307932_ZK_04005500049623_H1N1_s01.png",
    "available": true,
    "promoUntil": null
  },
  {
    "id": "568443DS",
    "title": "Glade Touch & Fresh Relaxing Zen 2 x 10 ml",
    "category": "Huishouden en dieren",
    "price": 3.99,
    "promoPrice": null,
    "pricePerUnit": "199.5 l",
    "image": "https://www.jumbo.com/dam-images/fit-in/360x360/Products/23092025_1758592529253_1758592535360_568443_DS_05000204298758_C1N1.png",
    "available": true,
    "promoUntil": null
  },
  {
    "id": "669601FLS",
    "title": "Ariel Vloeibaar Wasmiddel +Ultra, 20 Wasbeurten",
    "category": "Huishouden en dieren",
    "price": 15.99,
    "promoPrice": null,
    "pricePerUnit": "0.8 wb",
    "image": "https://www.jumbo.com/dam-images/fit-in/360x360/Products/14082025_1755196421992_1755196425201_8700216604468_1.png",
    "available": true,
    "promoUntil": null
  },
  {
    "id": "211937FLS",
    "title": "Barton & Guestier - Reserve - Pinot Noir - 750ML",
    "category": "Bier en wijn",
    "price": 5.99,
    "promoPrice": null,
    "pricePerUnit": "7.99 l",
    "image": "https://www.jumbo.com/dam-images/fit-in/360x360/Products/07122023_1701915910175_1701915916425_211937_FLS_03035131113852_C1N1.png",
    "available": true,
    "promoUntil": null
  },
  {
    "id": "644698DS",
    "title": "Mousline Aardappelpuree Voor Stamppot Extra Grof 230g",
    "category": "Wereldkeukens, kruiden, pasta en rijst",
    "price": 2.39,
    "promoPrice": null,
    "pricePerUnit": "10.39 kg",
    "image": "https://www.jumbo.com/dam-images/fit-in/360x360/Products/07082024_1723041659616_1723041667459_644698_DS_03760381261724_C1N1.png",
    "available": true,
    "promoUntil": null
  },
  {
    "id": "528120CUP",
    "title": "Jumbo Salade Kip Pesto 125 g",
    "category": "Vleeswaren, kaas en tapas",
    "price": 2.19,
    "promoPrice": null,
    "pricePerUnit": "17.52 kg",
    "image": "https://www.jumbo.com/dam-images/fit-in/360x360/Products/14022024_1707873701056_1707873707301_8718452757886_1.png",
    "available": true,
    "promoUntil": null
  },
  {
    "id": "586499FLS",
    "title": "Haut-Médoc Giscours - Grande Réserve - 750ML",
    "category": "Bier en wijn",
    "price": 32.49,
    "promoPrice": null,
    "pricePerUnit": "43.32 l",
    "image": "https://www.jumbo.com/dam-images/fit-in/360x360/Products/30042024_1714463411480_1714463413908_3430430009989_1.png",
    "available": true,
    "promoUntil": null
  },
  {
    "id": "681825ZK",
    "title": "M&M'S Salted caramel chocolade snoepjes maxi 367g",
    "category": "Koek, snoep, chocolade en chips",
    "price": 6.29,
    "promoPrice": null,
    "pricePerUnit": "17.14 kg",
    "image": "https://www.jumbo.com/dam-images/fit-in/360x360/Products/04072025_1751597760858_1751597768826_681825_ZK_05900951290718_H1N1.png",
    "available": true,
    "promoUntil": null
  },
  {
    "id": "547251FLS",
    "title": "Jumbo Shot Gember Mango 125ML",
    "category": "Frisdrank en sappen",
    "price": 1.0,
    "promoPrice": null,
    "pricePerUnit": "8.0 l",
    "image": "https://www.jumbo.com/dam-images/fit-in/360x360/Products/04112024_1730752387300_1730752392873_8718452863853_1.png",
    "available": true,
    "promoUntil": null
  },
  {
    "id": "621475ZK",
    "title": "Tena Discreet Ultra Mini 24 Stuks",
    "category": "Drogisterij en baby",
    "price": 4.79,
    "promoPrice": null,
    "pricePerUnit": "0.2 pieces",
    "image": "https://www.jumbo.com/dam-images/fit-in/360x360/Products/27032024_1711523532032_1711523534225_621475_ZK_.png",
    "available": true,
    "promoUntil": null
  },
  {
    "id": "649658FLS",
    "title": "Nero Oro - Pinot Grigio - Alcoholvrij 0,0 - 750ML",
    "category": "Bier en wijn",
    "price": 5.99,
    "promoPrice": null,
    "pricePerUnit": "7.99 l",
    "image": "https://www.jumbo.com/dam-images/fit-in/360x360/Products/28112024_1732807996777_1732808000159_8034115197968_1.png",
    "available": true,
    "promoUntil": null
  },
  {
    "id": "691107BAK",
    "title": "Jumbo Saté Varkensvlees 160 g",
    "category": "Diepvries",
    "price": 1.49,
    "promoPrice": null,
    "pricePerUnit": "9.31 kg",
    "image": "https://www.jumbo.com/dam-images/fit-in/360x360/Products/25042025_1745580812541_1745580828820_8718452894697_596.png",
    "available": true,
    "promoUntil": null
  },
  {
    "id": "673278PAK",
    "title": "Viper Hard Seltzer Peach, Cranberry, Lime Mixpack 6x250ML",
    "category": "Bier en wijn",
    "price": 10.39,
    "promoPrice": null,
    "pricePerUnit": "6.93 l",
    "image": "https://www.jumbo.com/dam-images/fit-in/360x360/Products/29032025_1743215204556_1743215214620_673278_PAK_08716700019595_H1N1.png",
    "available": true,
    "promoUntil": null
  },
  {
    "id": "143079POT",
    "title": "Verstegen Zwarte Peper met Molen 40 g",
    "category": "Wereldkeukens, kruiden, pasta en rijst",
    "price": 3.55,
    "promoPrice": null,
    "pricePerUnit": "88.75 kg",
    "image": "https://www.jumbo.com/dam-images/fit-in/360x360/Products/02122023_1701482863573_1701482866749_143079_POT_08712200093677_C1N1.png",
    "available": true,
    "promoUntil": null
  },
  {
    "id": "352254CUP",
    "title": "Ben & Jerry's IJs Topped Salted Caramel Brownie 438 ml",
    "category": "Diepvries",
    "price": 8.49,
    "promoPrice": null,
    "pricePerUnit": "19.38 l",
    "image": "https://www.jumbo.com/dam-images/fit-in/360x360/Products/15082025_1755220394931_1755220452214_352254_CUP_08711327370753_C1N1.png",
    "available": true,
    "promoUntil": null
  },
  {
    "id": "103748DS",
    "title": "After Eight Pure Chocolade Pralines Pepermunt 200g",
    "category": "Koek, snoep, chocolade en chips",
    "price": 2.81,
    "promoPrice": null,
    "pricePerUnit": "14.05 kg",
    "image": "https://www.jumbo.com/dam-images/fit-in/360x360/Products/15012025_1736908059864_1736908075761_103748_DS_07613032596668_H1N1_s01.png",
    "available": true,
    "promoUntil": null
  },
  {
    "id": "211870STK",
    "title": "Ola IJs Cornetto Vegan 4 stuks 4 x 90ml",
    "category": "Diepvries",
    "price": 4.29,
    "promoPrice": null,
    "pricePerUnit": "11.92 l",
    "image": "https://www.jumbo.com/dam-images/fit-in/360x360/Products/15082025_1755224324764_1755224451405_211870_STK_08714100873885_H1N1.png",
    "available": true,
    "promoUntil": null
  },
  {
    "id": "153720BLK",
    "title": "Karvan Cévitam GO Cactus Limoen Siroop, 48 ml",
    "category": "Frisdrank en sappen",
    "price": 3.99,
    "promoPrice": null,
    "pricePerUnit": "83.12 l",
    "image": "https://www.jumbo.com/dam-images/fit-in/360x360/Products/06042025_1743901466929_1743901475325_153720_BLK_00000087157499_A1N1.png",
    "available": true,
    "promoUntil": null
  },
  {
    "id": "208599BAK",
    "title": "Jumbo Préparé 150 g",
    "category": "Vleeswaren, kaas en tapas",
    "price": 3.19,
    "promoPrice": null,
    "pricePerUnit": "21.27 kg",
    "image": "https://www.jumbo.com/dam-images/fit-in/360x360/Products/29092023_1695995344103_1695995352718_8718452604562_1.png",
    "available": true,
    "promoUntil": null
  },
  {
    "id": "593087PAK",
    "title": "Jumbo Tintelfris Limoen-Passievrucht Smaak 1,5 L",
    "category": "Frisdrank en sappen",
    "price": 1.39,
    "promoPrice": null,
    "pricePerUnit": "0.93 l",
    "image": "https://www.jumbo.com/dam-images/fit-in/360x360/Products/25032024_1711381575801_1711381597986_8718452776856_596.png",
    "available": true,
    "promoUntil": null
  },
  {
    "id": "567798DS",
    "title": "Always Daily Fresh Normal 0% Parfum x58",
    "category": "Drogisterij en baby",
    "price": 5.49,
    "promoPrice": null,
    "pricePerUnit": "0.09 pieces",
    "image": "https://www.jumbo.com/dam-images/fit-in/360x360/Products/20092025_1758333861119_1758333862738_567798_DS_08006540806708_C1N1.png",
    "available": true,
    "promoUntil": null
  },
  {
    "id": "675892CUP",
    "title": "Ben & Jerry's Mango Memories 465ML",
    "category": "Diepvries",
    "price": 6.99,
    "promoPrice": null,
    "pricePerUnit": "15.03 l",
    "image": "https://www.jumbo.com/dam-images/fit-in/360x360/Products/17072025_1752715325513_1752715406901_675892_CUP_08711327666962_H1N1.png",
    "available": true,
    "promoUntil": null
  },
  {
    "id": "604410FLS",
    "title": "Marqués de la Concordia - Rioja Reserva - Tempranillo - 750ML",
    "category": "Bier en wijn",
    "price": 8.99,
    "promoPrice": null,
    "pricePerUnit": "11.99 l",
    "image": "https://www.jumbo.com/dam-images/fit-in/360x360/Products/24042024_1713943988986_1713943991661_8410396230042_1.png",
    "available": true,
    "promoUntil": null
  },
  {
    "id": "585508CUP",
    "title": "Hertog IJs IJssalon Tiramisu 825ml",
    "category": "Diepvries",
    "price": 5.79,
    "promoPrice": null,
    "pricePerUnit": "7.02 l",
    "image": "https://www.jumbo.com/dam-images/fit-in/360x360/Products/15082025_1755220565681_1755220629565_585508_CUP_08711327616707_H1N1.png",
    "available": true,
    "promoUntil": null
  },
  {
    "id": "381983ZK",
    "title": "Jumbo Luiers Maat 3 6-10 kg 48 Stuks",
    "category": "Drogisterij en baby",
    "price": 6.13,
    "promoPrice": null,
    "pricePerUnit": "0.13 pieces",
    "image": "https://www.jumbo.com/dam-images/fit-in/360x360/Products/28092023_1695921549028_1695921553001_8718452668366_1.png",
    "available": true,
    "promoUntil": null
  },
  {
    "id": "648176STK",
    "title": "Jumbo Viking Blue Blauwschimmelkaas 50+ ca. 130g",
    "category": "Vleeswaren, kaas en tapas",
    "price": 2.79,
    "promoPrice": null,
    "pricePerUnit": "22.14 kg",
    "image": "https://www.jumbo.com/dam-images/fit-in/360x360/Products/07062024_1717759995292_1717760001973_8718452711499_1.png",
    "available": true,
    "promoUntil": null
  },
  {
    "id": "497834DS",
    "title": "Dr. Oetker Bistro classique baguette bolognaise 2 x 125 g",
    "category": "Diepvries",
    "price": 2.29,
    "promoPrice": null,
    "pricePerUnit": "9.16 kg",
    "image": "https://www.jumbo.com/dam-images/fit-in/360x360/Products/17042025_1744860927628_1744860935093_497834_DS_04001724038054_C1N1_s02.png",
    "available": true,
    "promoUntil": null
  },
  {
    "id": "163458STK",
    "title": "Le Rustique Brie 200 g",
    "category": "Vleeswaren, kaas en tapas",
    "price": 3.39,
    "promoPrice": null,
    "pricePerUnit": "16.95 kg",
    "image": "https://www.jumbo.com/dam-images/fit-in/360x360/Products/06062025_1749173600553_1749173616436_163458_STK_03176582009964_C1N1_s58.png",
    "available": true,
    "promoUntil": null
  },
  {
    "id": "616680BUS",
    "title": "Rexona Men Advanced Protection Anti-Transpirant Deodorant Spray Sport Cool 150 ml",
    "category": "Drogisterij en baby",
    "price": 5.99,
    "promoPrice": null,
    "pricePerUnit": "39.93 l",
    "image": "https://www.jumbo.com/dam-images/fit-in/360x360/Products/08042025_1744074036726_1744074072663_616680_BUS_08720181446207_H1N1.png",
    "available": true,
    "promoUntil": null
  },
  {
    "id": "696032ZK",
    "title": "Jumbo Bacon Kaas Smaak Borrelnoten 200 g",
    "category": "Koek, snoep, chocolade en chips",
    "price": 1.99,
    "promoPrice": null,
    "pricePerUnit": "9.95 kg",
    "image": "https://www.jumbo.com/dam-images/fit-in/360x360/Products/30052025_1748619189959_1748619211356_8718452897971_596.png",
    "available": true,
    "promoUntil": null
  },
  {
    "id": "608478STK",
    "title": "Jumbo Pizzabrood Paprika & Rode Ui 300g",
    "category": "Brood en gebak",
    "price": 2.99,
    "promoPrice": null,
    "pricePerUnit": "9.97 kg",
    "image": "https://www.jumbo.com/dam-images/fit-in/360x360/Products/12122024_1734014581049_1734014598723_8718452612567_1.png",
    "available": true,
    "promoUntil": null
  },
  {
    "id": "586600STK",
    "title": "Jumbo Koolrabi",
    "category": "Aardappelen, groente en fruit",
    "price": 0.95,
    "promoPrice": null,
    "pricePerUnit": "0.95 pieces",
    "image": "https://www.jumbo.com/dam-images/fit-in/360x360/Products/586606STK090820231691584852239169158487611787117158822645aa16c560-6c4a-4439-b0b8-defff9902fd3-1697008730372.png",
    "available": true,
    "promoUntil": null
  },
  {
    "id": "598367ZK",
    "title": "Jumbo - Libanees Brood Naturel - 300 g",
    "category": "Brood en gebak",
    "price": 1.97,
    "promoPrice": null,
    "pricePerUnit": "0.39 pieces",
    "image": "https://www.jumbo.com/dam-images/fit-in/360x360/Products/12122024_1734014622726_1734014632411_8718452654338_1.png",
    "available": true,
    "promoUntil": null
  },
  {
    "id": "701880ZK",
    "title": "Grand'Italia Orzo Volkoren 500 g",
    "category": "Wereldkeukens, kruiden, pasta en rijst",
    "price": 2.47,
    "promoPrice": null,
    "pricePerUnit": "4.94 kg",
    "image": "https://www.jumbo.com/dam-images/fit-in/360x360/Products/30052025_1748610100536_1748610110885_701880_ZK_08000050029138_H1N1.png",
    "available": true,
    "promoUntil": null
  },
  {
    "id": "556573ZK",
    "title": "Jumbo Honingdrop 350 g",
    "category": "Koek, snoep, chocolade en chips",
    "price": 1.67,
    "promoPrice": null,
    "pricePerUnit": "4.77 kg",
    "image": "https://www.jumbo.com/dam-images/fit-in/360x360/Products/09082023_1691592922199_1691593009682_8718452689811_1.png",
    "available": true,
    "promoUntil": null
  },
  {
    "id": "469210DS",
    "title": "Ben's Original Langkorrel Rijst 1 kg",
    "category": "Wereldkeukens, kruiden, pasta en rijst",
    "price": 5.05,
    "promoPrice": null,
    "pricePerUnit": "5.05 kg",
    "image": "https://www.jumbo.com/dam-images/fit-in/360x360/Products/04012025_1735960463740_1735960522403_469210_DS_05410673005540_H1N1.png",
    "available": true,
    "promoUntil": null
  },
  {
    "id": "292464TRA",
    "title": "La Salumeria Italiana Prosciutto Cotto 100 g",
    "category": "Vleeswaren, kaas en tapas",
    "price": 3.69,
    "promoPrice": null,
    "pricePerUnit": "36.9 kg",
    "image": "https://www.jumbo.com/dam-images/fit-in/360x360/Products/09082023_1691586737270_1691586747195_8023918100022_1.png",
    "available": true,
    "promoUntil": null
  },
  {
    "id": "142977POT",
    "title": "Verstegen Mix voor Kip Traditioneel 70 g",
    "category": "Wereldkeukens, kruiden, pasta en rijst",
    "price": 2.99,
    "promoPrice": null,
    "pricePerUnit": "42.71 kg",
    "image": "https://www.jumbo.com/dam-images/fit-in/360x360/Products/26082025_1756171323345_1756171329109_142977_POT_08712200572912_C1N1.png",
    "available": true,
    "promoUntil": null
  },
  {
    "id": "704705DS",
    "title": "Otrivin Menthol vanaf 12 Jaar Neusspray ",
    "category": "Drogisterij en baby",
    "price": 7.39,
    "promoPrice": null,
    "pricePerUnit": "739.0 l",
    "image": "https://www.jumbo.com/dam-images/fit-in/360x360/Products/20082025_1755648120308_1755648126431_5054563155887_1.png",
    "available": true,
    "promoUntil": null
  },
  {
    "id": "456998ZK",
    "title": "Conimex Kroepoek Bali 75 g",
    "category": "Wereldkeukens, kruiden, pasta en rijst",
    "price": 1.5,
    "promoPrice": null,
    "pricePerUnit": "20.0 kg",
    "image": "https://www.jumbo.com/dam-images/fit-in/360x360/Products/29032025_1743216238571_1743216255544_456998_ZK_08710522975602_C1N1.png",
    "available": true,
    "promoUntil": null
  },
  {
    "id": "682048DS",
    "title": "Jumbo Regenboogjes Waterijsjes 8 Stuks",
    "category": "Diepvries",
    "price": 1.89,
    "promoPrice": null,
    "pricePerUnit": "0.24 pieces",
    "image": "https://www.jumbo.com/dam-images/fit-in/360x360/Products/02042025_1743604411300_1743604427886_8718452888115_596.png",
    "available": true,
    "promoUntil": null
  },
  {
    "id": "186880STK",
    "title": "Toms Heksehyl Salmiak Drop 300 g",
    "category": "Koek, snoep, chocolade en chips",
    "price": 2.53,
    "promoPrice": null,
    "pricePerUnit": "8.43 kg",
    "image": "https://www.jumbo.com/dam-images/fit-in/360x360/Products/18052025_1747532557944_1747532567194_186880_STK_05774540642109_C1N1.png",
    "available": true,
    "promoUntil": null
  },
  {
    "id": "475938BLK",
    "title": "Jumbo Tomatenblokjes met Knoflook 400 g",
    "category": "Wereldkeukens, kruiden, pasta en rijst",
    "price": 1.21,
    "promoPrice": null,
    "pricePerUnit": "3.03 kg",
    "image": "https://www.jumbo.com/dam-images/fit-in/360x360/Products/14062024_1718364825593_1718364841454_8718452842698_596.png",
    "available": true,
    "promoUntil": null
  },
  {
    "id": "559542DS",
    "title": "Gourmet Mon Petit Intense Fijne stukjes met Tonijn, Zalm & Forel 6x50g",
    "category": "Huishouden en dieren",
    "price": 3.32,
    "promoPrice": null,
    "pricePerUnit": "11.07 kg",
    "image": "https://www.jumbo.com/dam-images/fit-in/360x360/Products/23092025_1758590377853_1758590418292_559542_DS_07613034452481_C1N1_s05.png",
    "available": true,
    "promoUntil": null
  },
  {
    "id": "203741ZK",
    "title": "Verstegen Mix voor Stamppot Boerenkool 10 g",
    "category": "Wereldkeukens, kruiden, pasta en rijst",
    "price": 1.4,
    "promoPrice": null,
    "pricePerUnit": "140.0 kg",
    "image": "https://www.jumbo.com/dam-images/fit-in/360x360/Products/03022024_1706932248184_1706932253564_203741_ZK_08712200982209_C1N1.png",
    "available": true,
    "promoUntil": null
  },
  {
    "id": "517019ZK",
    "title": "Jumbo Chocolade Lava Muffins 180 g",
    "category": "Koek, snoep, chocolade en chips",
    "price": 1.99,
    "promoPrice": null,
    "pricePerUnit": "11.06 kg",
    "image": "https://www.jumbo.com/dam-images/fit-in/360x360/Products/10082023_1691677688460_1691677711379_8718452665136_1.png",
    "available": true,
    "promoUntil": null
  },
  {
    "id": "303752PAK",
    "title": "Tena Discreet Ultra Mini Plus Inlegkruisjes 2 x 24 Stuks",
    "category": "Drogisterij en baby",
    "price": 8.79,
    "promoPrice": null,
    "pricePerUnit": "0.18 pieces",
    "image": "https://www.jumbo.com/dam-images/fit-in/360x360/Products/30072025_1753841259241_1753841263096_303752_PAK_07322540234213_C1N1.png",
    "available": true,
    "promoUntil": null
  },
  {
    "id": "683273FLS",
    "title": "AXE Fine Fragrance Collection Douchegel Cherry Fizz 225 ml",
    "category": "Drogisterij en baby",
    "price": 5.99,
    "promoPrice": null,
    "pricePerUnit": "26.62 l",
    "image": "https://www.jumbo.com/dam-images/fit-in/360x360/Products/03062025_1748913828929_1748913852052_683273_FLS_08720181601965_C1N1.png",
    "available": true,
    "promoUntil": null
  },
  {
    "id": "170562FLS",
    "title": "Go-Tan Wok Original Oyster Garlic 240 ml",
    "category": "Wereldkeukens, kruiden, pasta en rijst",
    "price": 2.56,
    "promoPrice": null,
    "pricePerUnit": "10.67 l",
    "image": "https://www.jumbo.com/dam-images/fit-in/360x360/Products/09082023_1691587012507_1691587015928_8710605027044_1.png",
    "available": true,
    "promoUntil": null
  },
  {
    "id": "663397FLS",
    "title": "NIVEA Verzorgende Body Milk - met Hyaluronzuur Zachte Amandel Olie en Voedend serum - Body Melk met 72 Uur Hydratatie - Voor Droge tot Zeer Droge Huid - 250ml",
    "category": "Drogisterij en baby",
    "price": 8.29,
    "promoPrice": null,
    "pricePerUnit": "33.16 l",
    "image": "https://www.jumbo.com/dam-images/fit-in/360x360/Products/20052025_1747744435289_1747744439680_4006000078915_1.png",
    "available": true,
    "promoUntil": null
  },
  {
    "id": "672494PAK",
    "title": "Lochtman Oosters Stoofvlees Rendang 500 g",
    "category": "Verse maaltijden en gemak",
    "price": 8.49,
    "promoPrice": null,
    "pricePerUnit": "16.98 kg",
    "image": "https://www.jumbo.com/dam-images/fit-in/360x360/Products/09082023_1691585026671_1691585057867_8717056394404_1.png",
    "available": true,
    "promoUntil": null
  },
  {
    "id": "42770PAK",
    "title": "Jumbo Speculaasbrokken 375 g",
    "category": "Koek, snoep, chocolade en chips",
    "price": 1.19,
    "promoPrice": null,
    "pricePerUnit": "3.17 kg",
    "image": "https://www.jumbo.com/dam-images/fit-in/360x360/Products/29092023_1695995013338_1695995022883_8718452390816_1.png",
    "available": true,
    "promoUntil": null
  },
  {
    "id": "383970DSL",
    "title": "Jumbo Luierbroekjes Maat 6 15+ kg Voordeelverpakking 2 x 34 Stuks",
    "category": "Drogisterij en baby",
    "price": 17.98,
    "promoPrice": null,
    "pricePerUnit": "0.26 pieces",
    "image": "https://www.jumbo.com/dam-images/fit-in/360x360/Products/JumboBPS6Maandbox3DPackshot383970DSla4ca7ae5-5349-4c6f-9417-415bc8bcdacf-1734339042149.png",
    "available": true,
    "promoUntil": null
  },
  {
    "id": "235438ZK",
    "title": "Jumbo Strooigoed 800 g",
    "category": "",
    "price": 3.99,
    "promoPrice": null,
    "pricePerUnit": "4.99 kg",
    "image": "https://www.jumbo.com/dam-images/fit-in/360x360/Products/09082023_1691587246746_1691587258070_8718452390519_1.png",
    "available": true,
    "promoUntil": null
  },
  {
    "id": "426850FLS",
    "title": "Lipton Ice Tea Sparkling Original 1 L",
    "category": "Frisdrank en sappen",
    "price": 2.65,
    "promoPrice": null,
    "pricePerUnit": "2.65 l",
    "image": "https://www.jumbo.com/dam-images/fit-in/360x360/Products/20082025_1755658345325_1755658383072_426850_FLS_08711327508439_H1N1.png",
    "available": true,
    "promoUntil": null
  },
  {
    "id": "416604ZK",
    "title": "Kwekkeboom Oven & Airfryer Old Amsterdam Bitterballen 250 g",
    "category": "Diepvries",
    "price": 5.39,
    "promoPrice": null,
    "pricePerUnit": "21.56 kg",
    "image": "https://www.jumbo.com/dam-images/fit-in/360x360/Products/31052024_1717151658124_1717151662560_8719009390037_1.png",
    "available": true,
    "promoUntil": null
  },
  {
    "id": "498602FLS",
    "title": "Jumbo Mineraal Water Watermeloen Munt Smaak Bruisend 1,5 L",
    "category": "Frisdrank en sappen",
    "price": 1.15,
    "promoPrice": null,
    "pricePerUnit": "0.77 l",
    "image": "https://www.jumbo.com/dam-images/fit-in/360x360/Products/09082023_1691590485540_1691590534973_8718452645596_1.png",
    "available": true,
    "promoUntil": null
  },
  {
    "id": "576011FLS",
    "title": "Andrélon Conditioner Glans 250 ml",
    "category": "Drogisterij en baby",
    "price": 4.99,
    "promoPrice": null,
    "pricePerUnit": "19.96 l",
    "image": "https://www.jumbo.com/dam-images/fit-in/360x360/Products/26072025_1753492190067_1753492205143_576011_FLS_08720181325519_H1N1.png",
    "available": true,
    "promoUntil": null
  },
  {
    "id": "576133DS",
    "title": "Desperados Strawberry Margarita Bier Fles 6 x 330ml",
    "category": "Bier en wijn",
    "price": 9.99,
    "promoPrice": null,
    "pricePerUnit": "5.05 l",
    "image": "https://www.jumbo.com/dam-images/fit-in/360x360/Products/07012025_1736267694692_1736267703457_8712000060626_1.png",
    "available": true,
    "promoUntil": null
  },
  {
    "id": "479975FK",
    "title": "Schwarzkopf Shampoo 7 Kruiden 400 ML",
    "category": "Drogisterij en baby",
    "price": 3.59,
    "promoPrice": null,
    "pricePerUnit": "8.98 l",
    "image": "https://www.jumbo.com/dam-images/fit-in/360x360/Products/06082025_1754443609542_1754443612016_479975_FK_05410091739317_C1N1.png",
    "available": true,
    "promoUntil": null
  },
  {
    "id": "575942CUP",
    "title": "Jumbo Ongezouten Noten Huismix 150 g",
    "category": "Koek, snoep, chocolade en chips",
    "price": 3.42,
    "promoPrice": null,
    "pricePerUnit": "22.8 kg",
    "image": "https://www.jumbo.com/dam-images/fit-in/360x360/Products/16072024_1721133254001_1721133258713_8718452738953_1.png",
    "available": true,
    "promoUntil": null
  },
  {
    "id": "419457PAK",
    "title": "Felix Elke Dag Feest Countryside kattenvoer 12 x 85g",
    "category": "Huishouden en dieren",
    "price": 6.62,
    "promoPrice": null,
    "pricePerUnit": "6.49 kg",
    "image": "https://www.jumbo.com/dam-images/fit-in/360x360/Products/23092025_1758593458273_1758593498924_419457_PAK_08445290240323_C1N1_s01.png",
    "available": true,
    "promoUntil": null
  },
  {
    "id": "703578TRA",
    "title": "Old El Paso Tortilla Pocket Wrap 223g",
    "category": "Wereldkeukens, kruiden, pasta en rijst",
    "price": 3.99,
    "promoPrice": null,
    "pricePerUnit": "17.89 kg",
    "image": "https://www.jumbo.com/dam-images/fit-in/360x360/Products/06062025_1749219067484_1749219074959_703578_TRA_08410076474629_C1N1.png",
    "available": true,
    "promoUntil": null
  },
  {
    "id": "566776FLS",
    "title": "Sanex Expert Skin Health Protector douchecrème 400ml",
    "category": "Drogisterij en baby",
    "price": 5.99,
    "promoPrice": null,
    "pricePerUnit": "14.98 l",
    "image": "https://www.jumbo.com/dam-images/fit-in/360x360/Products/30052024_1717033794464_1717033797575_566776_FLS_08718951601888_C1N1.png",
    "available": true,
    "promoUntil": null
  },
  {
    "id": "237961STK",
    "title": "Verstegen Witte Peper Gemalen 44 g",
    "category": "Wereldkeukens, kruiden, pasta en rijst",
    "price": 4.45,
    "promoPrice": null,
    "pricePerUnit": "101.14 kg",
    "image": "https://www.jumbo.com/dam-images/fit-in/360x360/Products/30082024_1724985248070_1724985252005_237961_STK_08712200094148_C1N1.png",
    "available": true,
    "promoUntil": null
  },
  {
    "id": "175412STK",
    "title": "Schär Wraps  Glutenvrij 2 Stuks 160 g",
    "category": "Wereldkeukens, kruiden, pasta en rijst",
    "price": 3.42,
    "promoPrice": null,
    "pricePerUnit": "21.38 kg",
    "image": "https://www.jumbo.com/dam-images/fit-in/360x360/Products/31032025_1743413560746_1743413573251_8008698011683_1.png",
    "available": true,
    "promoUntil": null
  },
  {
    "id": "676639ZK",
    "title": "Jumbo Plantaardige Worstenbroodjes 4 Stuks",
    "category": "Brood en gebak",
    "price": 3.99,
    "promoPrice": null,
    "pricePerUnit": "12.47 kg",
    "image": "https://www.jumbo.com/dam-images/fit-in/360x360/Products/20062025_1750415585811_1750415589937_8718452887927_1.png",
    "available": true,
    "promoUntil": null
  },
  {
    "id": "527726FLS",
    "title": "Siebrand - Alte Weintradition - 1L",
    "category": "Bier en wijn",
    "price": 3.99,
    "promoPrice": null,
    "pricePerUnit": "3.99 l",
    "image": "https://www.jumbo.com/dam-images/fit-in/360x360/Products/08052024_1715182453420_1715182456877_8710102121016_1.png",
    "available": true,
    "promoUntil": null
  },
  {
    "id": "84259POT",
    "title": "Grand'Italia Pesto Rosso met Zongedroogde Tomaat 185g",
    "category": "Wereldkeukens, kruiden, pasta en rijst",
    "price": 3.55,
    "promoPrice": null,
    "pricePerUnit": "19.09 kg",
    "image": "https://www.jumbo.com/dam-images/fit-in/360x360/Products/07082025_1754530741592_1754530751080_84259_POT_00000080024071_H1N1.png",
    "available": true,
    "promoUntil": null
  },
  {
    "id": "687044FLS",
    "title": "Gallo Family Vineyards Spritz Rasberry & Lime 750 ml",
    "category": "Bier en wijn",
    "price": 6.99,
    "promoPrice": null,
    "pricePerUnit": "9.32 l",
    "image": "https://www.jumbo.com/dam-images/fit-in/360x360/Products/18032025_1742326347019_1742326350361_85000023594_1.png",
    "available": true,
    "promoUntil": null
  },
  {
    "id": "619649ZK",
    "title": "Edet Extra Long+ Keukenpapier 2 Rollen",
    "category": "Huishouden en dieren",
    "price": 5.49,
    "promoPrice": null,
    "pricePerUnit": "2.75 pieces",
    "image": "https://www.jumbo.com/dam-images/fit-in/360x360/Products/03062024_1717432515185_1717432524746_7322541736211_1.png",
    "available": true,
    "promoUntil": null
  },
  {
    "id": "675323CUP",
    "title": "Jumbo Tzatziki Dip 170 g",
    "category": "Vleeswaren, kaas en tapas",
    "price": 1.49,
    "promoPrice": null,
    "pricePerUnit": "8.76 kg",
    "image": "https://www.jumbo.com/dam-images/fit-in/360x360/Products/27052025_1748356387644_1748356402984_8718452900503_1.png",
    "available": true,
    "promoUntil": null
  },
  {
    "id": "476540DS",
    "title": "Jumbo Aardbeienschijfjes Diepvries 250 g",
    "category": "Diepvries",
    "price": 1.79,
    "promoPrice": null,
    "pricePerUnit": "7.16 kg",
    "image": "https://www.jumbo.com/dam-images/fit-in/360x360/Products/10082023_1691675747176_1691675758081_8718452622344_1.png",
    "available": true,
    "promoUntil": null
  },
  {
    "id": "184402STK",
    "title": "Red Band Zoete Aardbeien Zoet Snoep 180 g",
    "category": "Koek, snoep, chocolade en chips",
    "price": 1.68,
    "promoPrice": null,
    "pricePerUnit": "9.33 kg",
    "image": "https://www.jumbo.com/dam-images/fit-in/360x360/Products/8713800128202T596795f256f-7d02-496a-830c-6a1860bdf8bb-1754984080044.png",
    "available": true,
    "promoUntil": null
  },
  {
    "id": "182463FLS",
    "title": "Sabor Dulce Passion Sweet Tropical 0,7 L",
    "category": "Bier en wijn",
    "price": 5.24,
    "promoPrice": null,
    "pricePerUnit": "7.49 l",
    "image": "https://www.jumbo.com/dam-images/fit-in/360x360/Products/01102024_1727740818736_1727740822236_5414145038937_1.png",
    "available": true,
    "promoUntil": null
  },
  {
    "id": "623493POT",
    "title": "Verstegen Peterselie 25 g",
    "category": "Wereldkeukens, kruiden, pasta en rijst",
    "price": 4.29,
    "promoPrice": null,
    "pricePerUnit": "171.6 kg",
    "image": "https://www.jumbo.com/dam-images/fit-in/360x360/Products/10042024_1712775068892_1712775074873_8712200945907_1.png",
    "available": true,
    "promoUntil": null
  },
  {
    "id": "688662CUP",
    "title": "Philadelphia Feta Roomkaas 175gr",
    "category": "Vleeswaren, kaas en tapas",
    "price": 2.99,
    "promoPrice": null,
    "pricePerUnit": "17.09 kg",
    "image": "https://www.jumbo.com/dam-images/fit-in/360x360/Products/04072025_1751592889289_1751592921451_688662_CUP_07622202285363_C1N1_s01.png",
    "available": true,
    "promoUntil": null
  },
  {
    "id": "619532CUP",
    "title": "Ben & Jerry's Mini Cup IJs Non-Dairy Cookies on Cookie Dough 100 ml",
    "category": "Diepvries",
    "price": 2.29,
    "promoPrice": null,
    "pricePerUnit": "22.9 l",
    "image": "https://www.jumbo.com/dam-images/fit-in/360x360/Products/26042025_1745632743301_1745632747074_619532_CUP_08711327626133_H1N1.png",
    "available": true,
    "promoUntil": null
  },
  {
    "id": "175814ZK",
    "title": "PURINA® ONE Sensitive Rijk aan Kalkoen kattenvoer 800 gr",
    "category": "Huishouden en dieren",
    "price": 6.17,
    "promoPrice": null,
    "pricePerUnit": "7.71 kg",
    "image": "https://www.jumbo.com/dam-images/fit-in/360x360/Products/29052025_1748483184709_1748483192774_175814_ZK_07613035610958_H1N1_s03.png",
    "available": true,
    "promoUntil": null
  },
  {
    "id": "490164PAK",
    "title": "Jumbo - Tijger Bollen - 2 Stuks",
    "category": "Brood en gebak",
    "price": 1.09,
    "promoPrice": null,
    "pricePerUnit": "5.45 kg",
    "image": "https://www.jumbo.com/dam-images/fit-in/360x360/Products/09082023_1691591039710_1691591095182_8718452652174_1.png",
    "available": true,
    "promoUntil": null
  },
  {
    "id": "370058PAK",
    "title": "Xylifresh Mentholmint Suikervrij Kauwgom 4-Pack 4 x 18 g",
    "category": "Koek, snoep, chocolade en chips",
    "price": 3.32,
    "promoPrice": null,
    "pricePerUnit": "46.11 kg",
    "image": "https://www.jumbo.com/dam-images/fit-in/360x360/Products/20092025_1758336705572_1758336719424_370058_PAK_08711400301223_C1N1.png",
    "available": true,
    "promoUntil": null
  },
  {
    "id": "572631ZK",
    "title": "Jumbo Dry Roasted Pinda's 200 g",
    "category": "Koek, snoep, chocolade en chips",
    "price": 1.19,
    "promoPrice": null,
    "pricePerUnit": "5.95 kg",
    "image": "https://www.jumbo.com/dam-images/fit-in/360x360/Products/14022024_1707872893689_1707872905491_8718452723690_1.png",
    "available": true,
    "promoUntil": null
  },
  {
    "id": "629547STK",
    "title": "Glorix Aromalux Toiletblok Wild Berries & Hibiscus Oil 1 stuk",
    "category": "Huishouden en dieren",
    "price": 4.79,
    "promoPrice": null,
    "pricePerUnit": "4.79 pieces",
    "image": "https://www.jumbo.com/dam-images/fit-in/360x360/Products/20082024_1724153717287_1724153723816_8720182903990_1.png",
    "available": true,
    "promoUntil": null
  },
  {
    "id": "182202POT",
    "title": "Jumbo Laurierblad 10 g",
    "category": "Wereldkeukens, kruiden, pasta en rijst",
    "price": 4.19,
    "promoPrice": null,
    "pricePerUnit": "419.0 kg",
    "image": "https://www.jumbo.com/dam-images/fit-in/360x360/Products/09082023_1691581022374_1691581042622_8718452203611_1.png",
    "available": true,
    "promoUntil": null
  },
  {
    "id": "621812TRA",
    "title": "Jumbo Lasagne Groente met Bechamelsaus 400 g",
    "category": "Verse maaltijden en gemak",
    "price": 3.75,
    "promoPrice": null,
    "pricePerUnit": "9.38 kg",
    "image": "https://www.jumbo.com/dam-images/fit-in/360x360/Products/04022025_1738665166783_1738665175542_8718452873593_1.png",
    "available": true,
    "promoUntil": null
  },
  {
    "id": "397726ZK",
    "title": "Dettol Power & Fresh Multi-Reinigingsdoekjes Sprankelende Citroen & Limoen Super Maxi 110 Stuks",
    "category": "Huishouden en dieren",
    "price": 5.99,
    "promoPrice": null,
    "pricePerUnit": "0.05 pieces",
    "image": "https://www.jumbo.com/dam-images/fit-in/360x360/Products/07022024_1707276508484_1707276516629_397726_ZK_05410036306673_C1N1.png",
    "available": true,
    "promoUntil": null
  },
  {
    "id": "332322PAK",
    "title": "Jumbo Zeeuwse Rondjes met Roomboter 250 g",
    "category": "Koek, snoep, chocolade en chips",
    "price": 1.49,
    "promoPrice": null,
    "pricePerUnit": "5.96 kg",
    "image": "https://www.jumbo.com/dam-images/fit-in/360x360/Products/24102024_1729739433639_1729739446895_332322_PAK_08718452427826_C1N1_R.png",
    "available": true,
    "promoUntil": null
  },
  {
    "id": "395600CUP",
    "title": "Galbani Parmigiano Reggiano Kaas 60 g",
    "category": "Vleeswaren, kaas en tapas",
    "price": 2.39,
    "promoPrice": null,
    "pricePerUnit": "39.83 kg",
    "image": "https://www.jumbo.com/dam-images/fit-in/360x360/Products/08022024_1707360376811_1707360381787_395600_CUP_.png",
    "available": true,
    "promoUntil": null
  },
  {
    "id": "671598STK",
    "title": "Varta Longlife Power AA 4 Stuks",
    "category": "Non-food en servicebalie",
    "price": 5.39,
    "promoPrice": null,
    "pricePerUnit": "1.35 pieces",
    "image": "https://www.jumbo.com/dam-images/fit-in/360x360/Products/09042025_1744156823111_1744156829956_4008496559435_1.png",
    "available": true,
    "promoUntil": null
  },
  {
    "id": "565055DS",
    "title": "Jumbo Smoothiemix met Appel, Mango, Blauwe Bes en Framboos 250 g",
    "category": "Diepvries",
    "price": 1.99,
    "promoPrice": null,
    "pricePerUnit": "7.96 kg",
    "image": "https://www.jumbo.com/dam-images/fit-in/360x360/Products/14022024_1707872475451_1707872491666_8718452707393_1.png",
    "available": true,
    "promoUntil": null
  },
  {
    "id": "79142FLS",
    "title": "Barton & Guestier - Réserve - Cabernet Sauvignon - 750 ML",
    "category": "Bier en wijn",
    "price": 5.99,
    "promoPrice": null,
    "pricePerUnit": "7.99 l",
    "image": "https://www.jumbo.com/dam-images/fit-in/360x360/Products/07122023_1701926714275_1701926721657_79142_FLS_03035138005655_C1N1.png",
    "available": true,
    "promoUntil": null
  },
  {
    "id": "139098DSL",
    "title": "Grand Sud - Merlot 6 x 250 ml",
    "category": "Bier en wijn",
    "price": 14.94,
    "promoPrice": null,
    "pricePerUnit": "9.96 l",
    "image": "https://www.jumbo.com/dam-images/fit-in/360x360/Products/139098DSL-1692282879238.png",
    "available": true,
    "promoUntil": null
  },
  {
    "id": "237958STK",
    "title": "Verstegen Oregano 11 g",
    "category": "Wereldkeukens, kruiden, pasta en rijst",
    "price": 2.99,
    "promoPrice": null,
    "pricePerUnit": "271.82 kg",
    "image": "https://www.jumbo.com/dam-images/fit-in/360x360/Products/30082024_1724985386865_1724985391176_237958_STK_08712200947307_C1N1.png",
    "available": true,
    "promoUntil": null
  },
  {
    "id": "544533DS",
    "title": "Robijn Classics Wasmiddeldoekjes Black Velvet 16 wasstrips",
    "category": "Huishouden en dieren",
    "price": 9.99,
    "promoPrice": null,
    "pricePerUnit": "0.62 wb",
    "image": "https://www.jumbo.com/dam-images/fit-in/360x360/Products/27082025_1756258125485_1756258184514_544533_DS_08720181264634_H1N1.png",
    "available": true,
    "promoUntil": null
  },
  {
    "id": "442454POT",
    "title": "Jumbo Green Mint Gum 105 g",
    "category": "Koek, snoep, chocolade en chips",
    "price": 2.19,
    "promoPrice": null,
    "pricePerUnit": "20.86 kg",
    "image": "https://www.jumbo.com/dam-images/fit-in/360x360/Products/13082024_1723513084503_1723513089458_442454_POT_08718452534302_C1N1.png",
    "available": true,
    "promoUntil": null
  },
  {
    "id": "623720PAK",
    "title": "Jumbo Witte Chocolade 100 g",
    "category": "Koek, snoep, chocolade en chips",
    "price": 1.87,
    "promoPrice": null,
    "pricePerUnit": "18.7 kg",
    "image": "https://www.jumbo.com/dam-images/fit-in/360x360/Products/23052025_1748010788798_1748010800485_8718452877027_596.png",
    "available": true,
    "promoUntil": null
  },
  {
    "id": "575936CUP",
    "title": "Jumbo Gezouten Pistachenoten 140 g",
    "category": "Koek, snoep, chocolade en chips",
    "price": 3.49,
    "promoPrice": null,
    "pricePerUnit": "24.93 kg",
    "image": "https://www.jumbo.com/dam-images/fit-in/360x360/Products/29042025_1745937193323_1745937198596_8718452738915_1.png",
    "available": true,
    "promoUntil": null
  },
  {
    "id": "572644ZK",
    "title": "Jumbo Katjang Pedis Gezouten 250 g",
    "category": "Koek, snoep, chocolade en chips",
    "price": 1.49,
    "promoPrice": null,
    "pricePerUnit": "5.96 kg",
    "image": "https://www.jumbo.com/dam-images/fit-in/360x360/Products/14022024_1707872954131_1707872957799_8718452724789_1.png",
    "available": true,
    "promoUntil": null
  },
  {
    "id": "528290ZK",
    "title": "Jumbo Biologisch Veldsla 40 g",
    "category": "Aardappelen, groente en fruit",
    "price": 1.49,
    "promoPrice": null,
    "pricePerUnit": "37.25 kg",
    "image": "https://www.jumbo.com/dam-images/fit-in/360x360/Products/05062024_1717601667764_1717601677903_8718452793464_1.png",
    "available": true,
    "promoUntil": null
  },
  {
    "id": "420753KGR",
    "title": "Beemster Jong stuk 460 g",
    "category": "Vleeswaren, kaas en tapas",
    "price": 7.81,
    "promoPrice": null,
    "pricePerUnit": "16.99 kg",
    "image": "https://www.jumbo.com/dam-images/fit-in/360x360/Products/09082023_1691596485931_1691596497827_2392346000000_1.png",
    "available": true,
    "promoUntil": null
  },
  {
    "id": "617507FLS",
    "title": "Spa TOUCH Mocktail Bruisend Passion Fizz 1L",
    "category": "Frisdrank en sappen",
    "price": 1.79,
    "promoPrice": null,
    "pricePerUnit": "1.79 l",
    "image": "https://www.jumbo.com/dam-images/fit-in/360x360/Products/16062025_1750088026379_1750088029725_5410013813965_1.png",
    "available": true,
    "promoUntil": null
  },
  {
    "id": "566177STK",
    "title": "Knoppers Black & White Wafel 5 Stuks 125g",
    "category": "Koek, snoep, chocolade en chips",
    "price": 1.67,
    "promoPrice": null,
    "pricePerUnit": "13.36 kg",
    "image": "https://www.jumbo.com/dam-images/fit-in/360x360/Products/18012024_1705574044802_1705574049901_4014400933840_1.png",
    "available": true,
    "promoUntil": null
  },
  {
    "id": "622029ZK",
    "title": "Dettol Hygiënische Doekjes Maxi Hygiene Pack 72 Stuks",
    "category": "Huishouden en dieren",
    "price": 4.49,
    "promoPrice": null,
    "pricePerUnit": "0.06 pieces",
    "image": "https://www.jumbo.com/dam-images/fit-in/360x360/Products/25042024_1714010940886_1714010942857_622029_ZK_08710552313320_A1N1.png",
    "available": true,
    "promoUntil": null
  },
  {
    "id": "405776FLS",
    "title": "NIVEA Crème Soft Douchecrème - 250ml",
    "category": "Drogisterij en baby",
    "price": 4.69,
    "promoPrice": null,
    "pricePerUnit": "18.76 l",
    "image": "https://www.jumbo.com/dam-images/fit-in/360x360/Products/04092025_1756985588973_1756985591678_4005808123834_1.png",
    "available": true,
    "promoUntil": null
  },
  {
    "id": "531567BKR",
    "title": "La Place Verse Soep Oosterse Stijl Pompoen met Kokos 500 g",
    "category": "Verse maaltijden en gemak",
    "price": 3.79,
    "promoPrice": null,
    "pricePerUnit": "7.58 kg",
    "image": "https://www.jumbo.com/dam-images/fit-in/360x360/Products/09082023_1691591216292_1691591246753_8718452678204_1.png",
    "available": true,
    "promoUntil": null
  },
  {
    "id": "677988STK",
    "title": "HEMA Servetten 33x33 Gouden Stip 20 Stuks",
    "category": "Non-food en servicebalie",
    "price": 1.99,
    "promoPrice": null,
    "pricePerUnit": "0.1 pieces",
    "image": "https://www.jumbo.com/dam-images/fit-in/360x360/Products/08042025_1744077169180_1744077173291_677988_STK_08720354508770_C1N1.png",
    "available": true,
    "promoUntil": null
  },
  {
    "id": "548520DS",
    "title": "Always Daily Fresh Normal 0% Parfum",
    "category": "Drogisterij en baby",
    "price": 2.99,
    "promoPrice": null,
    "pricePerUnit": "0.1 pieces",
    "image": "https://www.jumbo.com/dam-images/fit-in/360x360/Products/26082025_1756171015788_1756171017086_548520_DS_08006540846513_C1N1.png",
    "available": true,
    "promoUntil": null
  },
  {
    "id": "569254ZK",
    "title": "Puuur Visch Visfriet Oven & Airfryer 500 g",
    "category": "Diepvries",
    "price": 5.69,
    "promoPrice": null,
    "pricePerUnit": "11.38 kg",
    "image": "https://www.jumbo.com/dam-images/fit-in/360x360/Products/14022024_1707872893348_1707872904994_8719326805825_1.png",
    "available": true,
    "promoUntil": null
  },
  {
    "id": "554825DS",
    "title": "Montaignan - Merlot - Box - 2,25 L",
    "category": "Bier en wijn",
    "price": 16.49,
    "promoPrice": null,
    "pricePerUnit": "7.33 l",
    "image": "https://www.jumbo.com/dam-images/fit-in/360x360/Products/09082023_1691594351870_1691594360085_3700619346601_1.png",
    "available": true,
    "promoUntil": null
  },
  {
    "id": "584564KGR",
    "title": "Wapenaer Goudse Kaas Belegen 35+ Stuk ca. 355 g",
    "category": "Vleeswaren, kaas en tapas",
    "price": 6.21,
    "promoPrice": null,
    "pricePerUnit": "17.49 kg",
    "image": "https://www.jumbo.com/dam-images/fit-in/360x360/Products/11042025_1744378428572_1744378436073_2336158000000_1.png",
    "available": true,
    "promoUntil": null
  },
  {
    "id": "584192ZK",
    "title": "Chio Popcorn Salt 90 g",
    "category": "Koek, snoep, chocolade en chips",
    "price": 1.89,
    "promoPrice": null,
    "pricePerUnit": "21.0 kg",
    "image": "https://www.jumbo.com/dam-images/fit-in/360x360/Products/13092025_1757730712929_1757730716644_584192_ZK_08710532470937_C1N1.png",
    "available": true,
    "promoUntil": null
  },
  {
    "id": "585172TAS",
    "title": "Jumbo's Gnocchi Pesto 400 g",
    "category": "Wereldkeukens, kruiden, pasta en rijst",
    "price": 2.99,
    "promoPrice": null,
    "pricePerUnit": "7.48 kg",
    "image": "https://www.jumbo.com/dam-images/fit-in/360x360/Products/23092024_1727091277947_1727091285232_8718452832736_1.png",
    "available": true,
    "promoUntil": null
  },
  {
    "id": "468798DS",
    "title": "Santa Maria Mini Taco Tubs 10 Stuks 86 g",
    "category": "Wereldkeukens, kruiden, pasta en rijst",
    "price": 2.75,
    "promoPrice": null,
    "pricePerUnit": "31.98 kg",
    "image": "https://www.jumbo.com/dam-images/fit-in/360x360/Products/13092025_1757725645478_1757725659251_468798_DS_.png",
    "available": true,
    "promoUntil": null
  },
  {
    "id": "566176STK",
    "title": "Knoppers Peanut Wafel 5 Stuks 125g",
    "category": "Koek, snoep, chocolade en chips",
    "price": 1.67,
    "promoPrice": null,
    "pricePerUnit": "13.36 kg",
    "image": "https://www.jumbo.com/dam-images/fit-in/360x360/Products/18012024_1705574044700_1705574050151_4014400933819_1.png",
    "available": true,
    "promoUntil": null
  },
  {
    "id": "225500FLS",
    "title": "Villa Annaberta - Ripasso – Superiore - 750ML",
    "category": "Bier en wijn",
    "price": 9.99,
    "promoPrice": null,
    "pricePerUnit": "13.32 l",
    "image": "https://www.jumbo.com/dam-images/fit-in/360x360/Products/09082023_1691586973350_1691586977253_5750000103571_1.png",
    "available": true,
    "promoUntil": null
  },
  {
    "id": "218386STK",
    "title": "Jumbo Snack met Kip & Rijst Botjes 100 g",
    "category": "Huishouden en dieren",
    "price": 2.39,
    "promoPrice": null,
    "pricePerUnit": "23.9 kg",
    "image": "https://www.jumbo.com/dam-images/fit-in/360x360/Products/17032025_1742229208281_1742229215307_8718452583997_1.png",
    "available": true,
    "promoUntil": null
  },
  {
    "id": "452333STK",
    "title": "Unicura Mild Antibacteriële Handzeep 250 ml",
    "category": "Drogisterij en baby",
    "price": 3.29,
    "promoPrice": null,
    "pricePerUnit": "13.16 l",
    "image": "https://www.jumbo.com/dam-images/fit-in/360x360/Products/18052024_1715997489852_1715997492284_452333_STK_08718951455146_C1N1.png",
    "available": true,
    "promoUntil": null
  },
  {
    "id": "506058TUB",
    "title": "Jumbo Tomatenpuree 200 g",
    "category": "Wereldkeukens, kruiden, pasta en rijst",
    "price": 1.18,
    "promoPrice": null,
    "pricePerUnit": "5.9 kg",
    "image": "https://www.jumbo.com/dam-images/fit-in/360x360/Products/10082023_1691677308462_1691677314715_8718452627769_1.png",
    "available": true,
    "promoUntil": null
  },
  {
    "id": "694184FLS",
    "title": "Tropicana Orange Zonder Vruchtvlees 1L",
    "category": "Frisdrank en sappen",
    "price": 4.29,
    "promoPrice": null,
    "pricePerUnit": "4.29 l",
    "image": "https://www.jumbo.com/dam-images/fit-in/360x360/Products/17042025_1744865678381_1744865681478_694184_FLS_01210002012300_C1N1.png",
    "available": true,
    "promoUntil": null
  },
  {
    "id": "539069BLK",
    "title": "Red Bull Energy Drink Tropisch Fruit The Tropical Edition 250 ml",
    "category": "Frisdrank en sappen",
    "price": 1.69,
    "promoPrice": null,
    "pricePerUnit": "6.76 l",
    "image": "https://www.jumbo.com/dam-images/fit-in/360x360/Products/12122024_1734014860645_1734014865385_90453458_1.png",
    "available": true,
    "promoUntil": null
  },
  {
    "id": "664273ROL",
    "title": "Jumbo American Style Cookie Deeg 300 g",
    "category": "Brood en gebak",
    "price": 3.99,
    "promoPrice": null,
    "pricePerUnit": "13.3 kg",
    "image": "https://www.jumbo.com/dam-images/fit-in/360x360/Products/07012025_1736260386815_1736260398664_8718452885374_596.png",
    "available": true,
    "promoUntil": null
  },
  {
    "id": "554038CUP",
    "title": "Ben & Jerry's IJs Dulce De-lish Sundae 427 ml",
    "category": "Diepvries",
    "price": 7.99,
    "promoPrice": null,
    "pricePerUnit": "18.71 l",
    "image": "https://www.jumbo.com/dam-images/fit-in/360x360/Products/15082025_1755224606422_1755224658057_554038_CUP_08711327589360_H1N1.png",
    "available": true,
    "promoUntil": null
  },
  {
    "id": "648083BLK",
    "title": "Mutti Cherry Tomaten 400g",
    "category": "Wereldkeukens, kruiden, pasta en rijst",
    "price": 2.37,
    "promoPrice": null,
    "pricePerUnit": "5.93 kg",
    "image": "https://www.jumbo.com/dam-images/fit-in/360x360/Products/29082024_1724912772658_1724912779582_648083_BLK_08005110550508_C1N1.png",
    "available": true,
    "promoUntil": null
  },
  {
    "id": "667151FLS",
    "title": "Capri-Sun Siroop Fairy Berry Zero 600ML",
    "category": "Frisdrank en sappen",
    "price": 3.89,
    "promoPrice": null,
    "pricePerUnit": "6.48 l",
    "image": "https://www.jumbo.com/dam-images/fit-in/360x360/Products/03122024_1733227992813_1733227995887_667151_FLS_04000177035283_C1N1.png",
    "available": true,
    "promoUntil": null
  },
  {
    "id": "212657STK",
    "title": "Sore Baby Mais Fingers Bananen Smaak 6m+ 35 g",
    "category": "Drogisterij en baby",
    "price": 1.77,
    "promoPrice": null,
    "pricePerUnit": "50.57 kg",
    "image": "https://www.jumbo.com/dam-images/fit-in/360x360/Products/18062025_1750212327875_1750212337219_212657_STK_08719324174039_C1N1.png",
    "available": true,
    "promoUntil": null
  },
  {
    "id": "306325ZK",
    "title": "Jumbo - Volkoren Pita's - 5 Stuks",
    "category": "Brood en gebak",
    "price": 0.8,
    "promoPrice": null,
    "pricePerUnit": "2.0 kg",
    "image": "https://www.jumbo.com/dam-images/fit-in/360x360/Products/29092023_1695995554986_1695995562380_8718452633401_1.png",
    "available": true,
    "promoUntil": null
  },
  {
    "id": "180386BUS",
    "title": "JOZO Salt & Pepper Extra Fine 100 g",
    "category": "Wereldkeukens, kruiden, pasta en rijst",
    "price": 2.03,
    "promoPrice": null,
    "pricePerUnit": "20.3 kg",
    "image": "https://www.jumbo.com/dam-images/fit-in/360x360/Products/09012024_1704771159308_1704771162031_180386_BUS_08715800000595_C1N1.png",
    "available": true,
    "promoUntil": null
  },
  {
    "id": "338994DS",
    "title": "Iglo Biologische Spinazie à la Crème 450 g",
    "category": "Diepvries",
    "price": 2.79,
    "promoPrice": null,
    "pricePerUnit": "6.2 kg",
    "image": "https://www.jumbo.com/dam-images/fit-in/360x360/Products/23072025_1753236066125_1753236096401_338994_DS_08717774269329_H1N1.png",
    "available": true,
    "promoUntil": null
  },
  {
    "id": "485660RP",
    "title": "Jumbo Vegan Leeuwenkoppen 200 g",
    "category": "Koek, snoep, chocolade en chips",
    "price": 1.99,
    "promoPrice": null,
    "pricePerUnit": "9.95 kg",
    "image": "https://www.jumbo.com/dam-images/fit-in/360x360/Products/10082023_1691677394733_1691677401445_8718452640560_1.png",
    "available": true,
    "promoUntil": null
  },
  {
    "id": "590894DS",
    "title": "Jumbo Melkbiscuits Chocosmaak 6 Stuks",
    "category": "Koek, snoep, chocolade en chips",
    "price": 1.79,
    "promoPrice": null,
    "pricePerUnit": "7.31 kg",
    "image": "https://www.jumbo.com/dam-images/fit-in/360x360/Products/14022024_1707873716475_1707873726181_8718452745098_1.png",
    "available": true,
    "promoUntil": null
  },
  {
    "id": "447822FLS",
    "title": "D2S Alcohol Gedenatureerd 70% 120 ml",
    "category": "Drogisterij en baby",
    "price": 2.56,
    "promoPrice": null,
    "pricePerUnit": "21.33 l",
    "image": "https://www.jumbo.com/dam-images/fit-in/360x360/Products/09082023_1691588748741_1691588755525_5415289000101_1.png",
    "available": true,
    "promoUntil": null
  },
  {
    "id": "350246STK",
    "title": "Lonka Soft Nougat Pinda's & Vruchten 220 g",
    "category": "Koek, snoep, chocolade en chips",
    "price": 2.17,
    "promoPrice": null,
    "pricePerUnit": "9.86 kg",
    "image": "https://www.jumbo.com/dam-images/fit-in/360x360/Products/06082025_1754444442612_1754444455895_350246_STK_08713800133770_C1N1.png",
    "available": true,
    "promoUntil": null
  },
  {
    "id": "686960DS",
    "title": "O.B. Pro Comfort Tampons Super 32 Stuks",
    "category": "Drogisterij en baby",
    "price": 5.59,
    "promoPrice": null,
    "pricePerUnit": "0.17 pieces",
    "image": "https://www.jumbo.com/dam-images/fit-in/360x360/Products/17032025_1742224504898_1742224507292_686960_DS_03574661331171_C1N1.png",
    "available": true,
    "promoUntil": null
  },
  {
    "id": "553727ZK",
    "title": "Candyman Salmiak Knotsen 125 g",
    "category": "Koek, snoep, chocolade en chips",
    "price": 1.87,
    "promoPrice": null,
    "pricePerUnit": "14.96 kg",
    "image": "https://www.jumbo.com/dam-images/fit-in/360x360/Products/24102024_1729766105217_1729766111389_8719700009399_1.png",
    "available": true,
    "promoUntil": null
  },
  {
    "id": "470949CUP",
    "title": "Sheba Filets Kipfilet stukjes in saus kattenvoer 60 g",
    "category": "Huishouden en dieren",
    "price": 1.55,
    "promoPrice": null,
    "pricePerUnit": "25.83 kg",
    "image": "https://www.jumbo.com/dam-images/fit-in/360x360/Products/10082023_1691676402569_1691676423212_4008429134791_596.png",
    "available": true,
    "promoUntil": null
  },
  {
    "id": "544634DS",
    "title": "Liefmans - Peach Fruitesse - Limited Edition - Fles - 4 x 250ML",
    "category": "Bier en wijn",
    "price": 6.49,
    "promoPrice": null,
    "pricePerUnit": "6.49 l",
    "image": "https://www.jumbo.com/dam-images/fit-in/360x360/Products/14022024_1707872685775_1707872692973_5411686702570_1.png",
    "available": true,
    "promoUntil": null
  }
]