[
  {
    "id": "677601ZK",
    "title": "Pampers Harmonie Pants Maat 4, 32 Luierbroekjes",
    "category": "Drogisterij en baby",
    "price": 23.99,
    "promoPrice": null,
    "pricePerUnit": "0.75 pieces",
    "image": "https://www.jumbo.com/dam-images/fit-in/360x360/Products/14082025_1755196423319_1755196430106_8700216705486_1.png",
    "available": true,
    "promoUntil": null
  },
  {
    "id": "640482TRA",
    "title": "Jumbo's Verse Maaltijd Zuurkoolschotel 450 g",
    "category": "Verse maaltijden en gemak",
    "price": 5.99,
    "promoPrice": null,
    "pricePerUnit": "13.31 kg",
    "image": "https://www.jumbo.com/dam-images/fit-in/360x360/Products/04092025_1756996411948_1756996418892_8718452953394_1.png",
    "available": true,
    "promoUntil": null
  },
  {
    "id": "561862FLS",
    "title": "SOUQ Granaatappel Melasse",
    "category": "Wereldkeukens, kruiden, pasta en rijst",
    "price": 6.33,
    "promoPrice": null,
    "pricePerUnit": "63.3 l",
    "image": "https://www.jumbo.com/dam-images/fit-in/360x360/Products/04072024_1720055957402_1720055966571_561862_FLS_08717662266478_C1N1.png",
    "available": true,
    "promoUntil": null
  },
  {
    "id": "428897FLS",
    "title": "SPA FINESSE Natuurlijk Licht Bruisend Mineraalwater 1,5L",
    "category": "Frisdrank en sappen",
    "price": 1.16,
    "promoPrice": null,
    "pricePerUnit": "0.77 l",
    "image": "https://www.jumbo.com/dam-images/fit-in/360x360/Products/28092023_1695922147929_1695922149710_5410013134695_1.png",
    "available": true,
    "promoUntil": null
  },
  {
    "id": "607624FLS",
    "title": "SPA TOUCH Bruisend Cherry 50cl ",
    "category": "Frisdrank en sappen",
    "price": 1.18,
    "promoPrice": null,
    "pricePerUnit": "2.36 l",
    "image": "https://www.jumbo.com/dam-images/fit-in/360x360/Products/15072025_1752537617700_1752537621064_5410013813712_1.png",
    "available": true,
    "promoUntil": null
  },
  {
    "id": "498557ZK",
    "title": "Katja Zure Matjes Mix 250 g",
    "category": "Koek, snoep, chocolade en chips",
    "price": 2.46,
    "promoPrice": null,
    "pricePerUnit": "9.84 kg",
    "image": "https://www.jumbo.com/dam-images/fit-in/360x360/Products/01052024_1714527890196_1714527898090_498557_ZK_08716100370470_C1N1.png",
    "available": true,
    "promoUntil": null
  },
  {
    "id": "706749ZK",
    "title": "Seacon Alaska Koolvisfilet 675g",
    "category": "Diepvries",
    "price": 4.99,
    "promoPrice": null,
    "pricePerUnit": "7.39 kg",
    "image": "https://www.jumbo.com/dam-images/fit-in/360x360/Products/SeaconAlaskapollakfilet675g979b9a5f-2883-497f-9084-8503d08c0580-1758205840230.png",
    "available": true,
    "promoUntil": null
  },
  {
    "id": "166534ZK",
    "title": "KotexÂ® Maxi Maandverband Normal 18 Stuks",
    "category": "Drogisterij en baby",
    "price": 2.25,
    "promoPrice": null,
    "pricePerUnit": "0.13 pieces",
    "image": "https://www.jumbo.com/dam-images/fit-in/360x360/Products/24092024_1727145595842_1727145600600_166534_ZK_05029053500287_C1N1.png",
    "available": true,
    "promoUntil": null
  },
  {
    "id": "154912STK",
    "title": "Luuf Verkoudheidsbalsem voor baby's 30 g",
    "category": "Drogisterij en baby",
    "price": 6.99,
    "promoPrice": null,
    "pricePerUnit": "233.0 kg",
    "image": "https://www.jumbo.com/dam-images/fit-in/360x360/Products/24092025_1758672060903_1758672066294_8711744038243_1.png",
    "available": true,
    "promoUntil": null
  },
  {
    "id": "197435STK",
    "title": "Mentos Gum Pure Fresh Aardbei Suikervrij Pot 50 stuks ",
    "category": "Koek, snoep, chocolade en chips",
    "price": 4.94,
    "promoPrice": null,
    "pricePerUnit": "49.4 kg",
    "image": "https://www.jumbo.com/dam-images/fit-in/360x360/Products/07072025_1751902633830_1751902637984_80858003_1.png",
    "available": true,
    "promoUntil": null
  },
  {
    "id": "703295POT",
    "title": "Old El Paso Taco Salsa Mild 235g",
    "category": "Wereldkeukens, kruiden, pasta en rijst",
    "price": 2.49,
    "promoPrice": null,
    "pricePerUnit": "10.6 kg",
    "image": "https://www.jumbo.com/dam-images/fit-in/360x360/Products/07082025_1754529563395_1754529574461_703295_POT_08410076421043_C1N1.png",
    "available": true,
    "promoUntil": null
  },
  {
    "id": "685633ZK",
    "title": "KITKAT Balls Witte chocolade",
    "category": "Koek, snoep, chocolade en chips",
    "price": 3.19,
    "promoPrice": null,
    "pricePerUnit": "22.79 kg",
    "image": "https://www.jumbo.com/dam-images/fit-in/360x360/Products/04092025_1756951070263_1756951101905_685633_ZK_08000300434163_C1N1_s01.png",
    "available": true,
    "promoUntil": null
  },
  {
    "id": "438451ZK",
    "title": "Verstegen Lavasblad Gemalen Kleinverpakking 6 g",
    "category": "Wereldkeukens, kruiden, pasta en rijst",
    "price": 0.98,
    "promoPrice": null,
    "pricePerUnit": "163.33 kg",
    "image": "https://www.jumbo.com/dam-images/fit-in/360x360/Products/09082023_1691588634890_1691588641150_8712200090973_1.png",
    "available": true,
    "promoUntil": null
  },
  {
    "id": "688645FLS",
    "title": "Robijn Wasvezachter Bohemian Blossom 765ML",
    "category": "Huishouden en dieren",
    "price": 7.29,
    "promoPrice": null,
    "pricePerUnit": "0.19 wb",
    "image": "https://www.jumbo.com/dam-images/fit-in/360x360/Products/17042025_1744854358660_1744854389035_688645_FLS_08720181633140_H1N1.png",
    "available": true,
    "promoUntil": null
  },
  {
    "id": "709774BLK",
    "title": "Royal Club Ginger Mule 0% 250ML",
    "category": "Frisdrank en sappen",
    "price": 0.99,
    "promoPrice": null,
    "pricePerUnit": "3.96 l",
    "image": "https://www.jumbo.com/dam-images/fit-in/360x360/Products/17072025_1752753548499_1752753555559_709774_BLK_08715600248531_C1N1.png",
    "available": true,
    "promoUntil": null
  },
  {
    "id": "419421DS",
    "title": "Jumbo Zoogkompressen 30 Stuks",
    "category": "Drogisterij en baby",
    "price": 2.35,
    "promoPrice": null,
    "pricePerUnit": "0.08 pieces",
    "image": "https://www.jumbo.com/dam-images/fit-in/360x360/Products/09082023_1691588220251_1691588246840_8718452523245_1.png",
    "available": true,
    "promoUntil": null
  },
  {
    "id": "566779BUS",
    "title": "NIVEA MEN Fresh Sensation Anti-Transpirant Spray - 150ml",
    "category": "Drogisterij en baby",
    "price": 5.69,
    "promoPrice": null,
    "pricePerUnit": "37.93 l",
    "image": "https://www.jumbo.com/dam-images/fit-in/360x360/Products/18072025_1752800541913_1752800542654_566779_BUS_04006000011332_C1N1.png",
    "available": true,
    "promoUntil": null
  },
  {
    "id": "704033CUP",
    "title": "Robijn Classics 3-in-1 Wascapsules Stralend Wit 26 wasbeurten",
    "category": "Huishouden en dieren",
    "price": 17.14,
    "promoPrice": null,
    "pricePerUnit": "0.66 wb",
    "image": "https://www.jumbo.com/dam-images/fit-in/360x360/Products/24092025_1758676961491_1758676991288_704033_CUP_08720181747762_H1N1.png",
    "available": true,
    "promoUntil": null
  },
  {
    "id": "292097STK",
    "title": "Kanjers Melkchocolade Karamel Zeezout Wafels 4 Stuks 180 g",
    "category": "Koek, snoep, chocolade en chips",
    "price": 3.0,
    "promoPrice": null,
    "pricePerUnit": "16.67 kg",
    "image": "https://www.jumbo.com/dam-images/fit-in/360x360/Products/292097_8710739498376_1_T1_292097STK1691051296518.png",
    "available": true,
    "promoUntil": null
  },
  {
    "id": "513264DS",
    "title": "Lassie Meer Granen rijst",
    "category": "Wereldkeukens, kruiden, pasta en rijst",
    "price": 2.37,
    "promoPrice": null,
    "pricePerUnit": "8.62 kg",
    "image": "https://www.jumbo.com/dam-images/fit-in/360x360/Products/10052024_1715304158586_1715304164004_513264_DS_08718781601775_H1N1.png",
    "available": true,
    "promoUntil": null
  },
  {
    "id": "615659DS",
    "title": "Lindt Les Grandes Milk Noisette 150g",
    "category": "Koek, snoep, chocolade en chips",
    "price": 5.93,
    "promoPrice": null,
    "pricePerUnit": "39.53 kg",
    "image": "https://www.jumbo.com/dam-images/fit-in/360x360/Products/21022024_1708516164532_1708516204293_615659_DS_07610400066204_H1N1.png",
    "available": true,
    "promoUntil": null
  },
  {
    "id": "703122STK",
    "title": "Mars Minimix chocolade repen uitdeelzak 2x 500g",
    "category": "Koek, snoep, chocolade en chips",
    "price": 12.98,
    "promoPrice": null,
    "pricePerUnit": "None None",
    "image": "https://www.jumbo.com/dam-images/fit-in/360x360/Products/202591124b7f5575-8bac-4b1b-a146-5dadc9063c12-1749105969311.png",
    "available": true,
    "promoUntil": null
  },
  {
    "id": "612487ZK",
    "title": "Mentos Pepermuntballen 220g",
    "category": "Koek, snoep, chocolade en chips",
    "price": 2.27,
    "promoPrice": null,
    "pricePerUnit": "10.32 kg",
    "image": "https://www.jumbo.com/dam-images/fit-in/360x360/Products/07072025_1751902635166_1751902640432_8723400828471_1.png",
    "available": true,
    "promoUntil": null
  },
  {
    "id": "681900DS",
    "title": "Rodenbach Fruitage 4x250ML",
    "category": "Bier en wijn",
    "price": 5.59,
    "promoPrice": null,
    "pricePerUnit": "5.59 l",
    "image": "https://www.jumbo.com/dam-images/fit-in/360x360/Products/5410583804967T190dd2964d-0749-4dce-bc27-cb197294dee2-1745494732541.png",
    "available": true,
    "promoUntil": null
  },
  {
    "id": "683156CUP",
    "title": "Oppo Pro High Protein Chocolate Brownie 150g",
    "category": "Diepvries",
    "price": 3.29,
    "promoPrice": null,
    "pricePerUnit": "13.71 l",
    "image": "https://www.jumbo.com/dam-images/fit-in/360x360/Products/07062025_1749258349304_1749258353031_683156_CUP_05060346412917_C1N1_s02.png",
    "available": true,
    "promoUntil": null
  },
  {
    "id": "680480DS",
    "title": "Philips LED Lamp Mat - 40 W - E27 - warmwit licht",
    "category": "Non-food en servicebalie",
    "price": 8.19,
    "promoPrice": null,
    "pricePerUnit": "8.19 pieces",
    "image": "https://www.jumbo.com/dam-images/fit-in/360x360/Products/8718699665326T1e04c083e-335b-4f97-86b2-53cc70b81bdc-1744621510288.png",
    "available": true,
    "promoUntil": null
  },
  {
    "id": "171465POT",
    "title": "Olvarit Appel Mango Banaan 4+ Maanden 125 g",
    "category": "Drogisterij en baby",
    "price": 1.08,
    "promoPrice": null,
    "pricePerUnit": "8.64 kg",
    "image": "https://www.jumbo.com/dam-images/fit-in/360x360/Products/10082023_1691675904167_1691675906214_8591119002051_1.png",
    "available": true,
    "promoUntil": null
  },
  {
    "id": "568615ZK",
    "title": "Red Band Winegums Original 120 g",
    "category": "Koek, snoep, chocolade en chips",
    "price": 1.45,
    "promoPrice": null,
    "pricePerUnit": "12.08 kg",
    "image": "https://www.jumbo.com/dam-images/fit-in/360x360/Products/30042024_1714487588758_1714487593056_8713800143458_1.png",
    "available": true,
    "promoUntil": null
  },
  {
    "id": "686981ZK",
    "title": "Rewind Tangy Sriracha Thin and Crispy Corn Chips 160 g",
    "category": "Koek, snoep, chocolade en chips",
    "price": 1.89,
    "promoPrice": null,
    "pricePerUnit": "11.81 kg",
    "image": "https://www.jumbo.com/dam-images/fit-in/360x360/Products/13092025_1757729781083_1757729785391_686981_ZK_07311312009142_C1N1.png",
    "available": true,
    "promoUntil": null
  },
  {
    "id": "517013DS",
    "title": "Ricola Citroen Munt suikervrij doosje 50 g",
    "category": "Koek, snoep, chocolade en chips",
    "price": 2.05,
    "promoPrice": null,
    "pricePerUnit": "41.0 kg",
    "image": "https://www.jumbo.com/dam-images/fit-in/360x360/Products/09072024_1720490103062_1720490110345_517013_DS_07610700015902_H1N1.png",
    "available": true,
    "promoUntil": null
  },
  {
    "id": "712258POT",
    "title": "Royal Zongedroogde Tomaten met Kruiden 210g",
    "category": "Wereldkeukens, kruiden, pasta en rijst",
    "price": 2.99,
    "promoPrice": null,
    "pricePerUnit": "14.24 kg",
    "image": "https://www.jumbo.com/dam-images/fit-in/360x360/Products/01082025_1754044474027_1754044495453_712258_POT_05201194037529_C1N1.png",
    "available": true,
    "promoUntil": null
  },
  {
    "id": "703715ZK",
    "title": "Knorr Maaltijdmix Kip Teriyaki 65 g",
    "category": "Wereldkeukens, kruiden, pasta en rijst",
    "price": 1.95,
    "promoPrice": null,
    "pricePerUnit": "30.0 kg",
    "image": "https://www.jumbo.com/dam-images/fit-in/360x360/Products/30072025_1753889674337_1753889682216_8721201952784_1.png",
    "available": true,
    "promoUntil": null
  },
  {
    "id": "664643ZK",
    "title": "Venco Droptoppers Zoet & Frutig met Tikkels XL 225 g",
    "category": "Koek, snoep, chocolade en chips",
    "price": 2.56,
    "promoPrice": null,
    "pricePerUnit": "11.38 kg",
    "image": "https://www.jumbo.com/dam-images/fit-in/360x360/Products/18012025_1737166938003_1737166948813_664643_ZK_08713800255441_H1N1.png",
    "available": true,
    "promoUntil": null
  },
  {
    "id": "226507STK",
    "title": "Pedigree Ranchos Jerkies Kip 70g",
    "category": "Huishouden en dieren",
    "price": 2.37,
    "promoPrice": null,
    "pricePerUnit": "33.86 kg",
    "image": "https://www.jumbo.com/dam-images/fit-in/360x360/Products/24062025_1750789969171_1750789992306_4008429105173_596.png",
    "available": true,
    "promoUntil": null
  },
  {
    "id": "440219POT",
    "title": "Verstegen Kaneel met Molen 42 g",
    "category": "Wereldkeukens, kruiden, pasta en rijst",
    "price": 4.19,
    "promoPrice": null,
    "pricePerUnit": "99.76 kg",
    "image": "https://www.jumbo.com/dam-images/fit-in/360x360/Products/27092023_1695778536427_1695778539737_440219_POT_08712200089038_C1N1.png",
    "available": true,
    "promoUntil": null
  },
  {
    "id": "177871STK",
    "title": "Supradyn Complex Forte tabletten (voedingssuplement), 95 stuks",
    "category": "Drogisterij en baby",
    "price": 32.99,
    "promoPrice": null,
    "pricePerUnit": "0.35 pieces",
    "image": "https://www.jumbo.com/dam-images/fit-in/360x360/Products/24092025_1758672060924_1758672067159_8713091024498_1.png",
    "available": true,
    "promoUntil": null
  },
  {
    "id": "679067STK",
    "title": "Zalmsalade 150 g",
    "category": "Vleeswaren, kaas en tapas",
    "price": 3.29,
    "promoPrice": null,
    "pricePerUnit": "21.93 kg",
    "image": "https://www.jumbo.com/dam-images/fit-in/360x360/Products/14022025_1739539886201_1739539891458_5414268003713_1.png",
    "available": true,
    "promoUntil": null
  },
  {
    "id": "581980NET",
    "title": "Love Hearts 100 g",
    "category": "Koek, snoep, chocolade en chips",
    "price": 1.09,
    "promoPrice": null,
    "pricePerUnit": "10.9 kg",
    "image": "https://www.jumbo.com/dam-images/fit-in/360x360/Products/16052025_1747420369435_1747420375490_8717677071036_1.png",
    "available": true,
    "promoUntil": null
  },
  {
    "id": "646158POT",
    "title": "Paolo JalapeÃ±o Dip 100 g",
    "category": "Vleeswaren, kaas en tapas",
    "price": 1.99,
    "promoPrice": null,
    "pricePerUnit": "19.9 kg",
    "image": "https://www.jumbo.com/dam-images/fit-in/360x360/Products/10122024_1733844800403_1733844810407_8718247444892_1.png",
    "available": true,
    "promoUntil": null
  },
  {
    "id": "559618DS",
    "title": "Lindt Excellence 100% Cacao 50g",
    "category": "Koek, snoep, chocolade en chips",
    "price": 4.94,
    "promoPrice": null,
    "pricePerUnit": "98.8 kg",
    "image": "https://www.jumbo.com/dam-images/fit-in/360x360/Products/23042024_1713835725489_1713835756067_559618_DS_03046920016377_H1N1.png",
    "available": true,
    "promoUntil": null
  },
  {
    "id": "570536STK",
    "title": "Karaat Zalm Slaatje 3 x 140g",
    "category": "Verse maaltijden en gemak",
    "price": 2.37,
    "promoPrice": null,
    "pricePerUnit": "None None",
    "image": "https://www.jumbo.com/dam-images/fit-in/360x360/Products/570536_20222277_1_T1_570536STK1691076852122.png",
    "available": true,
    "promoUntil": null
  },
  {
    "id": "684427ZK",
    "title": "Knorr Risotto Bospaddenstoelen 175 g",
    "category": "Wereldkeukens, kruiden, pasta en rijst",
    "price": 2.99,
    "promoPrice": null,
    "pricePerUnit": "17.09 kg",
    "image": "https://www.jumbo.com/dam-images/fit-in/360x360/Products/07042025_1744025594472_1744025601177_8721201954665_1.png",
    "available": true,
    "promoUntil": null
  },
  {
    "id": "693376BAK",
    "title": "Kraakman Schwarzwalder Pencee 4 Stuks",
    "category": "Koek, snoep, chocolade en chips",
    "price": 3.75,
    "promoPrice": null,
    "pricePerUnit": "0.94 pieces",
    "image": "https://www.jumbo.com/dam-images/fit-in/360x360/Products/05032025_1741188768240_1741188775723_8716415512794_1.png",
    "available": true,
    "promoUntil": null
  },
  {
    "id": "571186STK",
    "title": "Max&Bien Tomaat & Olijf 0,150 kg",
    "category": "Vleeswaren, kaas en tapas",
    "price": 3.99,
    "promoPrice": null,
    "pricePerUnit": "26.6 kg",
    "image": "https://www.jumbo.com/dam-images/fit-in/360x360/Products/14022024_1707873138586_1707873147043_8711842305087_1.png",
    "available": true,
    "promoUntil": null
  },
  {
    "id": "589557DS",
    "title": "Mississippi Belle Wisconsin Macaroni and Cheese Dinner 206 g",
    "category": "Wereldkeukens, kruiden, pasta en rijst",
    "price": 1.81,
    "promoPrice": null,
    "pricePerUnit": "8.79 kg",
    "image": "https://www.jumbo.com/dam-images/fit-in/360x360/Products/12122024_1734014540893_1734014545549_613668024709_1.png",
    "available": true,
    "promoUntil": null
  },
  {
    "id": "451051STK",
    "title": "Nurofen Ibuprofen tabletten (200 mg), 48 stuks",
    "category": "Drogisterij en baby",
    "price": 9.29,
    "promoPrice": null,
    "pricePerUnit": "0.19 pieces",
    "image": "https://www.jumbo.com/dam-images/fit-in/360x360/Products/24092025_1758672133573_1758672140149_5000167014112_1.png",
    "available": true,
    "promoUntil": null
  },
  {
    "id": "582497FLS",
    "title": "Omo Vloeibaar Wasmiddel Wit XXL 75 wasbeurten",
    "category": "Huishouden en dieren",
    "price": 18.5,
    "promoPrice": null,
    "pricePerUnit": "0.25 wb",
    "image": "https://www.jumbo.com/dam-images/fit-in/360x360/Products/15112024_1731645425155_1731645450288_582497_FLS_08720181392672_C1N1.png",
    "available": true,
    "promoUntil": null
  },
  {
    "id": "674660BLK",
    "title": "Monster Energy Zero Sugar Full Throttle 500ML",
    "category": "Frisdrank en sappen",
    "price": 2.29,
    "promoPrice": null,
    "pricePerUnit": "4.58 l",
    "image": "https://www.jumbo.com/dam-images/fit-in/360x360/Products/23012025_1737660807872_1737660813326_5060896625546_1.png",
    "available": true,
    "promoUntil": null
  },
  {
    "id": "678625ZK",
    "title": "Pampers Baby-Dry Maat 4, 21 Luiers",
    "category": "Drogisterij en baby",
    "price": 9.99,
    "promoPrice": null,
    "pricePerUnit": "0.48 pieces",
    "image": "https://www.jumbo.com/dam-images/fit-in/360x360/Products/14082025_1755196423858_1755196428513_8700216713214_1.png",
    "available": true,
    "promoUntil": null
  },
  {
    "id": "675386STK",
    "title": "Pubquiz 10+ Jaar",
    "category": "Non-food en servicebalie",
    "price": 2.49,
    "promoPrice": null,
    "pricePerUnit": "2.49 pieces",
    "image": "https://www.jumbo.com/dam-images/fit-in/360x360/Products/01072025_1751383990549_1751383997566_8721225775499_1.png",
    "available": true,
    "promoUntil": null
  },
  {
    "id": "363703FLS",
    "title": "Somersby Apple Sparkling Cider 330ML",
    "category": "Bier en wijn",
    "price": 1.79,
    "promoPrice": null,
    "pricePerUnit": "5.42 l",
    "image": "https://www.jumbo.com/dam-images/fit-in/360x360/Products/20092025_1758335342219_1758335345589_363703_FLS_00000073114833_C1N1.png",
    "available": true,
    "promoUntil": null
  },
  {
    "id": "672366STK",
    "title": "NestlÃ© Yogolino Bio Mango-Kiwi met Kokosmelk 6m-36m 4 x 90 g",
    "category": "Drogisterij en baby",
    "price": 3.75,
    "promoPrice": null,
    "pricePerUnit": "10.42 kg",
    "image": "https://www.jumbo.com/dam-images/fit-in/360x360/Products/07032025_1741313798391_1741313833410_672366_STK_08445290574640_C1N1_s01.png",
    "available": true,
    "promoUntil": null
  },
  {
    "id": "539055BLK",
    "title": "Veltins V+ Curuba 0,5 L",
    "category": "Bier en wijn",
    "price": 1.89,
    "promoPrice": null,
    "pricePerUnit": "3.78 l",
    "image": "https://www.jumbo.com/dam-images/fit-in/360x360/Products/14022025_1739539532483_1739539537232_4005249063072_1.png",
    "available": true,
    "promoUntil": null
  },
  {
    "id": "704001ZK",
    "title": "Vergeer Holland Kaas 48+ Plakken Gouda Jong 200g",
    "category": "Vleeswaren, kaas en tapas",
    "price": 3.39,
    "promoPrice": null,
    "pricePerUnit": "16.95 kg",
    "image": "https://www.jumbo.com/dam-images/fit-in/360x360/Products/08710866043548A3C1479f691d-e389-4ee7-9a09-2828e2936bcd-1752144261130.png",
    "available": true,
    "promoUntil": null
  },
  {
    "id": "426824FLS",
    "title": "Weihenstephaner - Hefeweissbier - Fles - 500ML",
    "category": "Bier en wijn",
    "price": 1.99,
    "promoPrice": null,
    "pricePerUnit": "3.98 l",
    "image": "https://www.jumbo.com/dam-images/fit-in/360x360/Products/09082023_1691585252526_1691585267754_4105120033948_1.png",
    "available": true,
    "promoUntil": null
  },
  {
    "id": "614292ZK",
    "title": "Pedigree Adult - Hondenbrokken - Rund en Groenten Hondenvoer - 2.6kg",
    "category": "Huishouden en dieren",
    "price": 9.89,
    "promoPrice": null,
    "pricePerUnit": "3.8 kg",
    "image": "https://www.jumbo.com/dam-images/fit-in/360x360/Products/26032024_1711445597270_1711445616972_5998749145050_596.png",
    "available": true,
    "promoUntil": null
  },
  {
    "id": "675674DS",
    "title": "Philips Led Bulb 60W E27 2700K CL UE",
    "category": "Non-food en servicebalie",
    "price": 12.59,
    "promoPrice": null,
    "pricePerUnit": "12.59 pieces",
    "image": "https://www.jumbo.com/dam-images/fit-in/360x360/Products/08720169187658C1N1s01590fc275-4bde-4cca-8a81-87694c552c16-1703665306781.png",
    "available": true,
    "promoUntil": null
  },
  {
    "id": "563186FLS",
    "title": "Wok Mild Curry 240ml",
    "category": "Wereldkeukens, kruiden, pasta en rijst",
    "price": 2.59,
    "promoPrice": null,
    "pricePerUnit": "10.79 l",
    "image": "https://www.jumbo.com/dam-images/fit-in/360x360/Products/09082023_1691594836225_1691594843305_8710605026528_1.png",
    "available": true,
    "promoUntil": null
  },
  {
    "id": "623894PAK",
    "title": "Sportlife Suikervrije Gums Extramint 5 + 1 Gratis x 18 g",
    "category": "Koek, snoep, chocolade en chips",
    "price": 4.33,
    "promoPrice": null,
    "pricePerUnit": "40.09 kg",
    "image": "https://www.jumbo.com/dam-images/fit-in/360x360/Products/28052025_1748442792466_1748442796905_8713800254871_1.png",
    "available": true,
    "promoUntil": null
  },
  {
    "id": "25607BUS",
    "title": "LoSalt Mineraalzout met Jodium 350 g",
    "category": "Wereldkeukens, kruiden, pasta en rijst",
    "price": 2.99,
    "promoPrice": null,
    "pricePerUnit": "8.54 kg",
    "image": "https://www.jumbo.com/dam-images/fit-in/360x360/Products/09082023_1691584884888_1691584896278_5011544070072_1.png",
    "available": true,
    "promoUntil": null
  },
  {
    "id": "664652ZK",
    "title": "Venco Salmiakrondo's Zacht Zout 235 g",
    "category": "Koek, snoep, chocolade en chips",
    "price": 2.56,
    "promoPrice": null,
    "pricePerUnit": "10.89 kg",
    "image": "https://www.jumbo.com/dam-images/fit-in/360x360/Products/18012025_1737166736396_1737166743694_664652_ZK_08713800255687_H1N1.png",
    "available": true,
    "promoUntil": null
  },
  {
    "id": "339409PAK",
    "title": "Pedigree Jumbone Medium Kauwstaaf - Rund & Gevogelte - Hondensnack - 2 Stuks",
    "category": "Huishouden en dieren",
    "price": 2.47,
    "promoPrice": null,
    "pricePerUnit": "13.72 kg",
    "image": "https://www.jumbo.com/dam-images/fit-in/360x360/Products/02122023_1701485037474_1701485040993_339409_PAK_05998749140031_C1N1.png",
    "available": true,
    "promoUntil": null
  },
  {
    "id": "558584POT",
    "title": "Verstegen Mix voor Kip Krokant 110 g",
    "category": "Wereldkeukens, kruiden, pasta en rijst",
    "price": 3.49,
    "promoPrice": null,
    "pricePerUnit": "31.73 kg",
    "image": "https://www.jumbo.com/dam-images/fit-in/360x360/Products/30012024_1706580291746_1706580297927_558584_POT_08712200109316_C1N1.png",
    "available": true,
    "promoUntil": null
  },
  {
    "id": "671743PAK",
    "title": "McVitie's Digestives Caramel Tarwebiscuits met Melkchocolade en Karamel 250 g",
    "category": "Koek, snoep, chocolade en chips",
    "price": 2.69,
    "promoPrice": null,
    "pricePerUnit": "10.76 kg",
    "image": "https://www.jumbo.com/dam-images/fit-in/360x360/Products/20022025_1740020071070_1740020076620_671743_PAK_05000396056761_H1N1.png",
    "available": true,
    "promoUntil": null
  },
  {
    "id": "415430DS",
    "title": "Sensodyne Repair & Protect Extra Fresh tandpasta voor gevoelige tanden 75 ml",
    "category": "Drogisterij en baby",
    "price": 7.29,
    "promoPrice": null,
    "pricePerUnit": "97.2 l",
    "image": "https://www.jumbo.com/dam-images/fit-in/360x360/Products/02092025_1756776976040_1756776978173_415430_DS_05054563097996_C1N1.png",
    "available": true,
    "promoUntil": null
  },
  {
    "id": "700784POT",
    "title": "Syoss Matt Styling Cream 100 ML",
    "category": "Drogisterij en baby",
    "price": 7.99,
    "promoPrice": null,
    "pricePerUnit": "79.9 l",
    "image": "https://www.jumbo.com/dam-images/fit-in/360x360/Products/23052025_1748003769893_1748003773679_700784_POT_00000054022843_C1N1.png",
    "available": true,
    "promoUntil": null
  },
  {
    "id": "408079EM",
    "title": "Snack Mixes of The World Mexico Style Snack Mix Spicy & Salsa 425 g",
    "category": "Koek, snoep, chocolade en chips",
    "price": 3.79,
    "promoPrice": null,
    "pricePerUnit": "8.92 kg",
    "image": "https://www.jumbo.com/dam-images/fit-in/360x360/Products/12122024_1734014502559_1734014514298_8711299022674_1.png",
    "available": true,
    "promoUntil": null
  },
  {
    "id": "574118BLK",
    "title": "Van de Streek - Broeders Blond - Blik - 330ML",
    "category": "Bier en wijn",
    "price": 2.65,
    "promoPrice": null,
    "pricePerUnit": "8.03 l",
    "image": "https://www.jumbo.com/dam-images/fit-in/360x360/Products/574118_8720153282710_1_T1_530320BLK1691077931110.png",
    "available": true,
    "promoUntil": null
  },
  {
    "id": "183682DS",
    "title": "Vitakraft Original KrÃ¤cker Trio-Mix Citrus & Orange 168 g",
    "category": "Huishouden en dieren",
    "price": 4.03,
    "promoPrice": null,
    "pricePerUnit": "23.99 kg",
    "image": "https://www.jumbo.com/dam-images/fit-in/360x360/Products/11062025_1749607831117_1749607835102_183682_DS_.png",
    "available": true,
    "promoUntil": null
  },
  {
    "id": "558576ZK",
    "title": "Verstegen Kruidenmix voor Risotto 30 g",
    "category": "Wereldkeukens, kruiden, pasta en rijst",
    "price": 1.49,
    "promoPrice": null,
    "pricePerUnit": "49.67 kg",
    "image": "https://www.jumbo.com/dam-images/fit-in/360x360/Products/14022024_1707872667580_1707872680436_8712200109569_1.png",
    "available": true,
    "promoUntil": null
  },
  {
    "id": "133250DS",
    "title": "Toppits Braadzak 2in1 M 8 Stuks",
    "category": "Huishouden en dieren",
    "price": 2.99,
    "promoPrice": null,
    "pricePerUnit": "0.37 pieces",
    "image": "https://www.jumbo.com/dam-images/fit-in/360x360/Products/133250_4008871208002_1_T1_133250DS1691391821794.png",
    "available": true,
    "promoUntil": null
  },
  {
    "id": "711773DS",
    "title": "Sensodyne Gevoeligheid & Tandvlees Whitening 75 ML",
    "category": "Drogisterij en baby",
    "price": 7.29,
    "promoPrice": null,
    "pricePerUnit": "97.2 l",
    "image": "https://www.jumbo.com/dam-images/fit-in/360x360/Products/29072025_1753785858597_1753785860354_711773_DS_05054563235831_C1N1.png",
    "available": true,
    "promoUntil": null
  },
  {
    "id": "681414POT",
    "title": "Jumbo's Biologische Tradizionale Pastasaus 350 g",
    "category": "Wereldkeukens, kruiden, pasta en rijst",
    "price": 2.79,
    "promoPrice": null,
    "pricePerUnit": "7.97 kg",
    "image": "https://www.jumbo.com/dam-images/fit-in/360x360/Products/06052025_1746523985280_1746523990326_8718452895045_1.png",
    "available": true,
    "promoUntil": null
  },
  {
    "id": "498558ZK",
    "title": "Katja Regenboog Geluk 250 g",
    "category": "Koek, snoep, chocolade en chips",
    "price": 2.49,
    "promoPrice": null,
    "pricePerUnit": "9.96 kg",
    "image": "https://www.jumbo.com/dam-images/fit-in/360x360/Products/26012024_1706236534540_1706236546501_498558_ZK_08716100390478_C1N1.png",
    "available": true,
    "promoUntil": null
  },
  {
    "id": "454942ZK",
    "title": "Klene Drop Groentjes Suikervrij 90g",
    "category": "Koek, snoep, chocolade en chips",
    "price": 2.56,
    "promoPrice": null,
    "pricePerUnit": "28.44 kg",
    "image": "https://www.jumbo.com/dam-images/fit-in/360x360/Products/07072025_1751902636063_1751902640928_8723400795148_1.png",
    "available": true,
    "promoUntil": null
  },
  {
    "id": "578306FLS",
    "title": "Montaignan - Chardonnay - 375ML",
    "category": "Bier en wijn",
    "price": 3.99,
    "promoPrice": null,
    "pricePerUnit": "10.64 l",
    "image": "https://www.jumbo.com/dam-images/fit-in/360x360/Products/07112023_1699353426366_1699353428950_3700619349749_1.png",
    "available": true,
    "promoUntil": null
  },
  {
    "id": "310317STK",
    "title": "Lutti Surffizz Fruits 200 g",
    "category": "Koek, snoep, chocolade en chips",
    "price": 2.49,
    "promoPrice": null,
    "pricePerUnit": "12.45 kg",
    "image": "https://www.jumbo.com/dam-images/fit-in/360x360/Products/14022024_1707873316555_1707873333965_8713800110146_1.png",
    "available": true,
    "promoUntil": null
  },
  {
    "id": "491952DS",
    "title": "Organic Wholegrain Jasmine Rice 400 g",
    "category": "Wereldkeukens, kruiden, pasta en rijst",
    "price": 2.66,
    "promoPrice": null,
    "pricePerUnit": "6.65 kg",
    "image": "https://www.jumbo.com/dam-images/fit-in/360x360/Products/27032025_1743049973640_1743049977696_491952_DS_08711741359259_C1N1.png",
    "available": true,
    "promoUntil": null
  },
  {
    "id": "33194FLS",
    "title": "Quinta da Trovisca - White Port - 750ML",
    "category": "Bier en wijn",
    "price": 6.99,
    "promoPrice": null,
    "pricePerUnit": "9.32 l",
    "image": "https://www.jumbo.com/dam-images/fit-in/360x360/Products/10082023_1691675025008_1691675050527_5605891981046_1.png",
    "available": true,
    "promoUntil": null
  },
  {
    "id": "351662STK",
    "title": "Sensx Classic Line condooms, 20 stuks",
    "category": "Drogisterij en baby",
    "price": 4.0,
    "promoPrice": null,
    "pricePerUnit": "0.2 pieces",
    "image": "https://www.jumbo.com/dam-images/fit-in/360x360/Products/24092025_1758672091520_1758672100113_8712113518045_1.png",
    "available": true,
    "promoUntil": null
  },
  {
    "id": "565538ZK",
    "title": "Pappadum snack Tandoori style",
    "category": "Wereldkeukens, kruiden, pasta en rijst",
    "price": 3.09,
    "promoPrice": null,
    "pricePerUnit": "44.14 kg",
    "image": "https://www.jumbo.com/dam-images/fit-in/360x360/Products/19122023_1702989184016_1702989198860_8720604473018_1.png",
    "available": true,
    "promoUntil": null
  },
  {
    "id": "680478DS",
    "title": "Philips LED Lamp Transparant - 60 W - E27 - warmwit licht",
    "category": "Non-food en servicebalie",
    "price": 12.59,
    "promoPrice": null,
    "pricePerUnit": "12.59 pieces",
    "image": "https://www.jumbo.com/dam-images/fit-in/360x360/Products/8718699665289T1c7ca3867-bffe-4317-9c65-3ead29780e4d-1744621510393.png",
    "available": true,
    "promoUntil": null
  },
  {
    "id": "672548DS",
    "title": "Playmobil Mountainbiker",
    "category": "Non-food en servicebalie",
    "price": 5.49,
    "promoPrice": null,
    "pricePerUnit": "5.49 pieces",
    "image": "https://www.jumbo.com/dam-images/fit-in/360x360/Products/71756Boxlib324982c-98ed-40c1-9921-1e2e733cf9dd-1754307453895.png",
    "available": true,
    "promoUntil": null
  },
  {
    "id": "454951ZK",
    "title": "Klene Drop Lauriertjes Suikervrij 110g",
    "category": "Koek, snoep, chocolade en chips",
    "price": 2.56,
    "promoPrice": null,
    "pricePerUnit": "23.27 kg",
    "image": "https://www.jumbo.com/dam-images/fit-in/360x360/Products/07072025_1751902635724_1751902640309_8723400795162_1.png",
    "available": true,
    "promoUntil": null
  },
  {
    "id": "695427DS",
    "title": "Prospan Hoestsiroop 100ML",
    "category": "Drogisterij en baby",
    "price": 9.99,
    "promoPrice": null,
    "pricePerUnit": "99.9 l",
    "image": "https://www.jumbo.com/dam-images/fit-in/360x360/Products/24062025_1750726874393_1750726880059_695427_DS_04104480705045_C1N1_s01.png",
    "available": true,
    "promoUntil": null
  },
  {
    "id": "696932FLS",
    "title": "Sportwater Berries 500 ML",
    "category": "Frisdrank en sappen",
    "price": 1.19,
    "promoPrice": null,
    "pricePerUnit": "2.38 l",
    "image": "https://www.jumbo.com/dam-images/fit-in/360x360/Products/17062025_1750124165367_1750124168415_696932_FLS_08722200962811_C1N1.png",
    "available": true,
    "promoUntil": null
  },
  {
    "id": "709404ZK",
    "title": "M&M's Blue Mix Chocolade en Pinda in Suikerlaagje 150g",
    "category": "Koek, snoep, chocolade en chips",
    "price": 2.79,
    "promoPrice": null,
    "pricePerUnit": "18.6 kg",
    "image": "https://www.jumbo.com/dam-images/fit-in/360x360/Products/11072025_1752224448342_1752224456417_709404_ZK_05900951355134_C1N1.png",
    "available": true,
    "promoUntil": null
  },
  {
    "id": "544712ZK",
    "title": "Klene Drop Zakkenrollers 210g",
    "category": "Koek, snoep, chocolade en chips",
    "price": 2.53,
    "promoPrice": null,
    "pricePerUnit": "12.05 kg",
    "image": "https://www.jumbo.com/dam-images/fit-in/360x360/Products/03062024_1717414518475_1717414522636_8723400798934_1.png",
    "available": true,
    "promoUntil": null
  },
  {
    "id": "710529BLK",
    "title": "Moersleutel -Coffee Grinder 440ML",
    "category": "Bier en wijn",
    "price": 4.99,
    "promoPrice": null,
    "pricePerUnit": "11.34 l",
    "image": "https://www.jumbo.com/dam-images/fit-in/360x360/Products/20092025_1758331089874_1758331092494_710529_BLK_08720615262250_C1N1.png",
    "available": true,
    "promoUntil": null
  },
  {
    "id": "303340FLS",
    "title": "NIVEA Verzachtende Tonic - 200ml - Reinigingstonic - Toner Gezichtsreiniger - Droge en gevoelige huid - Amandelolie en Hydramine",
    "category": "Drogisterij en baby",
    "price": 7.99,
    "promoPrice": null,
    "pricePerUnit": "39.95 l",
    "image": "https://www.jumbo.com/dam-images/fit-in/360x360/Products/18082025_1755509580973_1755509583859_4005900666123_1.png",
    "available": true,
    "promoUntil": null
  },
  {
    "id": "225911STK",
    "title": "Look-O-Look Dynamietstaafjes Watermeloen 16 stuks ",
    "category": "Koek, snoep, chocolade en chips",
    "price": 2.34,
    "promoPrice": null,
    "pricePerUnit": "20.71 kg",
    "image": "https://www.jumbo.com/dam-images/fit-in/360x360/Products/07072025_1751902634269_1751902636998_8713600098880_1.png",
    "available": true,
    "promoUntil": null
  },
  {
    "id": "437188ZK",
    "title": "Verstegen Kruidenmix Italiaanse Lasagne voor 2 personen 15 g",
    "category": "Wereldkeukens, kruiden, pasta en rijst",
    "price": 1.09,
    "promoPrice": null,
    "pricePerUnit": "72.67 kg",
    "image": "https://www.jumbo.com/dam-images/fit-in/360x360/Products/09082023_1691589974443_1691590098208_8712200090454_1.png",
    "available": true,
    "promoUntil": null
  },
  {
    "id": "544536DSL",
    "title": "Robijn Classics Wasmiddeldoekjes Color 16 wasstrips x 10 Dozen",
    "category": "Huishouden en dieren",
    "price": 99.9,
    "promoPrice": 49.95,
    "pricePerUnit": "0.62 wb",
    "image": "https://www.jumbo.com/dam-images/fit-in/360x360/Products/12122024_1734014921510_1734014925955_8720181264726_1.png",
    "available": true,
    "promoUntil": "di 7 okt"
  },
  {
    "id": "338793STK",
    "title": "Rummo Conchiglioni Rigati 500 g",
    "category": "Wereldkeukens, kruiden, pasta en rijst",
    "price": 3.59,
    "promoPrice": null,
    "pricePerUnit": "7.18 kg",
    "image": "https://www.jumbo.com/dam-images/fit-in/360x360/Products/09082023_1691586624255_1691586646526_8008343201476_1.png",
    "available": true,
    "promoUntil": null
  },
  {
    "id": "385407ZK",
    "title": "Pedigree Dentastix Chewy Chunx Mini Kip - Gebitsverzorgende Snack - 68 g",
    "category": "Huishouden en dieren",
    "price": 1.57,
    "promoPrice": null,
    "pricePerUnit": "23.09 kg",
    "image": "https://www.jumbo.com/dam-images/fit-in/360x360/Products/16052025_1747365024992_1747365032117_385407_ZK_04008429131868_H1N1.png",
    "available": true,
    "promoUntil": null
  },
  {
    "id": "623872ZK",
    "title": "Smaakt Bio Potato Chips Paprika 125 g",
    "category": "Koek, snoep, chocolade en chips",
    "price": 2.69,
    "promoPrice": null,
    "pricePerUnit": "21.52 kg",
    "image": "https://www.jumbo.com/dam-images/fit-in/360x360/Products/29042025_1745951547135_1745951552329_8718546992193_1.png",
    "available": true,
    "promoUntil": null
  },
  {
    "id": "616781DS",
    "title": "La Baleine Grof Zeezout 1 kg",
    "category": "Wereldkeukens, kruiden, pasta en rijst",
    "price": 2.17,
    "promoPrice": null,
    "pricePerUnit": "2.17 kg",
    "image": "https://www.jumbo.com/dam-images/fit-in/360x360/Products/28082025_1756343466731_1756343480059_616781_DS_03183280009752_C1N1.png",
    "available": true,
    "promoUntil": null
  },
  {
    "id": "134882FLS",
    "title": "Trappistes Rochefort - Bier 8 Dubbel - Fles - 330ML",
    "category": "Bier en wijn",
    "price": 2.89,
    "promoPrice": null,
    "pricePerUnit": "8.76 l",
    "image": "https://www.jumbo.com/dam-images/fit-in/360x360/Products/09082023_1691585357475_1691585361652_5412858000081_1.png",
    "available": true,
    "promoUntil": null
  },
  {
    "id": "539051BLK",
    "title": "Oedipus - Strip Witbier - Blik - 330ML",
    "category": "Bier en wijn",
    "price": 3.39,
    "promoPrice": null,
    "pricePerUnit": "10.27 l",
    "image": "https://www.jumbo.com/dam-images/fit-in/360x360/Products/539051_8719325876833_1_T1_478294BLK1691079058722.png",
    "available": true,
    "promoUntil": null
  },
  {
    "id": "216677ZK",
    "title": "Naomi Cassave Crackers 125 g",
    "category": "Wereldkeukens, kruiden, pasta en rijst",
    "price": 1.17,
    "promoPrice": null,
    "pricePerUnit": "9.36 kg",
    "image": "https://www.jumbo.com/dam-images/fit-in/360x360/Products/216677_8712544215032_1_T1_216677ZK1691481908498.png",
    "available": true,
    "promoUntil": null
  },
  {
    "id": "510386POT",
    "title": "Verstegen World Spice Blend Chimichurri 28g",
    "category": "Wereldkeukens, kruiden, pasta en rijst",
    "price": 2.96,
    "promoPrice": null,
    "pricePerUnit": "105.71 kg",
    "image": "https://www.jumbo.com/dam-images/fit-in/360x360/Products/27082024_1724732073531_1724732081115_510386_POT_08712200099013_H1N1.png",
    "available": true,
    "promoUntil": null
  },
  {
    "id": "703728ZK",
    "title": "Knorr Mac & Cheese Maaltijd Mix 64g",
    "category": "Wereldkeukens, kruiden, pasta en rijst",
    "price": 1.95,
    "promoPrice": null,
    "pricePerUnit": "30.47 kg",
    "image": "https://www.jumbo.com/dam-images/fit-in/360x360/Products/08721201953897H1N108e17e12-31d3-4184-998b-535bc60f1006-1751876632688.png",
    "available": true,
    "promoUntil": null
  },
  {
    "id": "502290ZK",
    "title": "Katja Aardbei Oeries 250 g",
    "category": "Koek, snoep, chocolade en chips",
    "price": 2.56,
    "promoPrice": null,
    "pricePerUnit": "10.24 kg",
    "image": "https://www.jumbo.com/dam-images/fit-in/360x360/Products/01052024_1714530438872_1714530446556_502290_ZK_08716100302471_C1N1.png",
    "available": true,
    "promoUntil": null
  },
  {
    "id": "679366PAK",
    "title": "Van de Boom troebele Groene IJsthee Peer & Honing 1,5L",
    "category": "Frisdrank en sappen",
    "price": 1.99,
    "promoPrice": null,
    "pricePerUnit": "1.33 l",
    "image": "https://www.jumbo.com/dam-images/fit-in/360x360/Products/29062025_1751159726791_1751159747101_679366_PAK_08720157402909_C1N1.png",
    "available": true,
    "promoUntil": null
  },
  {
    "id": "623988FLS",
    "title": "Mogu Mogu Bubblegum 320ML",
    "category": "Frisdrank en sappen",
    "price": 1.75,
    "promoPrice": null,
    "pricePerUnit": "5.47 l",
    "image": "https://www.jumbo.com/dam-images/fit-in/360x360/Products/05062025_1749091599713_1749091603402_623988_FLS_08850389119143_C1N1.png",
    "available": true,
    "promoUntil": null
  },
  {
    "id": "530174FLS",
    "title": "Vitamin Well Awake CafeÃ¯ne Vitamine D + B12 + Foliumzuur met de Smaak Van Framboos 500 ml",
    "category": "Frisdrank en sappen",
    "price": 1.99,
    "promoPrice": null,
    "pricePerUnit": "3.98 l",
    "image": "https://www.jumbo.com/dam-images/fit-in/360x360/Products/28102024_1730136846047_1730136849761_7350042718917_1.png",
    "available": true,
    "promoUntil": null
  },
  {
    "id": "557499DS",
    "title": "TENA Discreet Maxi Verbanden 6 Stuks",
    "category": "Drogisterij en baby",
    "price": 4.79,
    "promoPrice": null,
    "pricePerUnit": "0.8 pieces",
    "image": "https://www.jumbo.com/dam-images/fit-in/360x360/Products/30072024_1722301485606_1722301488705_557499_DS_.png",
    "available": true,
    "promoUntil": null
  },
  {
    "id": "417045PAK",
    "title": "Pirulo Frutti 5 Stuks 320 g",
    "category": "Diepvries",
    "price": 3.99,
    "promoPrice": null,
    "pricePerUnit": "11.4 l",
    "image": "https://www.jumbo.com/dam-images/fit-in/360x360/Products/29052024_1716978850970_1716978859384_4008211000877_1.png",
    "available": true,
    "promoUntil": null
  },
  {
    "id": "685778DS",
    "title": "JumboÂ NeussprayÂ XyloÂ 1mg/mlÂ 10ML",
    "category": "Drogisterij en baby",
    "price": 3.89,
    "promoPrice": null,
    "pricePerUnit": "389.0 l",
    "image": "https://www.jumbo.com/dam-images/fit-in/360x360/Products/12032025_1741751678206_1741751679490_685778_DS_08718452748181_C1N1_s01.png",
    "available": true,
    "promoUntil": null
  },
  {
    "id": "553607ZK",
    "title": "Kleenex Allergy Comfort Zakdoeken 4-Laags 8 Stuks",
    "category": "Drogisterij en baby",
    "price": 2.29,
    "promoPrice": null,
    "pricePerUnit": "0.29 pieces",
    "image": "https://www.jumbo.com/dam-images/fit-in/360x360/Products/13092025_1757731170856_1757731184623_553607_ZK_05029053581316_C1N1.png",
    "available": true,
    "promoUntil": null
  },
  {
    "id": "649779FLS",
    "title": "Lapirutta - Montepulciano d'Abruzzo - 750ML",
    "category": "Bier en wijn",
    "price": 4.99,
    "promoPrice": null,
    "pricePerUnit": "6.65 l",
    "image": "https://www.jumbo.com/dam-images/fit-in/360x360/Products/21112024_1732214222399_1732214226294_8718819102434_1.png",
    "available": true,
    "promoUntil": null
  },
  {
    "id": "172274POT",
    "title": "Olvarit Peer Appel Abrikoos 6+ Maanden 200 g",
    "category": "Drogisterij en baby",
    "price": 1.38,
    "promoPrice": null,
    "pricePerUnit": "6.9 kg",
    "image": "https://www.jumbo.com/dam-images/fit-in/360x360/Products/09082023_1691590465559_1691590530077_8591119002068_1.png",
    "available": true,
    "promoUntil": null
  },
  {
    "id": "568635ZK",
    "title": "Sportlife Frozn Intensemint Suikervrije kauwgom 4 x 18 g",
    "category": "Koek, snoep, chocolade en chips",
    "price": 3.46,
    "promoPrice": null,
    "pricePerUnit": "48.06 kg",
    "image": "https://www.jumbo.com/dam-images/fit-in/360x360/Products/28052025_1748442791274_1748442797854_8711400409196_1.png",
    "available": true,
    "promoUntil": null
  },
  {
    "id": "711470STK",
    "title": "Smint XL Peppermint Suikervrij Pot 2 x 150 stuks",
    "category": "Koek, snoep, chocolade en chips",
    "price": 11.38,
    "promoPrice": null,
    "pricePerUnit": "None None",
    "image": "https://www.jumbo.com/dam-images/fit-in/360x360/Products/202583444b536e1d-8a85-4119-8977-4c69cc002898-1753712542815.png",
    "available": true,
    "promoUntil": null
  },
  {
    "id": "478502ZK",
    "title": "Uggo Bombastic Mini's 100 g",
    "category": "Koek, snoep, chocolade en chips",
    "price": 0.99,
    "promoPrice": null,
    "pricePerUnit": "9.9 kg",
    "image": "https://www.jumbo.com/dam-images/fit-in/360x360/Products/478502_8718481541838_1_T1_478502ZK1691162235107.png",
    "available": true,
    "promoUntil": null
  },
  {
    "id": "678232FLS",
    "title": "NIVEA SUN Babies & Kids Sensitive Roll-On Zonnebrand SPF 50 - 50ml",
    "category": "Drogisterij en baby",
    "price": 15.49,
    "promoPrice": null,
    "pricePerUnit": "309.8 l",
    "image": "https://www.jumbo.com/dam-images/fit-in/360x360/Products/11062025_1749627209628_1749627212606_42349853_1.png",
    "available": true,
    "promoUntil": null
  },
  {
    "id": "614742ZK",
    "title": "Lay's Max Flamin Hot Ribbel Chips 150 gr",
    "category": "Koek, snoep, chocolade en chips",
    "price": 2.39,
    "promoPrice": null,
    "pricePerUnit": "15.93 kg",
    "image": "https://www.jumbo.com/dam-images/fit-in/360x360/Products/27052025_1748313447048_1748313457714_614742_ZK_08710398530097_C1N1.png",
    "available": true,
    "promoUntil": null
  },
  {
    "id": "437129ZK",
    "title": "Verstegen Kruidenmix Taco voor 2 personen 18 g",
    "category": "Wereldkeukens, kruiden, pasta en rijst",
    "price": 0.63,
    "promoPrice": null,
    "pricePerUnit": "35.0 kg",
    "image": "https://www.jumbo.com/dam-images/fit-in/360x360/Products/09082023_1691589064336_1691589070957_8712200090423_1.png",
    "available": true,
    "promoUntil": null
  },
  {
    "id": "558571POT",
    "title": "Verstegen Spicy Touch Blend Poblano 33 g",
    "category": "Wereldkeukens, kruiden, pasta en rijst",
    "price": 3.99,
    "promoPrice": null,
    "pricePerUnit": "120.91 kg",
    "image": "https://www.jumbo.com/dam-images/fit-in/360x360/Products/11062025_1749604269607_1749604274334_558571_POT_08712200109828_C1N1.png",
    "available": true,
    "promoUntil": null
  },
  {
    "id": "639818PAK",
    "title": "Suikerwafels met Melk Cacaofantasie",
    "category": "Koek, snoep, chocolade en chips",
    "price": 1.99,
    "promoPrice": null,
    "pricePerUnit": "4.74 kg",
    "image": "https://www.jumbo.com/dam-images/fit-in/360x360/Products/5411423108597T10bc604e2-ffd2-4896-99b2-da856b10beeb-1744618906966.png",
    "available": true,
    "promoUntil": null
  },
  {
    "id": "678610STK",
    "title": "Zelfklevende Viltglijders Bruin 16x22mm",
    "category": "Non-food en servicebalie",
    "price": 2.49,
    "promoPrice": null,
    "pricePerUnit": "0.16 pieces",
    "image": "https://www.jumbo.com/dam-images/fit-in/360x360/Products/07022025_1738939580579_1738939586206_678610_STK_08716618487264_C1N1.png",
    "available": true,
    "promoUntil": null
  },
  {
    "id": "643088ZK",
    "title": "XOX Cheese Balls 150 g",
    "category": "Koek, snoep, chocolade en chips",
    "price": 1.79,
    "promoPrice": null,
    "pricePerUnit": "11.93 kg",
    "image": "https://www.jumbo.com/dam-images/fit-in/360x360/Products/18062025_1750232047870_1750232054873_4031446812038_1.png",
    "available": true,
    "promoUntil": null
  },
  {
    "id": "434446FLS",
    "title": "Wilderen - Tripel Kanunnik Blond Bier - Fles - 330ML",
    "category": "Bier en wijn",
    "price": 2.99,
    "promoPrice": null,
    "pricePerUnit": "9.06 l",
    "image": "https://www.jumbo.com/dam-images/fit-in/360x360/Products/20092025_1758337581115_1758337583344_434446_FLS_05420061400024_A1N1.png",
    "available": true,
    "promoUntil": null
  },
  {
    "id": "225910STK",
    "title": "Look-O-Look App Lollies Vegan 13 stuks",
    "category": "Koek, snoep, chocolade en chips",
    "price": 2.34,
    "promoPrice": null,
    "pricePerUnit": "20.35 kg",
    "image": "https://www.jumbo.com/dam-images/fit-in/360x360/Products/07072025_1751902618094_1751902622605_8713600099023_1.png",
    "available": true,
    "promoUntil": null
  },
  {
    "id": "521315TRA",
    "title": "Jumbo's Risotto Paddenstoelen 450 g",
    "category": "Verse maaltijden en gemak",
    "price": 6.29,
    "promoPrice": null,
    "pricePerUnit": "13.98 kg",
    "image": "https://www.jumbo.com/dam-images/fit-in/360x360/Products/10122024_1733830366122_1733830374226_8718452857036_1.png",
    "available": true,
    "promoUntil": null
  },
  {
    "id": "660161STK",
    "title": "Smuldier verwenbundel",
    "category": "Huishouden en dieren",
    "price": 12.72,
    "promoPrice": null,
    "pricePerUnit": "None None",
    "image": "https://www.jumbo.com/dam-images/fit-in/360x360/Products/660161STK22c95c6d-7875-40b2-bd45-10dc4c0cbf17-1730389389036.png",
    "available": true,
    "promoUntil": null
  },
  {
    "id": "623852ZK",
    "title": "Look-O-Look Foamies Mix 180g",
    "category": "Koek, snoep, chocolade en chips",
    "price": 2.47,
    "promoPrice": null,
    "pricePerUnit": "13.72 kg",
    "image": "https://www.jumbo.com/dam-images/fit-in/360x360/Products/10072024_1720600758033_1720600763978_8723400829072_1.png",
    "available": true,
    "promoUntil": null
  },
  {
    "id": "448894STK",
    "title": "Neutral Wit en Colour - 20 wasbeurten",
    "category": "Huishouden en dieren",
    "price": 16.58,
    "promoPrice": null,
    "pricePerUnit": "None None",
    "image": "https://www.jumbo.com/dam-images/fit-in/360x360/Products/448894STK1c0670abc-db4f-4b9e-bb36-5bb0379767f1-1704294410207.png",
    "available": true,
    "promoUntil": null
  },
  {
    "id": "579074ZK",
    "title": "NESTLÃ Little Rockets Smoothie Appel Banaan Wortel 150 g",
    "category": "Drogisterij en baby",
    "price": 1.97,
    "promoPrice": null,
    "pricePerUnit": "13.13 kg",
    "image": "https://www.jumbo.com/dam-images/fit-in/360x360/Products/20092023_1695177467446_1695177469584_579074_ZK_07613287833624_C1N1.png",
    "available": true,
    "promoUntil": null
  },
  {
    "id": "637807ZK",
    "title": "SOUQ Libanees Brood 330g",
    "category": "Wereldkeukens, kruiden, pasta en rijst",
    "price": 2.86,
    "promoPrice": null,
    "pricePerUnit": "8.67 kg",
    "image": "https://www.jumbo.com/dam-images/fit-in/360x360/Products/01082024_1722482514106_1722482522521_637807_ZK_08720604474411_C1N1.png",
    "available": true,
    "promoUntil": null
  },
  {
    "id": "444172STK",
    "title": "Verkade chocoladeletter melk 135g",
    "category": "",
    "price": 4.29,
    "promoPrice": null,
    "pricePerUnit": "31.78 kg",
    "image": "https://www.jumbo.com/dam-images/fit-in/360x360/Products/11072025_1752200951087_1752200957602_444172_STK_08710412040458_H1N1.png",
    "available": true,
    "promoUntil": null
  },
  {
    "id": "161811FLS",
    "title": "Sambal badjak 225g",
    "category": "Wereldkeukens, kruiden, pasta en rijst",
    "price": 2.09,
    "promoPrice": null,
    "pricePerUnit": "9.29 kg",
    "image": "https://www.jumbo.com/dam-images/fit-in/360x360/Products/20122023_1703061087683_1703061091238_161811_FLS_08710605013627_C1N1.png",
    "available": true,
    "promoUntil": null
  },
  {
    "id": "565537STK",
    "title": "Pappadums Garlic & Coriander",
    "category": "Wereldkeukens, kruiden, pasta en rijst",
    "price": 2.93,
    "promoPrice": null,
    "pricePerUnit": "36.63 kg",
    "image": "https://www.jumbo.com/dam-images/fit-in/360x360/Products/08122023_1702021586196_1702021594046_565537_STK_05011308199247_C1N1.png",
    "available": true,
    "promoUntil": null
  },
  {
    "id": "616928FLS",
    "title": "NIVEA Verzachtende Reinigingsmousse - Gezichtsreiniger - Amandelolie - Face Wash - Hydramine - Voor de droge en gevoelige huid",
    "category": "Drogisterij en baby",
    "price": 9.49,
    "promoPrice": null,
    "pricePerUnit": "63.27 l",
    "image": "https://www.jumbo.com/dam-images/fit-in/360x360/Products/18082025_1755531252073_1755531254872_4005900682031_1.png",
    "available": true,
    "promoUntil": null
  },
  {
    "id": "561914DS",
    "title": "Nairn's Chocolate Chip Oat Biscuit Breaks Gluten Free 16 Stuks 160 g",
    "category": "Koek, snoep, chocolade en chips",
    "price": 3.16,
    "promoPrice": null,
    "pricePerUnit": "19.75 kg",
    "image": "https://www.jumbo.com/dam-images/fit-in/360x360/Products/30052025_1748569919659_1748569931192_561914_DS_00612322030087_C1N1.png",
    "available": true,
    "promoUntil": null
  },
  {
    "id": "457034FLS",
    "title": "Willy Nacho El Diablo Red Hot Sauce 265 ml",
    "category": "Wereldkeukens, kruiden, pasta en rijst",
    "price": 2.99,
    "promoPrice": null,
    "pricePerUnit": "11.28 l",
    "image": "https://www.jumbo.com/dam-images/fit-in/360x360/Products/09082023_1691592909094_1691592910484_8719324820516_1.png",
    "available": true,
    "promoUntil": null
  },
  {
    "id": "483935DS",
    "title": "Kinder Cards 5 x 2 Stuks 128 g",
    "category": "Koek, snoep, chocolade en chips",
    "price": 3.19,
    "promoPrice": null,
    "pricePerUnit": "24.92 kg",
    "image": "https://www.jumbo.com/dam-images/fit-in/360x360/Products/31122024_1735637606902_1735637610625_8000500269169_1.png",
    "available": true,
    "promoUntil": null
  },
  {
    "id": "680573DS",
    "title": "Warheads Sour Cubes Blue Raspberry 85g",
    "category": "Wereldkeukens, kruiden, pasta en rijst",
    "price": 2.69,
    "promoPrice": null,
    "pricePerUnit": "31.65 kg",
    "image": "https://www.jumbo.com/dam-images/fit-in/360x360/Products/18022025_1739888817872_1739888826386_680573_DS_08712857983253_C1N1.png",
    "available": true,
    "promoUntil": null
  },
  {
    "id": "379382ZK",
    "title": "TENA Silhouette Noir Mini Verbanden 18 stuks",
    "category": "Drogisterij en baby",
    "price": 4.79,
    "promoPrice": null,
    "pricePerUnit": "0.27 pieces",
    "image": "https://www.jumbo.com/dam-images/fit-in/360x360/Products/12122023_1702358038448_1702358041346_379382_ZK_.png",
    "available": true,
    "promoUntil": null
  },
  {
    "id": "625951ZK",
    "title": "Mitsuba Coconut Satay 140g",
    "category": "Koek, snoep, chocolade en chips",
    "price": 1.99,
    "promoPrice": null,
    "pricePerUnit": "14.21 kg",
    "image": "https://www.jumbo.com/dam-images/fit-in/360x360/Products/03092024_1725329014451_1725329025826_625951_ZK_08711299017250_C1N1.png",
    "available": true,
    "promoUntil": null
  },
  {
    "id": "523523DS",
    "title": "Knorr Spinazie PenneÂ 300 g ",
    "category": "Wereldkeukens, kruiden, pasta en rijst",
    "price": 2.66,
    "promoPrice": null,
    "pricePerUnit": "8.87 kg",
    "image": "https://www.jumbo.com/dam-images/fit-in/360x360/Products/19092025_1758288803480_1758288810332_8720182525246_1.png",
    "available": true,
    "promoUntil": null
  },
  {
    "id": "303215PAK",
    "title": "Koh Thai Groene Curry 70 g",
    "category": "Wereldkeukens, kruiden, pasta en rijst",
    "price": 2.27,
    "promoPrice": null,
    "pricePerUnit": "32.43 kg",
    "image": "https://www.jumbo.com/dam-images/fit-in/360x360/Products/08122023_1702013765880_1702013778746_303215_PAK_08717662264382_C1N1.png",
    "available": true,
    "promoUntil": null
  },
  {
    "id": "701588FLS",
    "title": "Patak's Patak's Naan Dippers 10 Stuks",
    "category": "Wereldkeukens, kruiden, pasta en rijst",
    "price": 2.96,
    "promoPrice": null,
    "pricePerUnit": "16.44 kg",
    "image": "https://www.jumbo.com/dam-images/fit-in/360x360/Products/28052025_1748436325909_1748436332282_701588_FLS_05011308004435_C1N1.png",
    "available": true,
    "promoUntil": null
  },
  {
    "id": "392997DS",
    "title": "Lindt Excellence Melk 100g",
    "category": "Koek, snoep, chocolade en chips",
    "price": 3.95,
    "promoPrice": null,
    "pricePerUnit": "39.5 kg",
    "image": "https://www.jumbo.com/dam-images/fit-in/360x360/Products/15112024_1731640386254_1731640402926_392997_DS_03046920011013_H1N1.png",
    "available": true,
    "promoUntil": null
  },
  {
    "id": "583773FLS",
    "title": "Lindemans Tarot Noir Strong Fruit Beer Fles 25 cl",
    "category": "Bier en wijn",
    "price": 2.59,
    "promoPrice": null,
    "pricePerUnit": "10.36 l",
    "image": "https://www.jumbo.com/dam-images/fit-in/360x360/Products/27052025_1748327545976_1748327550883_5411223005454_1.png",
    "available": true,
    "promoUntil": null
  },
  {
    "id": "183501BAK",
    "title": "Mora Veggie-SatÃ© 160 g",
    "category": "Diepvries",
    "price": 2.29,
    "promoPrice": null,
    "pricePerUnit": "14.31 kg",
    "image": "https://www.jumbo.com/dam-images/fit-in/360x360/Products/09082023_1691590031804_1691590138552_8710861986291_1.png",
    "available": true,
    "promoUntil": null
  },
  {
    "id": "576331BLS",
    "title": "Oral-B Pro Precision Clean Opzetborstels, 4 Stuks",
    "category": "Drogisterij en baby",
    "price": 23.99,
    "promoPrice": null,
    "pricePerUnit": "6.0 pieces",
    "image": "https://www.jumbo.com/dam-images/fit-in/360x360/Products/24092025_1758672137006_1758672147617_8006540894293_1.png",
    "available": true,
    "promoUntil": null
  },
  {
    "id": "473368STK",
    "title": "Zovirax Aciclovir koortslip crÃ¨me (50 mg/g), 2 g",
    "category": "Drogisterij en baby",
    "price": 10.29,
    "promoPrice": null,
    "pricePerUnit": "5145.0 kg",
    "image": "https://www.jumbo.com/dam-images/fit-in/360x360/Products/24092025_1758672136420_1758672148617_5054563030801_1.png",
    "available": true,
    "promoUntil": null
  },
  {
    "id": "619653ZK",
    "title": "Page Vochtig Toiletpapier Shea Butter 38 Stuks",
    "category": "Huishouden en dieren",
    "price": 2.19,
    "promoPrice": null,
    "pricePerUnit": "0.06 pieces",
    "image": "https://www.jumbo.com/dam-images/fit-in/360x360/Products/20092025_1758332968817_1758332973963_619653_ZK_05029053578842_C1N1.png",
    "available": true,
    "promoUntil": null
  },
  {
    "id": "664264ZK",
    "title": "Red Band Pret Letter 125g",
    "category": "Koek, snoep, chocolade en chips",
    "price": 1.97,
    "promoPrice": null,
    "pricePerUnit": "15.76 kg",
    "image": "https://www.jumbo.com/dam-images/fit-in/360x360/Products/8713800254604T5960b065271-b048-42c9-9448-9bc5175b15d9-1754984078934.png",
    "available": true,
    "promoUntil": null
  },
  {
    "id": "623392PAK",
    "title": "Twix Xtra salted caramel chocolade koek repen 5x2-pack",
    "category": "Koek, snoep, chocolade en chips",
    "price": 3.99,
    "promoPrice": null,
    "pricePerUnit": "17.35 kg",
    "image": "https://www.jumbo.com/dam-images/fit-in/360x360/Products/19062025_1750296351932_1750296357712_623392_PAK_.png",
    "available": true,
    "promoUntil": null
  },
  {
    "id": "703742ZK",
    "title": "Knorr Tikka Massala Maaltijd Mix 60g",
    "category": "Wereldkeukens, kruiden, pasta en rijst",
    "price": 1.99,
    "promoPrice": null,
    "pricePerUnit": "33.17 kg",
    "image": "https://www.jumbo.com/dam-images/fit-in/360x360/Products/08721201967993H1N1d0f21bdd-a051-4ffa-ac7e-a5aeab5d5133-1751876655456.png",
    "available": true,
    "promoUntil": null
  },
  {
    "id": "215601STK",
    "title": "Labello Men Active SPF 15 met Natuurlijke Ãlien 4,8 g",
    "category": "Drogisterij en baby",
    "price": 3.99,
    "promoPrice": null,
    "pricePerUnit": "725.45 l",
    "image": "https://www.jumbo.com/dam-images/fit-in/360x360/Products/31102024_1730346149189_1730346151290_215601_STK_04005900987457_C1N1.png",
    "available": true,
    "promoUntil": null
  },
  {
    "id": "659709BLK",
    "title": "Kult Sparkling Water Kefir Yuzu & Mandarin 33 cl",
    "category": "Frisdrank en sappen",
    "price": 2.29,
    "promoPrice": null,
    "pricePerUnit": "6.94 l",
    "image": "https://www.jumbo.com/dam-images/fit-in/360x360/Products/14032025_1741955566000_1741955571896_5419980250438_1.png",
    "available": true,
    "promoUntil": null
  },
  {
    "id": "197437STK",
    "title": "Mentos Gum Pure Fresh Bubble Fresh Suikervrij Pot 50 stuks ",
    "category": "Koek, snoep, chocolade en chips",
    "price": 4.94,
    "promoPrice": null,
    "pricePerUnit": "49.4 kg",
    "image": "https://www.jumbo.com/dam-images/fit-in/360x360/Products/07072025_1751902633905_1751902639277_80766872_1.png",
    "available": true,
    "promoUntil": null
  },
  {
    "id": "363477DS",
    "title": "NIVEA MEN Protect & Care Hydraterende GezichtscrÃ¨me - 75ml",
    "category": "Drogisterij en baby",
    "price": 17.99,
    "promoPrice": null,
    "pricePerUnit": "239.87 l",
    "image": "https://www.jumbo.com/dam-images/fit-in/360x360/Products/19082025_1755603161912_1755603164967_4005808223411_1.png",
    "available": true,
    "promoUntil": null
  },
  {
    "id": "664650ZK",
    "title": "Venco Piramides Zacht Zoet 235g",
    "category": "Koek, snoep, chocolade en chips",
    "price": 2.49,
    "promoPrice": null,
    "pricePerUnit": "10.6 kg",
    "image": "https://www.jumbo.com/dam-images/fit-in/360x360/Products/18012025_1737166773304_1737166780592_664650_ZK_08713800255403_H1N1.png",
    "available": true,
    "promoUntil": null
  },
  {
    "id": "471647STK",
    "title": "Strepsils Original zuigtabletten bij keelpijn, 24 stuks",
    "category": "Drogisterij en baby",
    "price": 7.99,
    "promoPrice": null,
    "pricePerUnit": "0.33 pieces",
    "image": "https://www.jumbo.com/dam-images/fit-in/360x360/Products/24092025_1758672108164_1758672115023_5000158105157_1.png",
    "available": true,
    "promoUntil": null
  },
  {
    "id": "471648STK",
    "title": "Strepsils Citroen / Honing zuigtabletten bij keelpijn, 24 stuks",
    "category": "Drogisterij en baby",
    "price": 7.19,
    "promoPrice": null,
    "pricePerUnit": "0.3 pieces",
    "image": "https://www.jumbo.com/dam-images/fit-in/360x360/Products/24092025_1758672108227_1758672113887_5000158105126_1.png",
    "available": true,
    "promoUntil": null
  },
  {
    "id": "623897ZK",
    "title": "Wilhelmina Pepermunt Extra Fris",
    "category": "Koek, snoep, chocolade en chips",
    "price": 1.67,
    "promoPrice": null,
    "pricePerUnit": "8.35 kg",
    "image": "https://www.jumbo.com/dam-images/fit-in/360x360/Products/10072024_1720576781274_1720576787180_623897_ZK_08710559000056_C1N1.png",
    "available": true,
    "promoUntil": null
  },
  {
    "id": "543625DSL",
    "title": "Whiskas 1+ Kattenvoer - Duo Classic Variaties in Gelei - 4 x 12 Maaltijdzakjes",
    "category": "Huishouden en dieren",
    "price": 23.64,
    "promoPrice": null,
    "pricePerUnit": "0.49 pieces",
    "image": "https://www.jumbo.com/dam-images/fit-in/360x360/Products/400842915651918e3c75d-2ba2-4101-9217-2988fb26d781-1747047816158.png",
    "available": true,
    "promoUntil": null
  },
  {
    "id": "558899ZK",
    "title": "Verstegen Kruidenmix voor Paella 25 g",
    "category": "Wereldkeukens, kruiden, pasta en rijst",
    "price": 1.49,
    "promoPrice": null,
    "pricePerUnit": "59.6 kg",
    "image": "https://www.jumbo.com/dam-images/fit-in/360x360/Products/14022024_1707872667899_1707872676057_8712200109538_1.png",
    "available": true,
    "promoUntil": null
  },
  {
    "id": "647572PAK",
    "title": "Sportlife Sweetmint 4 p 12 x (4 x 18 g)",
    "category": "Koek, snoep, chocolade en chips",
    "price": 3.46,
    "promoPrice": null,
    "pricePerUnit": "48.06 kg",
    "image": "https://www.jumbo.com/dam-images/fit-in/360x360/Products/28052025_1748442792374_1748442798459_8713800254741_1.png",
    "available": true,
    "promoUntil": null
  },
  {
    "id": "190223STK",
    "title": "Lassie Builtjes Zilvervliesrijst 300 g",
    "category": "Wereldkeukens, kruiden, pasta en rijst",
    "price": 1.97,
    "promoPrice": null,
    "pricePerUnit": "6.57 kg",
    "image": "https://www.jumbo.com/dam-images/fit-in/360x360/Products/08052024_1715134517869_1715134523420_190223_STK_08718781600631_H1N1.png",
    "available": true,
    "promoUntil": null
  },
  {
    "id": "477900POT",
    "title": "Little Maryam Veggies with Beef Groentepuree met Rundvlees 6+ Maanden 190 g",
    "category": "Drogisterij en baby",
    "price": 1.89,
    "promoPrice": null,
    "pricePerUnit": "9.95 kg",
    "image": "https://www.jumbo.com/dam-images/fit-in/360x360/Products/05032024_1709649262207_1709649283300_8720299444416_1.png",
    "available": true,
    "promoUntil": null
  },
  {
    "id": "439574ZK",
    "title": "Look-O-Look Zure Streken Mix Vegan 20 stuks",
    "category": "Koek, snoep, chocolade en chips",
    "price": 2.34,
    "promoPrice": null,
    "pricePerUnit": "20.35 kg",
    "image": "https://www.jumbo.com/dam-images/fit-in/360x360/Products/07072025_1751902620561_1751902628279_8713600501625_1.png",
    "available": true,
    "promoUntil": null
  },
  {
    "id": "171460POT",
    "title": "Olvarit 6+ Maanden Wortel Kip Rijst 200g",
    "category": "Drogisterij en baby",
    "price": 1.48,
    "promoPrice": null,
    "pricePerUnit": "7.4 kg",
    "image": "https://www.jumbo.com/dam-images/fit-in/360x360/Products/10112023_1699608790940_1699608802442_5900852926334_1.png",
    "available": true,
    "promoUntil": null
  },
  {
    "id": "649777FLS",
    "title": "Orbea - Sparkling Bianco - Alcoholvrij 0,0% - 750ML",
    "category": "Bier en wijn",
    "price": 4.99,
    "promoPrice": null,
    "pricePerUnit": "6.65 l",
    "image": "https://www.jumbo.com/dam-images/fit-in/360x360/Products/21112024_1732214222331_1732214225897_8718819102236_1.png",
    "available": true,
    "promoUntil": null
  },
  {
    "id": "638568ZK",
    "title": "Mozzarisella GranrÃ¬ Geraspt 80 g",
    "category": "Vleeswaren, kaas en tapas",
    "price": 1.99,
    "promoPrice": null,
    "pricePerUnit": "24.88 kg",
    "image": "https://www.jumbo.com/dam-images/fit-in/360x360/Products/20012025_1737383547213_1737383555126_8032754341384_1.png",
    "available": true,
    "promoUntil": null
  },
  {
    "id": "472653STK",
    "title": "Otrivin Zoutoplossing baby neusspray 15 ml",
    "category": "Drogisterij en baby",
    "price": 6.99,
    "promoPrice": null,
    "pricePerUnit": "211.82 kg",
    "image": "https://www.jumbo.com/dam-images/fit-in/360x360/Products/24092025_1758672091810_1758672096354_8713177003614_1.png",
    "available": true,
    "promoUntil": null
  },
  {
    "id": "516777DS",
    "title": "Tena Lights Sensitive Inlegkruisjes Normal 24 Stuks",
    "category": "Drogisterij en baby",
    "price": 3.69,
    "promoPrice": null,
    "pricePerUnit": "0.15 pieces",
    "image": "https://www.jumbo.com/dam-images/fit-in/360x360/Products/21112023_1700533255146_1700533258692_516777_DS_.png",
    "available": true,
    "promoUntil": null
  },
  {
    "id": "431035FLS",
    "title": "Texels Springtij Bier Fles 300ml",
    "category": "Bier en wijn",
    "price": 2.09,
    "promoPrice": null,
    "pricePerUnit": "6.97 l",
    "image": "https://www.jumbo.com/dam-images/fit-in/360x360/Products/20092025_1758331362155_1758331364642_431035_FLS_08717903630075_C1N1.png",
    "available": true,
    "promoUntil": null
  },
  {
    "id": "703101DS",
    "title": "Pick Up! Limited Edition Salted Caramel 4 Stuks",
    "category": "Koek, snoep, chocolade en chips",
    "price": 2.79,
    "promoPrice": null,
    "pricePerUnit": "24.91 kg",
    "image": "https://www.jumbo.com/dam-images/fit-in/360x360/Products/04062025_1749040920838_1749040923718_703101_DS_04017100284632_C1N1.png",
    "available": true,
    "promoUntil": null
  },
  {
    "id": "624771PAK",
    "title": "Taksi Siroop Jungle Fruit met een Vleugje Zuivel 750 ml",
    "category": "Frisdrank en sappen",
    "price": 2.99,
    "promoPrice": null,
    "pricePerUnit": "3.99 l",
    "image": "https://www.jumbo.com/dam-images/fit-in/360x360/Products/04092025_1756996411794_1756996423085_8720157402480_596.png",
    "available": true,
    "promoUntil": null
  },
  {
    "id": "661175DS",
    "title": "Kinder Tronky Krokante Cacaowafel 5 Stuks",
    "category": "Koek, snoep, chocolade en chips",
    "price": 2.66,
    "promoPrice": null,
    "pricePerUnit": "29.56 kg",
    "image": "https://www.jumbo.com/dam-images/fit-in/360x360/Products/12122024_1734014863853_1734014870860_8000500384794_1.png",
    "available": true,
    "promoUntil": null
  },
  {
    "id": "473609STK",
    "title": "Panadol Plus gladde, pijnstillende tabletten 500 mg/ 65 mg, 24 stuks",
    "category": "Drogisterij en baby",
    "price": 4.09,
    "promoPrice": null,
    "pricePerUnit": "0.17 pieces",
    "image": "https://www.jumbo.com/dam-images/fit-in/360x360/Products/24092025_1758672136181_1758672144220_8710464105563_1.png",
    "available": true,
    "promoUntil": null
  },
  {
    "id": "677600ZK",
    "title": "Pampers Harmonie Luiers Maat 1, 22 Luiers",
    "category": "Drogisterij en baby",
    "price": 9.99,
    "promoPrice": null,
    "pricePerUnit": "0.45 pieces",
    "image": "https://www.jumbo.com/dam-images/fit-in/360x360/Products/14082025_1755196423412_1755196430229_8700216668323_1.png",
    "available": true,
    "promoUntil": null
  },
  {
    "id": "690500PAK",
    "title": "Verkade Specials Reep Melk Karamel/Zeezout 90 g Fairtrade",
    "category": "Koek, snoep, chocolade en chips",
    "price": 2.33,
    "promoPrice": null,
    "pricePerUnit": "25.89 kg",
    "image": "https://www.jumbo.com/dam-images/fit-in/360x360/Products/07052025_1746581864677_1746581870029_690500_PAK_08710412045804_H1N1.png",
    "available": true,
    "promoUntil": null
  },
  {
    "id": "207313FLS",
    "title": "Quevedo - Port LBV - 750ML",
    "category": "Bier en wijn",
    "price": 13.29,
    "promoPrice": null,
    "pricePerUnit": "17.72 l",
    "image": "https://www.jumbo.com/dam-images/fit-in/360x360/Products/207313_5605891082019_1_T1_207313FLS1691315756541.png",
    "available": true,
    "promoUntil": null
  },
  {
    "id": "684405FLS",
    "title": "L'OrÃ©al Paris Elvive Hydraterende Shampoo Hyaluronzuur 250 ml",
    "category": "Drogisterij en baby",
    "price": 7.29,
    "promoPrice": null,
    "pricePerUnit": "29.16 l",
    "image": "https://www.jumbo.com/dam-images/fit-in/360x360/Products/06072024_1720232071864_1720232074749_504985_FLS_03600524029517_C1N1.png",
    "available": true,
    "promoUntil": null
  },
  {
    "id": "354581BUS",
    "title": "Rexona Men Maximum Protection Anti-Transpirant Spray Clean Scent 100 ml",
    "category": "Drogisterij en baby",
    "price": 7.49,
    "promoPrice": null,
    "pricePerUnit": "74.9 l",
    "image": "https://www.jumbo.com/dam-images/fit-in/360x360/Products/12122024_1734014820125_1734014822122_59082842_1.png",
    "available": true,
    "promoUntil": null
  },
  {
    "id": "442281FLS",
    "title": "Tabasco Sriracha 256 ml",
    "category": "Wereldkeukens, kruiden, pasta en rijst",
    "price": 3.99,
    "promoPrice": null,
    "pricePerUnit": "13.3 kg",
    "image": "https://www.jumbo.com/dam-images/fit-in/360x360/Products/12122024_1734014564683_1734014569189_11210697003_1.png",
    "available": true,
    "promoUntil": null
  },
  {
    "id": "623933RP",
    "title": "WeCare Choco Crisp Meal Replacement Bars 2 x 58 g",
    "category": "Koek, snoep, chocolade en chips",
    "price": 3.19,
    "promoPrice": null,
    "pricePerUnit": "27.5 kg",
    "image": "https://www.jumbo.com/dam-images/fit-in/360x360/Products/09082025_1754703047343_1754703051212_623933_RP_05410063042155_C1N1.png",
    "available": true,
    "promoUntil": null
  },
  {
    "id": "372956BUS",
    "title": "La Baleine Fleur de Sel 125 g",
    "category": "Wereldkeukens, kruiden, pasta en rijst",
    "price": 4.19,
    "promoPrice": null,
    "pricePerUnit": "33.52 kg",
    "image": "https://www.jumbo.com/dam-images/fit-in/360x360/Products/22122023_1703212172051_1703212178571_372956_BUS_03183280026476_C1N1.png",
    "available": true,
    "promoUntil": null
  },
  {
    "id": "88176STK",
    "title": "Supradyn Vital 50+ tabletten (voedingssuplement), 95 stuks",
    "category": "Drogisterij en baby",
    "price": 32.99,
    "promoPrice": null,
    "pricePerUnit": "0.35 pieces",
    "image": "https://www.jumbo.com/dam-images/fit-in/360x360/Products/24092025_1758672060265_1758672065293_8713091024689_1.png",
    "available": true,
    "promoUntil": null
  },
  {
    "id": "581788BLK",
    "title": "Uiltje - Wit - Blik - 330ML",
    "category": "Bier en wijn",
    "price": 2.99,
    "promoPrice": null,
    "pricePerUnit": "9.06 l",
    "image": "https://www.jumbo.com/dam-images/fit-in/360x360/Products/05082024_1722816020594_1722816027921_8720618804617_1.png",
    "available": true,
    "promoUntil": null
  },
  {
    "id": "646191ZK",
    "title": "Jumbo's Cajun Kruidenmix Pittig 15 g",
    "category": "Wereldkeukens, kruiden, pasta en rijst",
    "price": 0.79,
    "promoPrice": null,
    "pricePerUnit": "52.67 kg",
    "image": "https://www.jumbo.com/dam-images/fit-in/360x360/Products/26092024_1727361164143_1727361171859_8718452814091_1.png",
    "available": true,
    "promoUntil": null
  },
  {
    "id": "89986STK",
    "title": "Nurofen Ibuprofen Migraine tabletten 400 mg, 24 stuks",
    "category": "Drogisterij en baby",
    "price": 9.49,
    "promoPrice": null,
    "pricePerUnit": "0.4 pieces",
    "image": "https://www.jumbo.com/dam-images/fit-in/360x360/Products/24092025_1758672060370_1758672066821_8710552307527_1.png",
    "available": true,
    "promoUntil": null
  },
  {
    "id": "622479FLS",
    "title": "Vanish Oxi Action Wasbooster Gel - Vlekverwijderaar voor gekleurde en witte was -750ml",
    "category": "Huishouden en dieren",
    "price": 8.99,
    "promoPrice": null,
    "pricePerUnit": "11.99 l",
    "image": "https://www.jumbo.com/dam-images/fit-in/360x360/Products/22072025_1753152140471_1753152148528_622479_FLS_03665468700748_C1N1.png",
    "available": true,
    "promoUntil": null
  },
  {
    "id": "653719ZK",
    "title": "Stick High prot kip",
    "category": "Vleeswaren, kaas en tapas",
    "price": 1.99,
    "promoPrice": null,
    "pricePerUnit": "33.17 kg",
    "image": "https://www.jumbo.com/dam-images/fit-in/360x360/Products/18112024_1731933196414_1731933203733_3449865384769_1.png",
    "available": true,
    "promoUntil": null
  },
  {
    "id": "356104POT",
    "title": "Olvarit 18+ Maanden Risotto Doperwten Kalkoen 250g",
    "category": "Drogisterij en baby",
    "price": 1.73,
    "promoPrice": null,
    "pricePerUnit": "6.92 kg",
    "image": "https://www.jumbo.com/dam-images/fit-in/360x360/Products/07112023_1699353425704_1699353434270_5900852044601_1.png",
    "available": true,
    "promoUntil": null
  },
  {
    "id": "415993PAK",
    "title": "Oreo Koekjes Golden 220g",
    "category": "Koek, snoep, chocolade en chips",
    "price": 2.99,
    "promoPrice": null,
    "pricePerUnit": "13.59 kg",
    "image": "https://www.jumbo.com/dam-images/fit-in/360x360/Products/21082025_1755741507587_1755741542092_415993_PAK_07622210625243_C1N1_s04.png",
    "available": true,
    "promoUntil": null
  },
  {
    "id": "623850FLS",
    "title": "Smint Sours Sugar Free Citroensmaak 70 Stuks",
    "category": "Koek, snoep, chocolade en chips",
    "price": 2.86,
    "promoPrice": null,
    "pricePerUnit": "58.37 kg",
    "image": "https://www.jumbo.com/dam-images/fit-in/360x360/Products/25042025_1745605967330_1745605974104_86945530_1.png",
    "available": true,
    "promoUntil": null
  },
  {
    "id": "646984DS",
    "title": "Sensodyne Proglasur Gentle Whitening Tandpasta 75 ML",
    "category": "Drogisterij en baby",
    "price": 6.39,
    "promoPrice": null,
    "pricePerUnit": "85.2 l",
    "image": "https://www.jumbo.com/dam-images/fit-in/360x360/Products/22082024_1724333034535_1724333036301_646984_DS_05054563207531_C1N1.png",
    "available": true,
    "promoUntil": null
  },
  {
    "id": "527399DS",
    "title": "Lassie Lassie Basmatirijst Duurzaam 375 g",
    "category": "Wereldkeukens, kruiden, pasta en rijst",
    "price": 2.27,
    "promoPrice": null,
    "pricePerUnit": "6.05 kg",
    "image": "https://www.jumbo.com/dam-images/fit-in/360x360/Products/10052024_1715303424181_1715303427287_527399_DS_08718781601782_H1N1_R.png",
    "available": true,
    "promoUntil": null
  },
  {
    "id": "567534DS",
    "title": "Lindt Crea Petits Desserts Ball 173 g",
    "category": "Koek, snoep, chocolade en chips",
    "price": 12.86,
    "promoPrice": null,
    "pricePerUnit": "74.34 kg",
    "image": "https://www.jumbo.com/dam-images/fit-in/360x360/Products/31012024_1706670747722_1706670769513_567534_DS_03046920090094_H1N1.png",
    "available": true,
    "promoUntil": null
  },
  {
    "id": "557617DS",
    "title": "NIVEA Q10 Power Anti-Rimpel NachtcrÃ¨me - 50ml",
    "category": "Drogisterij en baby",
    "price": 23.99,
    "promoPrice": null,
    "pricePerUnit": "479.8 l",
    "image": "https://www.jumbo.com/dam-images/fit-in/360x360/Products/18082025_1755534796811_1755534800997_4005808966875_1.png",
    "available": true,
    "promoUntil": null
  },
  {
    "id": "686963DS",
    "title": "O.B. Extra Protect Tampons Super 16 Stuks",
    "category": "Drogisterij en baby",
    "price": 3.99,
    "promoPrice": null,
    "pricePerUnit": "0.25 pieces",
    "image": "https://www.jumbo.com/dam-images/fit-in/360x360/Products/17032025_1742225202341_1742225204376_686963_DS_03574661626062_C1N1.png",
    "available": true,
    "promoUntil": null
  },
  {
    "id": "237940STK",
    "title": "Verstegen Cayenne Peper 35 g",
    "category": "Wereldkeukens, kruiden, pasta en rijst",
    "price": 2.99,
    "promoPrice": null,
    "pricePerUnit": "85.43 kg",
    "image": "https://www.jumbo.com/dam-images/fit-in/360x360/Products/30082024_1724984675045_1724984679238_237940_STK_08712200066503_C1N1.png",
    "available": true,
    "promoUntil": null
  },
  {
    "id": "142987POT",
    "title": "Verstegen Mix voor Vis Natriumarm 50 g",
    "category": "Wereldkeukens, kruiden, pasta en rijst",
    "price": 2.76,
    "promoPrice": null,
    "pricePerUnit": "55.2 kg",
    "image": "https://www.jumbo.com/dam-images/fit-in/360x360/Products/25042025_1745548453771_1745548457820_142987_POT_08712200985958_C1N1.png",
    "available": true,
    "promoUntil": null
  },
  {
    "id": "237970STK",
    "title": "Verstegen Tijm 14 g",
    "category": "Wereldkeukens, kruiden, pasta en rijst",
    "price": 2.69,
    "promoPrice": null,
    "pricePerUnit": "192.14 kg",
    "image": "https://www.jumbo.com/dam-images/fit-in/360x360/Products/30082024_1724984926395_1724984930511_237970_STK_08712200100603_C1N1.png",
    "available": true,
    "promoUntil": null
  },
  {
    "id": "558568POT",
    "title": "Verstegen World Spice Meal Noedels 60 g",
    "category": "Wereldkeukens, kruiden, pasta en rijst",
    "price": 4.19,
    "promoPrice": null,
    "pricePerUnit": "69.83 kg",
    "image": "https://www.jumbo.com/dam-images/fit-in/360x360/Products/12122024_1734014682657_1734014694454_87291483_1.png",
    "available": true,
    "promoUntil": null
  },
  {
    "id": "706960DS",
    "title": "Sanature 100% Katoenen Inlegkruisjes String 24 Stuks",
    "category": "Drogisterij en baby",
    "price": 3.85,
    "promoPrice": null,
    "pricePerUnit": "0.16 pieces",
    "image": "https://www.jumbo.com/dam-images/fit-in/360x360/Products/27062025_1751020170380_1751020171953_706960_DS_08717677381975_A1N1_R.png",
    "available": true,
    "promoUntil": null
  },
  {
    "id": "458712BLK",
    "title": "Santa Maria Dip Nacho Cheese Style 250 g",
    "category": "Wereldkeukens, kruiden, pasta en rijst",
    "price": 3.26,
    "promoPrice": null,
    "pricePerUnit": "13.04 kg",
    "image": "https://www.jumbo.com/dam-images/fit-in/360x360/Products/13092025_1757726705034_1757726719756_458712_BLK_.png",
    "available": true,
    "promoUntil": null
  },
  {
    "id": "693586DS",
    "title": "Ola IJs Minecraft 4 x 75 ml",
    "category": "Diepvries",
    "price": 3.26,
    "promoPrice": null,
    "pricePerUnit": "10.87 l",
    "image": "https://www.jumbo.com/dam-images/fit-in/360x360/Products/24072025_1753321780392_1753321804982_693586_DS_08721274803181_H1N1.png",
    "available": true,
    "promoUntil": null
  },
  {
    "id": "672369ZK",
    "title": "NestlÃ© Baby Biscuit met Chocoladestukjes 12m/36m 150 g",
    "category": "Drogisterij en baby",
    "price": 3.19,
    "promoPrice": null,
    "pricePerUnit": "21.27 kg",
    "image": "https://www.jumbo.com/dam-images/fit-in/360x360/Products/7613034636133T1f3d99d85-6988-4fd1-ba94-0045c2404aa6-1754290635341.png",
    "available": true,
    "promoUntil": null
  },
  {
    "id": "370969POT",
    "title": "Verstegen World Spice Meal Lasagne 45 g",
    "category": "Wereldkeukens, kruiden, pasta en rijst",
    "price": 3.66,
    "promoPrice": null,
    "pricePerUnit": "81.33 kg",
    "image": "https://www.jumbo.com/dam-images/fit-in/360x360/Products/12122024_1734014681366_1734014689917_87351835_1.png",
    "available": true,
    "promoUntil": null
  },
  {
    "id": "370970POT",
    "title": "Verstegen World Spice Meal Burrito 63 g",
    "category": "Wereldkeukens, kruiden, pasta en rijst",
    "price": 3.99,
    "promoPrice": null,
    "pricePerUnit": "63.33 kg",
    "image": "https://www.jumbo.com/dam-images/fit-in/360x360/Products/12122024_1734014681440_1734014693359_87351743_1.png",
    "available": true,
    "promoUntil": null
  },
  {
    "id": "569106ZK",
    "title": "Klene Laurier Ontdekkingsreizen 170g",
    "category": "Koek, snoep, chocolade en chips",
    "price": 2.96,
    "promoPrice": null,
    "pricePerUnit": "17.41 kg",
    "image": "https://www.jumbo.com/dam-images/fit-in/360x360/Products/03062024_1717414525023_1717414528500_8723400799139_1.png",
    "available": true,
    "promoUntil": null
  },
  {
    "id": "423269DS",
    "title": "TENA Men Protective Shield 14 Stuks",
    "category": "Drogisterij en baby",
    "price": 5.79,
    "promoPrice": null,
    "pricePerUnit": "0.41 pieces",
    "image": "https://www.jumbo.com/dam-images/fit-in/360x360/Products/01082025_1754013639153_1754013641676_423269_DS_07322540770339_C1N1.png",
    "available": true,
    "promoUntil": null
  },
  {
    "id": "709786DS",
    "title": "White Claw Mix-Pack blik 4x330ML",
    "category": "Bier en wijn",
    "price": 9.15,
    "promoPrice": null,
    "pricePerUnit": "6.93 l",
    "image": "https://www.jumbo.com/dam-images/fit-in/360x360/Products/14072025_1752490757195_1752490766079_709786_DS_05391537513121_H1N1.png",
    "available": true,
    "promoUntil": null
  },
  {
    "id": "237953STK",
    "title": "Verstegen Italiaanse Kruiden 13 g",
    "category": "Wereldkeukens, kruiden, pasta en rijst",
    "price": 2.99,
    "promoPrice": null,
    "pricePerUnit": "230.0 kg",
    "image": "https://www.jumbo.com/dam-images/fit-in/360x360/Products/30082024_1724985375557_1724985384020_237953_STK_08712200019301_C1N1.png",
    "available": true,
    "promoUntil": null
  },
  {
    "id": "703746POT",
    "title": "Old El Paso Fajita Cooking Sauce Mild 340g",
    "category": "Wereldkeukens, kruiden, pasta en rijst",
    "price": 2.79,
    "promoPrice": null,
    "pricePerUnit": "8.21 kg",
    "image": "https://www.jumbo.com/dam-images/fit-in/360x360/Products/10062025_1749547950919_1749547957891_703746_POT_08410076430175_C1N1.png",
    "available": true,
    "promoUntil": null
  },
  {
    "id": "633401ZK",
    "title": "Olvarit Hutspot met Bulgur en Kalkoen",
    "category": "Drogisterij en baby",
    "price": 1.73,
    "promoPrice": null,
    "pricePerUnit": "6.92 kg",
    "image": "https://www.jumbo.com/dam-images/fit-in/360x360/Products/20072024_1721433616860_1721433620488_5900852068232_1.png",
    "available": true,
    "promoUntil": null
  },
  {
    "id": "578760ZK",
    "title": "Olvarit Knijpfruit Banaan Aardbei 6+ Maanden 100 g",
    "category": "Drogisterij en baby",
    "price": 1.14,
    "promoPrice": null,
    "pricePerUnit": "11.4 kg",
    "image": "https://www.jumbo.com/dam-images/fit-in/360x360/Products/10082023_1691677714113_1691677738992_5900852060823_1.png",
    "available": true,
    "promoUntil": null
  },
  {
    "id": "604352FLS",
    "title": "Nero Oro Terre - Siciliane RosÃ© - 750 ML",
    "category": "Bier en wijn",
    "price": 5.99,
    "promoPrice": null,
    "pricePerUnit": "7.99 l",
    "image": "https://www.jumbo.com/dam-images/fit-in/360x360/Products/16042024_1713270908974_1713270912153_8034115196305_1.png",
    "available": true,
    "promoUntil": null
  },
  {
    "id": "648391FLS",
    "title": "Saitaku Sesame Dressing Roasted 150ml",
    "category": "Wereldkeukens, kruiden, pasta en rijst",
    "price": 4.64,
    "promoPrice": null,
    "pricePerUnit": "30.93 l",
    "image": "https://www.jumbo.com/dam-images/fit-in/360x360/Products/25092024_1727226146274_1727226149499_648391_FLS_05060194792605_C1N1.png",
    "available": true,
    "promoUntil": null
  },
  {
    "id": "635521DS",
    "title": "Skittles Crazy sours vegan zure snoepjes 152g",
    "category": "Koek, snoep, chocolade en chips",
    "price": 2.39,
    "promoPrice": null,
    "pricePerUnit": "15.72 kg",
    "image": "https://www.jumbo.com/dam-images/fit-in/360x360/Products/15052025_1747330436434_1747330447248_4009900513791_596.png",
    "available": true,
    "promoUntil": null
  },
  {
    "id": "568246BLS",
    "title": "Sportlife Smashmints Suikervrij 2 x 35 g",
    "category": "Koek, snoep, chocolade en chips",
    "price": 4.45,
    "promoPrice": null,
    "pricePerUnit": "63.57 kg",
    "image": "https://www.jumbo.com/dam-images/fit-in/360x360/Products/28052025_1748442791291_1748442798383_8711400409547_1.png",
    "available": true,
    "promoUntil": null
  },
  {
    "id": "171472POT",
    "title": "Olvarit 4+ Maanden Wortel 125g",
    "category": "Drogisterij en baby",
    "price": 1.07,
    "promoPrice": null,
    "pricePerUnit": "8.56 kg",
    "image": "https://www.jumbo.com/dam-images/fit-in/360x360/Products/16112023_1700103228174_1700103241274_171472_POT_05900852926570_C1N1.png",
    "available": true,
    "promoUntil": null
  },
  {
    "id": "573883PAK",
    "title": "Omer. - Blond - Fles - 4 x 330ML",
    "category": "Bier en wijn",
    "price": 8.89,
    "promoPrice": null,
    "pricePerUnit": "6.73 l",
    "image": "https://www.jumbo.com/dam-images/fit-in/360x360/Products/15012025_1736907157261_1736907162264_573883_PAK_05411858012315_C1N1.png",
    "available": true,
    "promoUntil": null
  },
  {
    "id": "548102STK",
    "title": "Pataks Naan garlic & coriander",
    "category": "Wereldkeukens, kruiden, pasta en rijst",
    "price": 2.93,
    "promoPrice": null,
    "pricePerUnit": "13.32 kg",
    "image": "https://www.jumbo.com/dam-images/fit-in/360x360/Products/11072024_1720664598910_1720664605495_548102_STK_05010338301736_C1N1.png",
    "available": true,
    "promoUntil": null
  },
  {
    "id": "523252FLS",
    "title": "Sisi No Bubbles Mango 0% pet 330 ml",
    "category": "Frisdrank en sappen",
    "price": 1.25,
    "promoPrice": null,
    "pricePerUnit": "3.79 l",
    "image": "https://www.jumbo.com/dam-images/fit-in/360x360/Products/01092023_1693530124768_1693530131766_523252_FLS_08715600248098_C1N1.png",
    "available": true,
    "promoUntil": null
  },
  {
    "id": "655838STK",
    "title": "Jumbo's Gehakte Chilipepers 90 g",
    "category": "Wereldkeukens, kruiden, pasta en rijst",
    "price": 1.99,
    "promoPrice": null,
    "pricePerUnit": "22.11 kg",
    "image": "https://www.jumbo.com/dam-images/fit-in/360x360/Products/29012025_1738157588289_1738157593751_8718452869497_1.png",
    "available": true,
    "promoUntil": null
  },
  {
    "id": "610025FLS",
    "title": "Kasteel Tripel Fles 33 cl",
    "category": "Bier en wijn",
    "price": 2.29,
    "promoPrice": null,
    "pricePerUnit": "6.94 l",
    "image": "https://www.jumbo.com/dam-images/fit-in/360x360/Products/12122024_1734014843487_1734014856317_5411081000677_596.png",
    "available": true,
    "promoUntil": null
  },
  {
    "id": "570539STK",
    "title": "Karaat huzaren slaatje 3 x 150g",
    "category": "Verse maaltijden en gemak",
    "price": 1.77,
    "promoPrice": null,
    "pricePerUnit": "None None",
    "image": "https://www.jumbo.com/dam-images/fit-in/360x360/Products/570539STKaee5433e-1da4-4c04-9401-4c9a4619dcc6-1745828749194.png",
    "available": true,
    "promoUntil": null
  },
  {
    "id": "502292ZK",
    "title": "Katja Zure Sticks Mix 250 g",
    "category": "Koek, snoep, chocolade en chips",
    "price": 2.56,
    "promoPrice": null,
    "pricePerUnit": "10.24 kg",
    "image": "https://www.jumbo.com/dam-images/fit-in/360x360/Products/30042024_1714444015046_1714444023599_502292_ZK_08716100369474_C1N1.png",
    "available": true,
    "promoUntil": null
  },
  {
    "id": "583772FLS",
    "title": "Lindemans Tarot d'Or Strong Fruit Beer Fles 25 cl",
    "category": "Bier en wijn",
    "price": 2.59,
    "promoPrice": null,
    "pricePerUnit": "10.36 l",
    "image": "https://www.jumbo.com/dam-images/fit-in/360x360/Products/28052025_1748428366892_1748428371802_5411223005461_1.png",
    "available": true,
    "promoUntil": null
  },
  {
    "id": "656039TRA",
    "title": "Magioni Carrot Banana Pancakes 4 x 40 g",
    "category": "Verse maaltijden en gemak",
    "price": 2.56,
    "promoPrice": null,
    "pricePerUnit": "16.0 kg",
    "image": "https://www.jumbo.com/dam-images/fit-in/360x360/Products/10072025_1752132809679_1752132818008_8719324058964_1.png",
    "available": true,
    "promoUntil": null
  },
  {
    "id": "473258STK",
    "title": "Roter Paracetamol Liquid Caps 500 mg, 20 stuks",
    "category": "Drogisterij en baby",
    "price": 5.79,
    "promoPrice": null,
    "pricePerUnit": "0.29 pieces",
    "image": "https://www.jumbo.com/dam-images/fit-in/360x360/Products/24092025_1758672108375_1758672115407_8713304949198_1.png",
    "available": true,
    "promoUntil": null
  },
  {
    "id": "142999POT",
    "title": "Verstegen Karwijzaad 41 g",
    "category": "Wereldkeukens, kruiden, pasta en rijst",
    "price": 2.99,
    "promoPrice": null,
    "pricePerUnit": "72.93 kg",
    "image": "https://www.jumbo.com/dam-images/fit-in/360x360/Products/15042025_1744684303000_1744684307287_142999_POT_08712200073808_C1N1.png",
    "available": true,
    "promoUntil": null
  },
  {
    "id": "576821ZK",
    "title": "Organix Knijpfruit Haver, Appel, Banaan, Aardbei, Bosbes 12mnd",
    "category": "Drogisterij en baby",
    "price": 1.38,
    "promoPrice": null,
    "pricePerUnit": "13.8 kg",
    "image": "https://www.jumbo.com/dam-images/fit-in/360x360/Products/20022025_1740022738212_1740022755274_576821_ZK_08713500011996_C1N1.png",
    "available": true,
    "promoUntil": null
  },
  {
    "id": "707544ZK",
    "title": "Pedigree Ranchos Cubes met 100% Natuurlijke Kip 70 g",
    "category": "Huishouden en dieren",
    "price": 2.47,
    "promoPrice": null,
    "pricePerUnit": "35.29 kg",
    "image": "https://www.jumbo.com/dam-images/fit-in/360x360/Products/04072025_1751592918904_1751592923554_707544_ZK_04008429171130_C1N1.png",
    "available": true,
    "promoUntil": null
  },
  {
    "id": "700794ZK",
    "title": "M&M'S Minis chocolade snoepjes maxi 360g",
    "category": "Koek, snoep, chocolade en chips",
    "price": 6.29,
    "promoPrice": null,
    "pricePerUnit": "17.47 kg",
    "image": "https://www.jumbo.com/dam-images/fit-in/360x360/Products/04072025_1751593996819_1751594018646_700794_ZK_05900951314421_H1N1.png",
    "available": true,
    "promoUntil": null
  },
  {
    "id": "675387STK",
    "title": "Raamstickers 2 Vellen",
    "category": "Non-food en servicebalie",
    "price": 1.99,
    "promoPrice": null,
    "pricePerUnit": "1.0 pieces",
    "image": "https://www.jumbo.com/dam-images/fit-in/360x360/Products/01072025_1751380371051_1751380379447_8721225775314_1.png",
    "available": true,
    "promoUntil": null
  },
  {
    "id": "438864STK",
    "title": "Wyngaard AffinÃ© Mosterd Dille 48+ 150 g",
    "category": "Vleeswaren, kaas en tapas",
    "price": 3.55,
    "promoPrice": null,
    "pricePerUnit": "23.67 kg",
    "image": "https://www.jumbo.com/dam-images/fit-in/360x360/Products/09082023_1691587042678_1691587052289_8714529001838_1.png",
    "available": true,
    "promoUntil": null
  },
  {
    "id": "450592FLS",
    "title": "MarquÃ©s de MontaÃ±ana - Macabeo - Garnacha Blanca - 750ML",
    "category": "Bier en wijn",
    "price": 7.99,
    "promoPrice": null,
    "pricePerUnit": "10.65 l",
    "image": "https://www.jumbo.com/dam-images/fit-in/360x360/Products/450592_8437014589559_1_T1_450592FLS1691161602933.png",
    "available": true,
    "promoUntil": null
  },
  {
    "id": "388412STK",
    "title": "Midalgan Warm crÃ¨me 60 g",
    "category": "Drogisterij en baby",
    "price": 11.99,
    "promoPrice": null,
    "pricePerUnit": "199.83 kg",
    "image": "https://www.jumbo.com/dam-images/fit-in/360x360/Products/24092025_1758672136270_1758672142810_5412569020590_1.png",
    "available": true,
    "promoUntil": null
  },
  {
    "id": "496414STK",
    "title": "Norit Capsules diarreeremmers 200 mg, 30 stuks",
    "category": "Drogisterij en baby",
    "price": 9.99,
    "promoPrice": null,
    "pricePerUnit": "0.33 pieces",
    "image": "https://www.jumbo.com/dam-images/fit-in/360x360/Products/24092025_1758672136464_1758672144073_8711744006044_1.png",
    "available": true,
    "promoUntil": null
  },
  {
    "id": "203718ZK",
    "title": "Verstegen Mix voor Kip Paprika 30 g",
    "category": "Wereldkeukens, kruiden, pasta en rijst",
    "price": 1.48,
    "promoPrice": null,
    "pricePerUnit": "49.33 kg",
    "image": "https://www.jumbo.com/dam-images/fit-in/360x360/Products/23042025_1745375190595_1745375195212_203718_ZK_08712200983572_C1N1.png",
    "available": true,
    "promoUntil": null
  },
  {
    "id": "408279ZK",
    "title": "Santa Maria Tortilla Wraps Corn & Wheat Mini 8 stuks 200 g",
    "category": "Wereldkeukens, kruiden, pasta en rijst",
    "price": 2.0,
    "promoPrice": null,
    "pricePerUnit": "10.0 kg",
    "image": "https://www.jumbo.com/dam-images/fit-in/360x360/Products/13092025_1757726757476_1757726779643_408279_ZK_07311311022395_C1N1.png",
    "available": true,
    "promoUntil": null
  },
  {
    "id": "703713ZK",
    "title": "Knorr Maaltijdmix Goulash 51 g",
    "category": "Wereldkeukens, kruiden, pasta en rijst",
    "price": 1.95,
    "promoPrice": null,
    "pricePerUnit": "38.24 kg",
    "image": "https://www.jumbo.com/dam-images/fit-in/360x360/Products/30072025_1753889674059_1753889682497_8721201956270_1.png",
    "available": true,
    "promoUntil": null
  },
  {
    "id": "214733BAK",
    "title": "Maza Hoemoes Ras el Hanout",
    "category": "Vleeswaren, kaas en tapas",
    "price": 2.59,
    "promoPrice": null,
    "pricePerUnit": "12.95 kg",
    "image": "https://www.jumbo.com/dam-images/fit-in/360x360/Products/29082025_1756431991093_1756431999373_214733_BAK_08714779003217_A1N1.png",
    "available": true,
    "promoUntil": null
  },
  {
    "id": "564580ZK",
    "title": "Koh Thai Mini rijstvellen",
    "category": "Wereldkeukens, kruiden, pasta en rijst",
    "price": 2.47,
    "promoPrice": null,
    "pricePerUnit": "24.7 kg",
    "image": "https://www.jumbo.com/dam-images/fit-in/360x360/Products/07022024_1707276533949_1707276550439_564580_ZK_08720604472882_C1N1.png",
    "available": true,
    "promoUntil": null
  },
  {
    "id": "696488POT",
    "title": "Koningsvogel Sambal Badjak Extra Heet 280 g",
    "category": "Wereldkeukens, kruiden, pasta en rijst",
    "price": 3.65,
    "promoPrice": null,
    "pricePerUnit": "13.04 kg",
    "image": "https://www.jumbo.com/dam-images/fit-in/360x360/Products/02052025_1746169423568_1746169429460_696488_POT_08718719362020_C1N1.png",
    "available": true,
    "promoUntil": null
  },
  {
    "id": "608090TRA",
    "title": "Loempia Vietnamese Stijl 6 Stuks 420 g",
    "category": "Diepvries",
    "price": 3.0,
    "promoPrice": null,
    "pricePerUnit": "7.14 kg",
    "image": "https://www.jumbo.com/dam-images/fit-in/360x360/Products/26032024_1711463711947_1711463719483_8716893025007_1.png",
    "available": true,
    "promoUntil": null
  },
  {
    "id": "489815BUS",
    "title": "NaÃ¯f Baby & Kids Doucheschuim Happy 200 ML",
    "category": "Drogisterij en baby",
    "price": 10.38,
    "promoPrice": null,
    "pricePerUnit": "51.9 l",
    "image": "https://www.jumbo.com/dam-images/fit-in/360x360/Products/20122023_1703064051921_1703064053571_489815_BUS_08719325317725_C1N1.png",
    "available": true,
    "promoUntil": null
  },
  {
    "id": "198638STK",
    "title": "NIVEA MEN Stress Protect Anti-Transpirant Spray - Deodorant - 150ml",
    "category": "Drogisterij en baby",
    "price": 5.69,
    "promoPrice": null,
    "pricePerUnit": "37.93 l",
    "image": "https://www.jumbo.com/dam-images/fit-in/360x360/Products/16072025_1752658388911_1752658392253_4005900457417_1.png",
    "available": true,
    "promoUntil": null
  },
  {
    "id": "452706FLS",
    "title": "Signature des Princes - CÃ´tes du RhÃ´ne - Grenache Blanc - Viognier - 750ML",
    "category": "Bier en wijn",
    "price": 9.99,
    "promoPrice": null,
    "pricePerUnit": "13.32 l",
    "image": "https://www.jumbo.com/dam-images/fit-in/360x360/Products/09082023_1691596457832_1691596459518_3760170008028_1.png",
    "available": true,
    "promoUntil": null
  },
  {
    "id": "586733BLK",
    "title": "NestlÃ© LITTLE STEPS 1 Zuigelingenmelk Standaard 0-6 maanden 800 g",
    "category": "Drogisterij en baby",
    "price": 13.36,
    "promoPrice": null,
    "pricePerUnit": "16.7 kg",
    "image": "https://www.jumbo.com/dam-images/fit-in/360x360/Products/04062025_1749001778729_1749001792299_586733_BLK_08445290929914_C1N1_s01.png",
    "available": true,
    "promoUntil": null
  },
  {
    "id": "603782FLS",
    "title": "Rimboesauzen Piri Piri Saus 500 ml",
    "category": "Wereldkeukens, kruiden, pasta en rijst",
    "price": 2.98,
    "promoPrice": null,
    "pricePerUnit": "5.96 l",
    "image": "https://www.jumbo.com/dam-images/fit-in/360x360/Products/8716769023410188d5809690c1462c56f92a8f-daaf-48c2-bdb9-5f91ac7d8956-1705063859759.png",
    "available": true,
    "promoUntil": null
  },
  {
    "id": "649776FLS",
    "title": "Nero Oro - Primitivo - Alcoholvrij 0,0% - 750ML",
    "category": "Bier en wijn",
    "price": 5.99,
    "promoPrice": null,
    "pricePerUnit": "7.99 l",
    "image": "https://www.jumbo.com/dam-images/fit-in/360x360/Products/28112024_1732807996878_1732808000196_8034115197944_1.png",
    "available": true,
    "promoUntil": null
  },
  {
    "id": "686083FLS",
    "title": "Terre di Faiano - Nero d'Avola - Biologisch 750ML",
    "category": "Bier en wijn",
    "price": 6.99,
    "promoPrice": null,
    "pricePerUnit": "9.32 l",
    "image": "https://www.jumbo.com/dam-images/fit-in/360x360/Products/27052025_1748349169386_1748349175186_8052432832829_1.png",
    "available": true,
    "promoUntil": null
  },
  {
    "id": "386176FLS",
    "title": "Texels Overzee IPA Bier Fles 300ml",
    "category": "Bier en wijn",
    "price": 2.29,
    "promoPrice": null,
    "pricePerUnit": "7.63 l",
    "image": "https://www.jumbo.com/dam-images/fit-in/360x360/Products/23092025_1758590956487_1758590999201_386176_FLS_08717903631287_A1N1.png",
    "available": true,
    "promoUntil": null
  },
  {
    "id": "442529FLS",
    "title": "Squid Brand Vissaus 300 ml",
    "category": "Wereldkeukens, kruiden, pasta en rijst",
    "price": 2.39,
    "promoPrice": null,
    "pricePerUnit": "7.97 l",
    "image": "https://www.jumbo.com/dam-images/fit-in/360x360/Products/09082023_1691590277043_1691590283166_8850620888012_1.png",
    "available": true,
    "promoUntil": null
  },
  {
    "id": "617985KP",
    "title": "Stacked Flavour Sour Cream & Onion Chips 170 g",
    "category": "Koek, snoep, chocolade en chips",
    "price": 1.54,
    "promoPrice": null,
    "pricePerUnit": "9.06 kg",
    "image": "https://www.jumbo.com/dam-images/fit-in/360x360/Products/07062024_1717759995493_1717760000295_3760020822019_1.png",
    "available": true,
    "promoUntil": null
  },
  {
    "id": "684174ZK",
    "title": "Tilda Geurige Jasmijnrijst 500g",
    "category": "Wereldkeukens, kruiden, pasta en rijst",
    "price": 2.96,
    "promoPrice": null,
    "pricePerUnit": "5.92 kg",
    "image": "https://www.jumbo.com/dam-images/fit-in/360x360/Products/04032025_1741077690577_1741077694722_684174_ZK_05011157730172_C1N1.png",
    "available": true,
    "promoUntil": null
  },
  {
    "id": "682304BLS",
    "title": "VartaÂ V312Â HearingÂ AidÂ 8 Stuks",
    "category": "Non-food en servicebalie",
    "price": 5.85,
    "promoPrice": null,
    "pricePerUnit": "0.73 pieces",
    "image": "https://www.jumbo.com/dam-images/fit-in/360x360/Products/29032025_1743210111874_1743210116105_4043752393712_1.png",
    "available": true,
    "promoUntil": null
  },
  {
    "id": "616673DS",
    "title": "Veet Men Ontharingscreme Gevoelige Huid 200ML",
    "category": "Drogisterij en baby",
    "price": 9.99,
    "promoPrice": null,
    "pricePerUnit": "49.95 l",
    "image": "https://www.jumbo.com/dam-images/fit-in/360x360/Products/31072024_1722388003784_1722388005997_616673_DS_03059944026000_C1N1.png",
    "available": true,
    "promoUntil": null
  },
  {
    "id": "125521FLS",
    "title": "Siebrand - Tradition Rouge - 1L",
    "category": "Bier en wijn",
    "price": 4.29,
    "promoPrice": null,
    "pricePerUnit": "4.29 l",
    "image": "https://www.jumbo.com/dam-images/fit-in/360x360/Products/09082023_1691586110894_1691586114617_8710102999042_1.png",
    "available": true,
    "promoUntil": null
  },
  {
    "id": "572318STK",
    "title": "Walnoot Kaas 225 g",
    "category": "Vleeswaren, kaas en tapas",
    "price": 3.99,
    "promoPrice": null,
    "pricePerUnit": "17.73 kg",
    "image": "https://www.jumbo.com/dam-images/fit-in/360x360/Products/14022024_1707873029258_1707873038611_8717389370632_1.png",
    "available": true,
    "promoUntil": null
  },
  {
    "id": "648946FLS",
    "title": "Smirnoff Ice Raspberry Tart & Fruity 70 cl",
    "category": "Bier en wijn",
    "price": 3.99,
    "promoPrice": null,
    "pricePerUnit": "5.7 l",
    "image": "https://www.jumbo.com/dam-images/fit-in/360x360/Products/31012025_1738326826705_1738326830397_5410316965606_1.png",
    "available": true,
    "promoUntil": null
  },
  {
    "id": "623890ZK",
    "title": "Wilhelmina Chewy FruitMint 200g",
    "category": "Koek, snoep, chocolade en chips",
    "price": 2.47,
    "promoPrice": null,
    "pricePerUnit": "12.35 kg",
    "image": "https://www.jumbo.com/dam-images/fit-in/360x360/Products/10072024_1720576798009_1720576804369_623890_ZK_08710559000049_C1N1.png",
    "available": true,
    "promoUntil": null
  },
  {
    "id": "703821FLS",
    "title": "Zwitsal Rijke Huidolie Baby 200 ml",
    "category": "Drogisterij en baby",
    "price": 6.99,
    "promoPrice": null,
    "pricePerUnit": "34.95 l",
    "image": "https://www.jumbo.com/dam-images/fit-in/360x360/Products/25062025_1750851188024_1750851190384_8720181649677_1.png",
    "available": true,
    "promoUntil": null
  },
  {
    "id": "655266POT",
    "title": "Kameya Wasabi Furikake 48g",
    "category": "Wereldkeukens, kruiden, pasta en rijst",
    "price": 5.99,
    "promoPrice": null,
    "pricePerUnit": "124.79 kg",
    "image": "https://www.jumbo.com/dam-images/fit-in/360x360/Products/14102024_1728894968083_1728894980046_4901509908285_1.png",
    "available": true,
    "promoUntil": null
  },
  {
    "id": "695356ZK",
    "title": "Look-O-Look Dynamietstaafjes Regenboog Bessen 110g",
    "category": "Koek, snoep, chocolade en chips",
    "price": 2.47,
    "promoPrice": null,
    "pricePerUnit": "22.45 kg",
    "image": "https://www.jumbo.com/dam-images/fit-in/360x360/Products/25042025_1745572176452_1745572179462_695356_ZK_08723400825388_A1N1.png",
    "available": true,
    "promoUntil": null
  },
  {
    "id": "564447FLS",
    "title": "Megachef Gluten-Free Soy Sauce 200 ml",
    "category": "Wereldkeukens, kruiden, pasta en rijst",
    "price": 2.99,
    "promoPrice": null,
    "pricePerUnit": "14.95 l",
    "image": "https://www.jumbo.com/dam-images/fit-in/360x360/Products/14022024_1707873252576_1707873256315_8857118730556_1.png",
    "available": true,
    "promoUntil": null
  },
  {
    "id": "572316STK",
    "title": "Mosterd Kaas 225 g",
    "category": "Vleeswaren, kaas en tapas",
    "price": 3.99,
    "promoPrice": null,
    "pricePerUnit": "17.73 kg",
    "image": "https://www.jumbo.com/dam-images/fit-in/360x360/Products/14022024_1707873022564_1707873030583_8717389370618_1.png",
    "available": true,
    "promoUntil": null
  },
  {
    "id": "488335BUS",
    "title": "Wella New Wave Volume Haarmousse 200 ml",
    "category": "Drogisterij en baby",
    "price": 4.99,
    "promoPrice": null,
    "pricePerUnit": "24.95 l",
    "image": "https://www.jumbo.com/dam-images/fit-in/360x360/Products/09082023_1691579018935_1691579032756_4056800729500_1.png",
    "available": true,
    "promoUntil": null
  },
  {
    "id": "128603FLS",
    "title": "Patak's Original Madras Indiase Kruidenpasta 165g",
    "category": "Wereldkeukens, kruiden, pasta en rijst",
    "price": 3.36,
    "promoPrice": null,
    "pricePerUnit": "21.0 kg",
    "image": "https://www.jumbo.com/dam-images/fit-in/360x360/Products/14062024_1718329184921_1718329195293_128603_FLS_05011308700979_C1N1.png",
    "available": true,
    "promoUntil": null
  },
  {
    "id": "685837PAK",
    "title": "Jumbo's Witte Chocolade Exotic Fireworks Kokos, Passievrucht & Knettersuiker 140 g",
    "category": "Koek, snoep, chocolade en chips",
    "price": 2.99,
    "promoPrice": null,
    "pricePerUnit": "21.36 kg",
    "image": "https://www.jumbo.com/dam-images/fit-in/360x360/Products/21052025_1747812848582_1747812860683_8718452813384_596.png",
    "available": true,
    "promoUntil": null
  },
  {
    "id": "208332FLS",
    "title": "Terrapura - Single Vineyard - Sauvignon Blanc - 750ML",
    "category": "Bier en wijn",
    "price": 8.49,
    "promoPrice": null,
    "pricePerUnit": "11.32 l",
    "image": "https://www.jumbo.com/dam-images/fit-in/360x360/Products/06062025_1749223985882_1749223988674_7804616090508_1.png",
    "available": true,
    "promoUntil": null
  },
  {
    "id": "710637POT",
    "title": "Smaakt Bio Rendang 370 g",
    "category": "Wereldkeukens, kruiden, pasta en rijst",
    "price": 5.99,
    "promoPrice": null,
    "pricePerUnit": "16.19 kg",
    "image": "https://www.jumbo.com/dam-images/fit-in/360x360/Products/21072025_1753122788937_1753122795907_8719153031732_1.png",
    "available": true,
    "promoUntil": null
  },
  {
    "id": "649909FLS",
    "title": "The Pink Stuff Cream Cleaner 500 ML",
    "category": "Huishouden en dieren",
    "price": 2.99,
    "promoPrice": null,
    "pricePerUnit": "5.98 l",
    "image": "https://www.jumbo.com/dam-images/fit-in/360x360/Products/11092024_1726049949301_1726049952329_649909_FLS_05060033823675_C1N1.png",
    "available": true,
    "promoUntil": null
  },
  {
    "id": "704030ZK",
    "title": "Vergeer Holland Kaas 48+ Plakken Gouda Extra belegen 200g",
    "category": "Vleeswaren, kaas en tapas",
    "price": 3.69,
    "promoPrice": null,
    "pricePerUnit": "18.45 kg",
    "image": "https://www.jumbo.com/dam-images/fit-in/360x360/Products/08710866043661A3C167f5c2a1-6752-4203-b49a-d8760c3a5183-1752144260693.png",
    "available": true,
    "promoUntil": null
  },
  {
    "id": "605234FLS",
    "title": "Palmolive Men Refreshing 3-in-1 douchegel met etherische eucalyptusolie en zeezoutextract 250ml",
    "category": "Drogisterij en baby",
    "price": 2.29,
    "promoPrice": null,
    "pricePerUnit": "9.16 l",
    "image": "https://www.jumbo.com/dam-images/fit-in/360x360/Products/14032024_1710384115133_1710384117481_605234_FLS_08003520030702_C1N1.png",
    "available": true,
    "promoUntil": null
  },
  {
    "id": "437224ZK",
    "title": "Verstegen Kruidenmix Pasta Carbonara voor 2 personen 15 g",
    "category": "Wereldkeukens, kruiden, pasta en rijst",
    "price": 1.09,
    "promoPrice": null,
    "pricePerUnit": "72.67 kg",
    "image": "https://www.jumbo.com/dam-images/fit-in/360x360/Products/10082023_1691675621992_1691675627591_8712200090164_1.png",
    "available": true,
    "promoUntil": null
  },
  {
    "id": "558582ZK",
    "title": "Verstegen Kruidnagel 5 g",
    "category": "Wereldkeukens, kruiden, pasta en rijst",
    "price": 1.86,
    "promoPrice": null,
    "pricePerUnit": "372.0 kg",
    "image": "https://www.jumbo.com/dam-images/fit-in/360x360/Products/24022024_1708740311631_1708740315290_558582_ZK_08712200082299_C1N1.png",
    "available": true,
    "promoUntil": null
  },
  {
    "id": "437229ZK",
    "title": "Verstegen Kruidenmix Roti voor 2 personen 18 g",
    "category": "Wereldkeukens, kruiden, pasta en rijst",
    "price": 1.09,
    "promoPrice": null,
    "pricePerUnit": "60.56 kg",
    "image": "https://www.jumbo.com/dam-images/fit-in/360x360/Products/437229_8712200090065_1_T1_437229ZK1691166335147.png",
    "available": true,
    "promoUntil": null
  },
  {
    "id": "203749ZK",
    "title": "Verstegen Mix voor Kip Traditioneel 20 g",
    "category": "Wereldkeukens, kruiden, pasta en rijst",
    "price": 1.48,
    "promoPrice": null,
    "pricePerUnit": "74.0 kg",
    "image": "https://www.jumbo.com/dam-images/fit-in/360x360/Products/23042025_1745375973715_1745375978533_203749_ZK_08712200977021_C1N1.png",
    "available": true,
    "promoUntil": null
  },
  {
    "id": "180675ZK",
    "title": "Santa Maria Dipsaus Mix American Ranch 14 g",
    "category": "Wereldkeukens, kruiden, pasta en rijst",
    "price": 0.97,
    "promoPrice": null,
    "pricePerUnit": "69.29 kg",
    "image": "https://www.jumbo.com/dam-images/fit-in/360x360/Products/13092025_1757727089736_1757727098548_180675_ZK_.png",
    "available": true,
    "promoUntil": null
  },
  {
    "id": "562382FLS",
    "title": "Maredsous - Tripel Abdijbier - Fles - 330ML",
    "category": "Bier en wijn",
    "price": 2.29,
    "promoPrice": null,
    "pricePerUnit": "6.94 l",
    "image": "https://www.jumbo.com/dam-images/fit-in/360x360/Products/05122023_1701745313778_1701745317773_562382_FLS_05411681038001_C1N1.png",
    "available": true,
    "promoUntil": null
  },
  {
    "id": "543627PAK",
    "title": "Whiskas 1+ Kattenvoer - Duo Surf & Turf in gelei - maaltijdzakjes 12x85g",
    "category": "Huishouden en dieren",
    "price": 5.72,
    "promoPrice": null,
    "pricePerUnit": "0.48 pieces",
    "image": "https://www.jumbo.com/dam-images/fit-in/360x360/Products/08082024_1723120458837_1723120475070_4770608262068_596.png",
    "available": true,
    "promoUntil": null
  },
  {
    "id": "547755ZK",
    "title": "Rummo Gnocchetti di Patate 500 g",
    "category": "Wereldkeukens, kruiden, pasta en rijst",
    "price": 2.99,
    "promoPrice": null,
    "pricePerUnit": "5.98 kg",
    "image": "https://www.jumbo.com/dam-images/fit-in/360x360/Products/10082023_1691676800874_1691676812603_8008343201216_1.png",
    "available": true,
    "promoUntil": null
  },
  {
    "id": "696931FLS",
    "title": "Sportwater Vitwater Refresh 500 ML",
    "category": "Frisdrank en sappen",
    "price": 1.19,
    "promoPrice": null,
    "pricePerUnit": "2.38 l",
    "image": "https://www.jumbo.com/dam-images/fit-in/360x360/Products/17062025_1750124131577_1750124135424_696931_FLS_08722200965737_C1N1.png",
    "available": true,
    "promoUntil": null
  },
  {
    "id": "673428FLS",
    "title": "Neleman - Macabeo - Orange Wine 750ML",
    "category": "Bier en wijn",
    "price": 9.99,
    "promoPrice": null,
    "pricePerUnit": "13.32 l",
    "image": "https://www.jumbo.com/dam-images/fit-in/360x360/Products/11042025_1744378428877_1744378432931_8720574874082_1.png",
    "available": true,
    "promoUntil": null
  },
  {
    "id": "434296POT",
    "title": "L'OrÃ©al Paris Triple Active Hydraterende Nacht CrÃ¨me 50 ml",
    "category": "Drogisterij en baby",
    "price": 9.99,
    "promoPrice": null,
    "pricePerUnit": "199.8 l",
    "image": "https://www.jumbo.com/dam-images/fit-in/360x360/Products/26062025_1750904167275_1750904174648_434296_POT_03600521757277_C1N1_s02.png",
    "available": true,
    "promoUntil": null
  },
  {
    "id": "667156BLK",
    "title": "Something & Nothing Hibiscus & Rose Seltzer Drank 330 ml",
    "category": "Frisdrank en sappen",
    "price": 1.79,
    "promoPrice": null,
    "pricePerUnit": "5.42 l",
    "image": "https://www.jumbo.com/dam-images/fit-in/360x360/Products/12122024_1734014824219_1734014829070_5060557310026_1.png",
    "available": true,
    "promoUntil": null
  },
  {
    "id": "699433FLS",
    "title": "Listerine Geavanceerd Wit Mondspoeling 500 ML",
    "category": "Drogisterij en baby",
    "price": 7.99,
    "promoPrice": null,
    "pricePerUnit": "15.98 l",
    "image": "https://www.jumbo.com/dam-images/fit-in/360x360/Products/16052025_1747392319470_1747392322080_699433_FLS_.png",
    "available": true,
    "promoUntil": null
  },
  {
    "id": "205345BLS",
    "title": "Mentos Gum Mighty Mint Suikervrij Blister 3-pack",
    "category": "Koek, snoep, chocolade en chips",
    "price": 2.66,
    "promoPrice": null,
    "pricePerUnit": "50.19 kg",
    "image": "https://www.jumbo.com/dam-images/fit-in/360x360/Products/07072025_1751902634036_1751902638199_8003440989418_1.png",
    "available": true,
    "promoUntil": null
  },
  {
    "id": "380757FLS",
    "title": "Mezzacorona - Pinot Bianco - 750ML",
    "category": "Bier en wijn",
    "price": 6.79,
    "promoPrice": null,
    "pricePerUnit": "9.05 l",
    "image": "https://www.jumbo.com/dam-images/fit-in/360x360/Products/18102024_1729216595809_1729216598097_380757_FLS_08004305000149_C1N1.png",
    "available": true,
    "promoUntil": null
  },
  {
    "id": "664664ZK",
    "title": "Venco Droptoppers Zacht & Zoet 225 g",
    "category": "Koek, snoep, chocolade en chips",
    "price": 2.49,
    "promoPrice": null,
    "pricePerUnit": "11.07 kg",
    "image": "https://www.jumbo.com/dam-images/fit-in/360x360/Products/18012025_1737167531347_1737167542557_664664_ZK_08713800255663_H1N1.png",
    "available": true,
    "promoUntil": null
  },
  {
    "id": "529399FLS",
    "title": "PiÃ©mont PyrÃ©nÃ©en - Saint Mont - 750 ML",
    "category": "Bier en wijn",
    "price": 10.99,
    "promoPrice": null,
    "pricePerUnit": "14.65 l",
    "image": "https://www.jumbo.com/dam-images/fit-in/360x360/Products/27062024_1719454198164_1719454200129_529399_FLS_03270040270177_C1N1.png",
    "available": true,
    "promoUntil": null
  },
  {
    "id": "707835STK",
    "title": "Voltaren Emulgel Extra Sterk 2,32% 30g",
    "category": "Drogisterij en baby",
    "price": 9.99,
    "promoPrice": null,
    "pricePerUnit": "333.0 kg",
    "image": "https://www.jumbo.com/dam-images/fit-in/360x360/Products/21082025_1755742808544_1755742811643_707835_STK_05054563251824_C1N1.png",
    "available": true,
    "promoUntil": null
  },
  {
    "id": "585951FLS",
    "title": "innocent immunity shot ginger 80ml",
    "category": "Frisdrank en sappen",
    "price": 1.99,
    "promoPrice": null,
    "pricePerUnit": "24.88 l",
    "image": "https://www.jumbo.com/dam-images/fit-in/360x360/Products/20122024_1734687181562_1734687184247_96203446_1.png",
    "available": true,
    "promoUntil": null
  },
  {
    "id": "703292DS",
    "title": "Old El Paso Burrito Kit 620g",
    "category": "Wereldkeukens, kruiden, pasta en rijst",
    "price": 4.99,
    "promoPrice": null,
    "pricePerUnit": "8.05 kg",
    "image": "https://www.jumbo.com/dam-images/fit-in/360x360/Products/05062025_1749122316490_1749122324906_703292_DS_08410076471253_C1N1.png",
    "available": true,
    "promoUntil": null
  },
  {
    "id": "143013POT",
    "title": "Verstegen Mix voor Ei Natriumarm 50 g",
    "category": "Wereldkeukens, kruiden, pasta en rijst",
    "price": 2.79,
    "promoPrice": null,
    "pricePerUnit": "55.8 kg",
    "image": "https://www.jumbo.com/dam-images/fit-in/360x360/Products/26082025_1756173120548_1756173125012_143013_POT_08712200242723_C1N1.png",
    "available": true,
    "promoUntil": null
  },
  {
    "id": "184669DS",
    "title": "Lotus Biscoff Speculoos melkchocolade ijs stick 4 stuks",
    "category": "Diepvries",
    "price": 4.69,
    "promoPrice": null,
    "pricePerUnit": "13.03 l",
    "image": "https://www.jumbo.com/dam-images/fit-in/360x360/Products/28112023_1701160442313_1701160451872_5410126037005_1.png",
    "available": true,
    "promoUntil": null
  },
  {
    "id": "569977ZK",
    "title": "Lutti Flexi-Fizz 225 g",
    "category": "Koek, snoep, chocolade en chips",
    "price": 2.29,
    "promoPrice": null,
    "pricePerUnit": "10.18 kg",
    "image": "https://www.jumbo.com/dam-images/fit-in/360x360/Products/14022024_1707873138540_1707873150881_5410057187039_1.png",
    "available": true,
    "promoUntil": null
  },
  {
    "id": "379381ZK",
    "title": "TENA Silhouette Noir Inlegkruisjes 26 stuks",
    "category": "Drogisterij en baby",
    "price": 4.79,
    "promoPrice": null,
    "pricePerUnit": "0.18 pieces",
    "image": "https://www.jumbo.com/dam-images/fit-in/360x360/Products/08092023_1694137137364_1694137138912_379381_ZK_.png",
    "available": true,
    "promoUntil": null
  },
  {
    "id": "188673STK",
    "title": "Vogue Cosmetics Extravagant Parfum Deodorant 150 ml",
    "category": "Drogisterij en baby",
    "price": 4.19,
    "promoPrice": null,
    "pricePerUnit": "27.93 l",
    "image": "https://www.jumbo.com/dam-images/fit-in/360x360/Products/04072025_1751598748003_1751598749110_188673_STK_08714319230509_A1N1.png",
    "available": true,
    "promoUntil": null
  },
  {
    "id": "683157CUP",
    "title": "Oppo Pro High Protein Strawberry Cheesecake 150g",
    "category": "Diepvries",
    "price": 3.29,
    "promoPrice": null,
    "pricePerUnit": "13.71 l",
    "image": "https://www.jumbo.com/dam-images/fit-in/360x360/Products/07062025_1749258291013_1749258295406_683157_CUP_05060346412931_C1N1_s02.png",
    "available": true,
    "promoUntil": null
  },
  {
    "id": "675555STK",
    "title": "Schoorsteen van Golfkarton",
    "category": "Non-food en servicebalie",
    "price": 4.29,
    "promoPrice": null,
    "pricePerUnit": "4.29 pieces",
    "image": "",
    "available": true,
    "promoUntil": null
  },
  {
    "id": "99170DSL",
    "title": "Jumbo â Chardonnay 6 x 750 ml",
    "category": "Bier en wijn",
    "price": 28.74,
    "promoPrice": null,
    "pricePerUnit": "6.39 l",
    "image": "https://www.jumbo.com/dam-images/fit-in/360x360/Products/99170DSL-1692282202075.png",
    "available": true,
    "promoUntil": null
  },
  {
    "id": "91621ZK",
    "title": "Silvo Mix voor Kip 25 g",
    "category": "Wereldkeukens, kruiden, pasta en rijst",
    "price": 1.88,
    "promoPrice": null,
    "pricePerUnit": "75.2 kg",
    "image": "https://www.jumbo.com/dam-images/fit-in/360x360/Products/24062024_1719235998540_1719236020089_8715500041997_596.png",
    "available": true,
    "promoUntil": null
  },
  {
    "id": "705315BLK",
    "title": "Kaapse Karel Session Ipa 330ML",
    "category": "Bier en wijn",
    "price": 2.39,
    "promoPrice": null,
    "pricePerUnit": "7.24 l",
    "image": "https://www.jumbo.com/dam-images/fit-in/360x360/Products/28072025_1753706820966_1753706822632_705315_BLK_08720256741657_A1N1.png",
    "available": true,
    "promoUntil": null
  },
  {
    "id": "681827ZK",
    "title": "M&M'S Crispy chocolade snoepjes 107g",
    "category": "Koek, snoep, chocolade en chips",
    "price": 2.49,
    "promoPrice": null,
    "pricePerUnit": "23.27 kg",
    "image": "https://www.jumbo.com/dam-images/fit-in/360x360/Products/04072025_1751597793336_1751597799500_681827_ZK_05000159561624_H1N1.png",
    "available": true,
    "promoUntil": null
  },
  {
    "id": "686310FLS",
    "title": "Tiempo & Tierra - Gran Momento Cabernet Sauvignon Rosado - 750ML",
    "category": "Bier en wijn",
    "price": 5.99,
    "promoPrice": null,
    "pricePerUnit": "7.99 l",
    "image": "https://www.jumbo.com/dam-images/fit-in/360x360/Products/24062025_1750768388234_1750768391738_8411971008605_1.png",
    "available": true,
    "promoUntil": null
  },
  {
    "id": "627661PAK",
    "title": "Van Delft The Original CafÃ© Noir 200 g",
    "category": "Koek, snoep, chocolade en chips",
    "price": 1.99,
    "promoPrice": null,
    "pricePerUnit": "9.95 kg",
    "image": "https://www.jumbo.com/dam-images/fit-in/360x360/Products/26022025_1740540993357_1740540999108_627661_PAK_08711513254409_C1N1.png",
    "available": true,
    "promoUntil": null
  },
  {
    "id": "682305BLS",
    "title": "Varta V13 Hearing Aid 8 Stuks",
    "category": "Non-food en servicebalie",
    "price": 9.49,
    "promoPrice": null,
    "pricePerUnit": "1.19 pieces",
    "image": "https://www.jumbo.com/dam-images/fit-in/360x360/Products/01042025_1743465740183_1743465746663_4043752393705_1.png",
    "available": true,
    "promoUntil": null
  },
  {
    "id": "677606ZK",
    "title": "Pampers Harmonie Pants Maat 5, 27 Luierbroekjes",
    "category": "Drogisterij en baby",
    "price": 23.99,
    "promoPrice": null,
    "pricePerUnit": "0.89 pieces",
    "image": "https://www.jumbo.com/dam-images/fit-in/360x360/Products/14082025_1755200016251_1755200023987_8700216705509_1.png",
    "available": true,
    "promoUntil": null
  },
  {
    "id": "482487STK",
    "title": "Reactine Tabletten bij hooikoorts of allergie 10 mg, 21 stuks",
    "category": "Drogisterij en baby",
    "price": 14.49,
    "promoPrice": null,
    "pricePerUnit": "1114.62 kg",
    "image": "https://www.jumbo.com/dam-images/fit-in/360x360/Products/22082025_1755820889553_1755820895714_3574661220482_1.png",
    "available": true,
    "promoUntil": null
  },
  {
    "id": "688523FLS",
    "title": "Robijn Wasverzachter Spa Sensation 765ML",
    "category": "Huishouden en dieren",
    "price": 7.29,
    "promoPrice": null,
    "pricePerUnit": "0.19 wb",
    "image": "https://www.jumbo.com/dam-images/fit-in/360x360/Products/20092025_1758331846841_1758331874916_688523_FLS_08720181633133_H1N1.png",
    "available": true,
    "promoUntil": null
  },
  {
    "id": "143195POT",
    "title": "Verstegen Mix voor Varkensvlees 225 g",
    "category": "Wereldkeukens, kruiden, pasta en rijst",
    "price": 4.71,
    "promoPrice": null,
    "pricePerUnit": "20.93 kg",
    "image": "https://www.jumbo.com/dam-images/fit-in/360x360/Products/20032025_1742436318687_1742436325139_143195_POT_08712200544520_C1N1.png",
    "available": true,
    "promoUntil": null
  },
  {
    "id": "546850ZK",
    "title": "Verstegen Mix voor Persillade 7 g ",
    "category": "Wereldkeukens, kruiden, pasta en rijst",
    "price": 1.34,
    "promoPrice": null,
    "pricePerUnit": "191.43 kg",
    "image": "https://www.jumbo.com/dam-images/fit-in/360x360/Products/21112024_1732214162426_1732214178625_8712200108838_1.png",
    "available": true,
    "promoUntil": null
  },
  {
    "id": "203743ZK",
    "title": "Verstegen Mix voor Scampi & Garnalen 12 g",
    "category": "Wereldkeukens, kruiden, pasta en rijst",
    "price": 1.56,
    "promoPrice": null,
    "pricePerUnit": "130.0 kg",
    "image": "https://www.jumbo.com/dam-images/fit-in/360x360/Products/22022024_1708571614449_1708571620323_203743_ZK_08712200982001_C1N1.png",
    "available": true,
    "promoUntil": null
  },
  {
    "id": "540625BLK",
    "title": "Sonnema Berenburg - Sinas - 250ML",
    "category": "Bier en wijn",
    "price": 2.39,
    "promoPrice": null,
    "pricePerUnit": "9.56 l",
    "image": "https://www.jumbo.com/dam-images/fit-in/360x360/Products/22022025_1740190954728_1740190957213_540625_BLK_08710631022372_C1N1.png",
    "available": true,
    "promoUntil": null
  },
  {
    "id": "457032FLS",
    "title": "Willy Nacho Luchador Chipotle Sauce 265 ml",
    "category": "Wereldkeukens, kruiden, pasta en rijst",
    "price": 2.99,
    "promoPrice": null,
    "pricePerUnit": "11.28 l",
    "image": "https://www.jumbo.com/dam-images/fit-in/360x360/Products/02052025_1746151432063_1746151434726_457032_FLS_08719324820509_A1N1.png",
    "available": true,
    "promoUntil": null
  },
  {
    "id": "568634ZK",
    "title": "Venco Engelse Drop Zacht Zoet 100 g",
    "category": "Koek, snoep, chocolade en chips",
    "price": 1.89,
    "promoPrice": null,
    "pricePerUnit": "18.9 kg",
    "image": "https://www.jumbo.com/dam-images/fit-in/360x360/Products/02092025_1756779483076_1756779515750_568634_ZK_08714200220152_C1N1.png",
    "available": true,
    "promoUntil": null
  },
  {
    "id": "511785POT",
    "title": "Sharwood's Mango Chutney 227 g",
    "category": "Wereldkeukens, kruiden, pasta en rijst",
    "price": 3.29,
    "promoPrice": null,
    "pricePerUnit": "14.49 kg",
    "image": "https://www.jumbo.com/dam-images/fit-in/360x360/Products/04012025_1735958700376_1735958705832_511785_POT_00000050797417_H1N1.png",
    "available": true,
    "promoUntil": null
  },
  {
    "id": "688522FLS",
    "title": "Robijn Wasverzachter Paradise Secret 765ML",
    "category": "Huishouden en dieren",
    "price": 7.29,
    "promoPrice": null,
    "pricePerUnit": "0.19 wb",
    "image": "https://www.jumbo.com/dam-images/fit-in/360x360/Products/23092025_1758591910598_1758591941093_688522_FLS_08720181633126_H1N1.png",
    "available": true,
    "promoUntil": null
  },
  {
    "id": "568978STK",
    "title": "Nutrilon Opvolgmelk 2 6+ Maanden 2 x 800g",
    "category": "Drogisterij en baby",
    "price": 35.62,
    "promoPrice": null,
    "pricePerUnit": "None None",
    "image": "https://www.jumbo.com/dam-images/fit-in/360x360/Products/568978STK8d7794943-963b-4de0-ab32-15011a7fad90-1701347777405.png",
    "available": true,
    "promoUntil": null
  },
  {
    "id": "583026BLK",
    "title": "Olijven gevuld met ansjovis",
    "category": "Wereldkeukens, kruiden, pasta en rijst",
    "price": 1.17,
    "promoPrice": null,
    "pricePerUnit": "5.85 kg",
    "image": "https://www.jumbo.com/dam-images/fit-in/360x360/Products/28032025_1743157992763_1743158001604_8718247443635_1.png",
    "available": true,
    "promoUntil": null
  },
  {
    "id": "662665PAK",
    "title": "Oreo Double Stuf Double Sandwich Cookies 157g",
    "category": "Koek, snoep, chocolade en chips",
    "price": 1.99,
    "promoPrice": null,
    "pricePerUnit": "12.68 kg",
    "image": "https://www.jumbo.com/dam-images/fit-in/360x360/Products/27062025_1750989499142_1750989506129_662665_PAK_07622201391300_C1N1_s01.png",
    "available": true,
    "promoUntil": null
  },
  {
    "id": "664456ZK",
    "title": "Red Band Dropfruit Duo's Zoet Zuur 235 g",
    "category": "Koek, snoep, chocolade en chips",
    "price": 2.56,
    "promoPrice": null,
    "pricePerUnit": "10.89 kg",
    "image": "https://www.jumbo.com/dam-images/fit-in/360x360/Products/12122024_1733970962593_1733970971727_664456_ZK_08713800255175_H1N1.png",
    "available": true,
    "promoUntil": null
  },
  {
    "id": "622894DS",
    "title": "Rocky Rice Gluten Free Salted Caramel Rice Bar 5 x 18 g",
    "category": "Koek, snoep, chocolade en chips",
    "price": 1.99,
    "promoPrice": null,
    "pricePerUnit": "22.11 kg",
    "image": "https://www.jumbo.com/dam-images/fit-in/360x360/Products/20092025_1758335478790_1758335490028_622894_DS_08606018702282_C1N1.png",
    "available": true,
    "promoUntil": null
  },
  {
    "id": "171216ZK",
    "title": "Tena Lights Sensitive Inlegkruisjes Long 20 Stuks",
    "category": "Drogisterij en baby",
    "price": 3.69,
    "promoPrice": null,
    "pricePerUnit": "0.18 pieces",
    "image": "https://www.jumbo.com/dam-images/fit-in/360x360/Products/02032024_1709347172603_1709347174954_171216_ZK_.png",
    "available": true,
    "promoUntil": null
  },
  {
    "id": "671627BLS",
    "title": "VARTA Oplaadbare Batterijen AAA 800mAh",
    "category": "Non-food en servicebalie",
    "price": 17.99,
    "promoPrice": null,
    "pricePerUnit": "4.5 pieces",
    "image": "https://www.jumbo.com/dam-images/fit-in/360x360/Products/25072025_1753411329212_1753411334388_671627_BLS_04008496550616_C1N1.png",
    "available": true,
    "promoUntil": null
  },
  {
    "id": "62390PAK",
    "title": "Maaza Guava Fruit Drink 1 L",
    "category": "Frisdrank en sappen",
    "price": 2.29,
    "promoPrice": null,
    "pricePerUnit": "2.29 l",
    "image": "https://www.jumbo.com/dam-images/fit-in/360x360/Products/26022025_1740569589090_1740569593013_8718226323033_1.png",
    "available": true,
    "promoUntil": null
  },
  {
    "id": "502514STK",
    "title": "Sinaspril Paracetamol 120mg zetpil, 10 stuks",
    "category": "Drogisterij en baby",
    "price": 5.99,
    "promoPrice": null,
    "pricePerUnit": "221.85 kg",
    "image": "https://www.jumbo.com/dam-images/fit-in/360x360/Products/24092025_1758672136741_1758672144873_8713304954673_1.png",
    "available": true,
    "promoUntil": null
  },
  {
    "id": "570615ZK",
    "title": "Rosewood Delidelight Kip 80g",
    "category": "Huishouden en dieren",
    "price": 1.87,
    "promoPrice": null,
    "pricePerUnit": "23.38 kg",
    "image": "https://www.jumbo.com/dam-images/fit-in/360x360/Products/18062024_1718675485065_1718675490800_570615_ZK_08712113634479_C1N1_s01.png",
    "available": true,
    "promoUntil": null
  },
  {
    "id": "623466STK",
    "title": "Smaakt Bio Rode Linzen Pasta 200 g ",
    "category": "Wereldkeukens, kruiden, pasta en rijst",
    "price": 2.96,
    "promoPrice": null,
    "pricePerUnit": "14.8 kg",
    "image": "https://www.jumbo.com/dam-images/fit-in/360x360/Products/21082025_1755783234504_1755783241317_8719153000073_1.png",
    "available": true,
    "promoUntil": null
  },
  {
    "id": "650129STK",
    "title": "Jumbo's Kruidenblend Mediterraanse Twist 81 g",
    "category": "Wereldkeukens, kruiden, pasta en rijst",
    "price": 3.99,
    "promoPrice": null,
    "pricePerUnit": "49.26 kg",
    "image": "https://www.jumbo.com/dam-images/fit-in/360x360/Products/13122024_1734107580278_1734107591110_8718452816729_1.png",
    "available": true,
    "promoUntil": null
  },
  {
    "id": "677589ZK",
    "title": "Pampers Premium Protection Pants Maat 4, 19 Luierbroekjes",
    "category": "Drogisterij en baby",
    "price": 13.99,
    "promoPrice": null,
    "pricePerUnit": "0.74 pieces",
    "image": "https://www.jumbo.com/dam-images/fit-in/360x360/Products/14082025_1755196421665_1755196427418_8700216679404_1.png",
    "available": true,
    "promoUntil": null
  },
  {
    "id": "667179DS",
    "title": "Schweppes Orange Passion 6 x 33cl",
    "category": "Frisdrank en sappen",
    "price": 6.89,
    "promoPrice": null,
    "pricePerUnit": "3.48 l",
    "image": "https://www.jumbo.com/dam-images/fit-in/360x360/Products/17032025_1742239988242_1742239994865_5410221205958_1.png",
    "available": true,
    "promoUntil": null
  },
  {
    "id": "672255ZK",
    "title": "NestlÃ© Fiesta Fruits Appel Banaan Perzik Abrikoos 12m-36m 110 g ",
    "category": "Drogisterij en baby",
    "price": 1.57,
    "promoPrice": null,
    "pricePerUnit": "14.27 kg",
    "image": "https://www.jumbo.com/dam-images/fit-in/360x360/Products/16012025_1737012766262_1737012775097_8445290763297_1.png",
    "available": true,
    "promoUntil": null
  },
  {
    "id": "578754ZK",
    "title": "Olvarit Knijpfruit Smoothie Bosvruchten 12+ Maanden 100 g",
    "category": "Drogisterij en baby",
    "price": 1.14,
    "promoPrice": null,
    "pricePerUnit": "11.4 kg",
    "image": "https://www.jumbo.com/dam-images/fit-in/360x360/Products/10082023_1691677714075_1691677733433_5900852060885_1.png",
    "available": true,
    "promoUntil": null
  },
  {
    "id": "128612FLS",
    "title": "Patak's Original Tikka Masala Kruidenpasta 165 g",
    "category": "Wereldkeukens, kruiden, pasta en rijst",
    "price": 3.36,
    "promoPrice": null,
    "pricePerUnit": "20.36 kg",
    "image": "https://www.jumbo.com/dam-images/fit-in/360x360/Products/08122023_1702007973388_1702007986497_128612_FLS_05011308700917_C1N1.png",
    "available": true,
    "promoUntil": null
  },
  {
    "id": "664932ZK",
    "title": "Red Band Duo Winegums Zoet Zuur 215g",
    "category": "Koek, snoep, chocolade en chips",
    "price": 2.56,
    "promoPrice": null,
    "pricePerUnit": "11.91 kg",
    "image": "https://www.jumbo.com/dam-images/fit-in/360x360/Products/12122024_1733972038828_1733972047800_664932_ZK_08713800255342_H1N1.png",
    "available": true,
    "promoUntil": null
  },
  {
    "id": "435128FLS",
    "title": "Solan de Cabras Natuurlijk Mineraalwater 1,5L",
    "category": "Frisdrank en sappen",
    "price": 1.93,
    "promoPrice": null,
    "pricePerUnit": "1.29 l",
    "image": "https://www.jumbo.com/dam-images/fit-in/360x360/Products/08122023_1702022453482_1702022456376_435128_FLS_08411547213242_C1N1.png",
    "available": true,
    "promoUntil": null
  },
  {
    "id": "694707ZK",
    "title": "Katja Trouwe Rakkers 250 g",
    "category": "Koek, snoep, chocolade en chips",
    "price": 2.56,
    "promoPrice": null,
    "pricePerUnit": "10.24 kg",
    "image": "https://www.jumbo.com/dam-images/fit-in/360x360/Products/22042025_1745316183288_1745316192339_694707_ZK_08716100121478_C1N1.png",
    "available": true,
    "promoUntil": null
  },
  {
    "id": "448768DS",
    "title": "O.B. Organic Normal Tampons 16 Stuks",
    "category": "Drogisterij en baby",
    "price": 4.19,
    "promoPrice": null,
    "pricePerUnit": "0.26 pieces",
    "image": "https://www.jumbo.com/dam-images/fit-in/360x360/Products/31102024_1730346089090_1730346092661_448768_DS_03574661654621_C1N1.png",
    "available": true,
    "promoUntil": null
  },
  {
    "id": "558890POT",
    "title": "Verstegen World Spice Meal Pasta Verde 29 g",
    "category": "Wereldkeukens, kruiden, pasta en rijst",
    "price": 3.55,
    "promoPrice": null,
    "pricePerUnit": "122.41 kg",
    "image": "https://www.jumbo.com/dam-images/fit-in/360x360/Products/12122024_1734014682802_1734014690304_87291506_1.png",
    "available": true,
    "promoUntil": null
  },
  {
    "id": "643089BLK",
    "title": "Van de Streek - Turf 'n Surf Tripel - Blik - 330ML",
    "category": "Bier en wijn",
    "price": 2.79,
    "promoPrice": null,
    "pricePerUnit": "8.45 l",
    "image": "https://www.jumbo.com/dam-images/fit-in/360x360/Products/567455_8720153282734_1_T1_530299BLK1691078286104.png",
    "available": true,
    "promoUntil": null
  },
  {
    "id": "191930ZK",
    "title": "Verstegen Mix voor Kip Pittige Knoflook 20 g",
    "category": "Wereldkeukens, kruiden, pasta en rijst",
    "price": 1.48,
    "promoPrice": null,
    "pricePerUnit": "74.0 kg",
    "image": "https://www.jumbo.com/dam-images/fit-in/360x360/Products/23042025_1745374216171_1745374221761_191930_ZK_08712200976604_C1N1.png",
    "available": true,
    "promoUntil": null
  },
  {
    "id": "558570POT",
    "title": "Verstegen World Spice Blend Piri Piri 40 g",
    "category": "Wereldkeukens, kruiden, pasta en rijst",
    "price": 2.96,
    "promoPrice": null,
    "pricePerUnit": "74.0 kg",
    "image": "https://www.jumbo.com/dam-images/fit-in/360x360/Products/02012025_1735828386348_1735828392697_8712200109415_1.png",
    "available": true,
    "promoUntil": null
  },
  {
    "id": "198616STK",
    "title": "NIVEA MEN Fresh Active Anti-Transpirant - Deodorant Roller - 50ml",
    "category": "Drogisterij en baby",
    "price": 5.79,
    "promoPrice": null,
    "pricePerUnit": "115.8 l",
    "image": "https://www.jumbo.com/dam-images/fit-in/360x360/Products/19062025_1750350766402_1750350769585_42345183_1.png",
    "available": true,
    "promoUntil": null
  },
  {
    "id": "82463ZK",
    "title": "Kerriesaus",
    "category": "Wereldkeukens, kruiden, pasta en rijst",
    "price": 2.75,
    "promoPrice": null,
    "pricePerUnit": "9.26 l",
    "image": "https://www.jumbo.com/dam-images/fit-in/360x360/Products/08122023_1702016916022_1702016934402_82463_ZK_08717662262258_C1N1.png",
    "available": true,
    "promoUntil": null
  },
  {
    "id": "310315STK",
    "title": "Lutti Longfizz 200 g",
    "category": "Koek, snoep, chocolade en chips",
    "price": 2.49,
    "promoPrice": null,
    "pricePerUnit": "12.45 kg",
    "image": "https://www.jumbo.com/dam-images/fit-in/360x360/Products/20082023_1692494628521_1692494631955_310315_STK_03116740030393_C1N1.png",
    "available": true,
    "promoUntil": null
  },
  {
    "id": "584576STK",
    "title": "Wahid Kipfilet Naturel 4 x 125g",
    "category": "Vleeswaren, kaas en tapas",
    "price": 9.44,
    "promoPrice": null,
    "pricePerUnit": "None None",
    "image": "https://www.jumbo.com/dam-images/fit-in/360x360/Products/202195361ab8265d-0e7f-48c6-93c5-c8287ea70ed2-1745840731783.png",
    "available": true,
    "promoUntil": null
  },
  {
    "id": "694869DS",
    "title": "Nicorette Freshmint zuigtabletten 4mg",
    "category": "Drogisterij en baby",
    "price": 29.99,
    "promoPrice": null,
    "pricePerUnit": "2.14 pieces",
    "image": "https://www.jumbo.com/dam-images/fit-in/360x360/Products/19062025_1750306490973_1750306497094_694869_DS_03574661812922_C1N1_s01.png",
    "available": true,
    "promoUntil": null
  },
  {
    "id": "340718FLS",
    "title": "Villebois - Petit Villebois - Sauvignon Blanc - 375ML",
    "category": "Bier en wijn",
    "price": 4.49,
    "promoPrice": null,
    "pricePerUnit": "11.97 l",
    "image": "https://www.jumbo.com/dam-images/fit-in/360x360/Products/08042024_1712590511178_1712590514735_3760189782018_1.png",
    "available": true,
    "promoUntil": null
  },
  {
    "id": "672365FLS",
    "title": "NestlÃ© Baby Sap Appel, Mango 6+ Maanden 200 ML",
    "category": "Drogisterij en baby",
    "price": 1.77,
    "promoPrice": null,
    "pricePerUnit": "8.85 l",
    "image": "https://www.jumbo.com/dam-images/fit-in/360x360/Products/11032025_1741658784729_1741658809189_672365_FLS_08445291668034_H1N1_s01.png",
    "available": true,
    "promoUntil": null
  },
  {
    "id": "667144BLK",
    "title": "XOXO Tropical Sparkling Soda 330ML",
    "category": "Frisdrank en sappen",
    "price": 1.79,
    "promoPrice": null,
    "pricePerUnit": "5.42 l",
    "image": "https://www.jumbo.com/dam-images/fit-in/360x360/Products/03062025_1748914103794_1748914110481_667144_BLK_05065015569060_C1N1.png",
    "available": true,
    "promoUntil": null
  },
  {
    "id": "215603STK",
    "title": "Labello Original 4,8 g",
    "category": "Drogisterij en baby",
    "price": 2.99,
    "promoPrice": null,
    "pricePerUnit": "543.64 l",
    "image": "https://www.jumbo.com/dam-images/fit-in/360x360/Products/18092025_1758162909698_1758162910982_215603_STK_00000042438724_C1N1.png",
    "available": true,
    "promoUntil": null
  },
  {
    "id": "703997FLS",
    "title": "Lowlander Wit 330ML",
    "category": "Bier en wijn",
    "price": 2.59,
    "promoPrice": null,
    "pricePerUnit": "7.85 l",
    "image": "https://www.jumbo.com/dam-images/fit-in/360x360/Products/28072025_1753706820836_1753706827726_703997_FLS_08720618787606_C1N1.png",
    "available": true,
    "promoUntil": null
  },
  {
    "id": "699702ZK",
    "title": "Toko Lien Boemboe Bali 100g",
    "category": "Wereldkeukens, kruiden, pasta en rijst",
    "price": 1.69,
    "promoPrice": null,
    "pricePerUnit": "16.9 kg",
    "image": "https://www.jumbo.com/dam-images/fit-in/360x360/Products/19052025_1747641326281_1747641331784_699702_ZK_08712544500039_A1N1.png",
    "available": true,
    "promoUntil": null
  },
  {
    "id": "636008BLK",
    "title": "Moersleutel - Quadrupel - Blik - 440ML",
    "category": "Bier en wijn",
    "price": 4.99,
    "promoPrice": null,
    "pricePerUnit": "11.34 l",
    "image": "https://www.jumbo.com/dam-images/fit-in/360x360/Products/25062025_1750860592374_1750860594649_636008_BLK_08720615265015_C1N1.png",
    "available": true,
    "promoUntil": null
  },
  {
    "id": "212302STK",
    "title": "Verkade Originals Nizza Karamel Zeezout 240 g",
    "category": "Koek, snoep, chocolade en chips",
    "price": 1.87,
    "promoPrice": null,
    "pricePerUnit": "7.79 kg",
    "image": "https://www.jumbo.com/dam-images/fit-in/360x360/Products/19122024_1734608017141_1734608029361_8710412038172_596.png",
    "available": true,
    "promoUntil": null
  },
  {
    "id": "144723STK",
    "title": "Verstegen Kaneel 10 g",
    "category": "Wereldkeukens, kruiden, pasta en rijst",
    "price": 2.19,
    "promoPrice": null,
    "pricePerUnit": "219.0 kg",
    "image": "https://www.jumbo.com/dam-images/fit-in/360x360/Products/12122024_1734014379699_1734014384023_8712200077257_1.png",
    "available": true,
    "promoUntil": null
  },
  {
    "id": "140529BLK",
    "title": "Whiskas Brokjes Rund in Saus",
    "category": "Huishouden en dieren",
    "price": 2.37,
    "promoPrice": null,
    "pricePerUnit": "5.58 l",
    "image": "https://www.jumbo.com/dam-images/fit-in/360x360/Products/15052025_1747274388485_1747274394941_140529_BLK_03065890003651_H1N1.png",
    "available": true,
    "promoUntil": null
  },
  {
    "id": "623896PAK",
    "title": "Wilhelmina Pepermunt 3p Rol Portrait",
    "category": "Koek, snoep, chocolade en chips",
    "price": 1.77,
    "promoPrice": null,
    "pricePerUnit": "14.75 kg",
    "image": "https://www.jumbo.com/dam-images/fit-in/360x360/Products/05072024_1720146355862_1720146373179_623896_PAK_08710559000148_C1N1.png",
    "available": true,
    "promoUntil": null
  },
  {
    "id": "568632ZK",
    "title": "Venco Dubbelzout Hard Zout 120 g",
    "category": "Koek, snoep, chocolade en chips",
    "price": 1.89,
    "promoPrice": null,
    "pricePerUnit": "15.75 kg",
    "image": "https://www.jumbo.com/dam-images/fit-in/360x360/Products/30042024_1714487589104_1714487592814_8714200220077_1.png",
    "available": true,
    "promoUntil": null
  },
  {
    "id": "703815FLS",
    "title": "Zwitsal Zeepvrije Wasgel Baby 200 ml",
    "category": "Drogisterij en baby",
    "price": 4.29,
    "promoPrice": null,
    "pricePerUnit": "21.45 l",
    "image": "https://www.jumbo.com/dam-images/fit-in/360x360/Products/12092025_1757641832211_1757641859088_703815_FLS_08720181647192_H1N1.png",
    "available": true,
    "promoUntil": null
  },
  {
    "id": "148639TUB",
    "title": "Zwitsal Baby Zinkzalf 100 ml",
    "category": "Drogisterij en baby",
    "price": 6.99,
    "promoPrice": null,
    "pricePerUnit": "69.9 l",
    "image": "https://www.jumbo.com/dam-images/fit-in/360x360/Products/21052024_1716253436544_1716253458938_148639_TUB_08720181172724_C1N1.png",
    "available": true,
    "promoUntil": null
  },
  {
    "id": "688524FLS",
    "title": "Robijn Wasverzachter Kokos Sensation 765ML",
    "category": "Huishouden en dieren",
    "price": 7.29,
    "promoPrice": null,
    "pricePerUnit": "0.19 wb",
    "image": "https://www.jumbo.com/dam-images/fit-in/360x360/Products/16082025_1755307332947_1755307346690_688524_FLS_08720181633157_C1N1.png",
    "available": true,
    "promoUntil": null
  },
  {
    "id": "600114FLS",
    "title": "Klein Geluk - Merlot - 750 ml",
    "category": "Bier en wijn",
    "price": 5.99,
    "promoPrice": null,
    "pricePerUnit": "7.99 l",
    "image": "https://www.jumbo.com/dam-images/fit-in/360x360/Products/02022024_1706870103834_1706870106107_6009803218708_1.png",
    "available": true,
    "promoUntil": null
  },
  {
    "id": "442810DS",
    "title": "Libresse Extra Protecton Extra Long 20 Stuks",
    "category": "Drogisterij en baby",
    "price": 2.89,
    "promoPrice": null,
    "pricePerUnit": "0.14 pieces",
    "image": "https://www.jumbo.com/dam-images/fit-in/360x360/Products/09082023_1691588747141_1691588755261_7322541238296_1.png",
    "available": true,
    "promoUntil": null
  },
  {
    "id": "507990FLS",
    "title": "Tripel Karmeliet - Fles - 750ML",
    "category": "Bier en wijn",
    "price": 5.89,
    "promoPrice": null,
    "pricePerUnit": "7.85 l",
    "image": "https://www.jumbo.com/dam-images/fit-in/360x360/Products/09082023_1691585362177_1691585369692_5410693100553_1.png",
    "available": true,
    "promoUntil": null
  },
  {
    "id": "718901DS",
    "title": "Royal Club 0% Suiker Tonic Classic 4x250ML",
    "category": "Frisdrank en sappen",
    "price": 3.39,
    "promoPrice": null,
    "pricePerUnit": "3.39 l",
    "image": "https://www.jumbo.com/dam-images/fit-in/360x360/Products/08715600251395C1N15f9979c5-6a6c-45c5-a64f-b6db0751dd01-1757947003148.png",
    "available": true,
    "promoUntil": null
  },
  {
    "id": "288328STK",
    "title": "SchÃ¤r Salinis  Glutenvrij 60 g",
    "category": "Koek, snoep, chocolade en chips",
    "price": 1.36,
    "promoPrice": null,
    "pricePerUnit": "22.67 kg",
    "image": "https://www.jumbo.com/dam-images/fit-in/360x360/Products/22042025_1745310767103_1745310772269_8008698002070_1.png",
    "available": true,
    "promoUntil": null
  },
  {
    "id": "359263ZK",
    "title": "Look-O-Look Salmiakknotsen 13 stuks",
    "category": "Koek, snoep, chocolade en chips",
    "price": 2.34,
    "promoPrice": null,
    "pricePerUnit": "17.21 kg",
    "image": "https://www.jumbo.com/dam-images/fit-in/360x360/Products/07072025_1751902634508_1751902638859_8713600099047_1.png",
    "available": true,
    "promoUntil": null
  },
  {
    "id": "544334FLS",
    "title": "Leon Vatan - Touraine - Sauvignon Blanc - 750 ML",
    "category": "Bier en wijn",
    "price": 9.99,
    "promoPrice": null,
    "pricePerUnit": "13.32 l",
    "image": "https://www.jumbo.com/dam-images/fit-in/360x360/Products/09082023_1691596459310_1691596463482_3760189782155_1.png",
    "available": true,
    "promoUntil": null
  },
  {
    "id": "433406FLS",
    "title": "Lindeboom - Gouverneur Speciale 140 - Fles 300ML",
    "category": "Bier en wijn",
    "price": 1.89,
    "promoPrice": null,
    "pricePerUnit": "6.3 l",
    "image": "https://www.jumbo.com/dam-images/fit-in/360x360/Products/20092025_1758331594937_1758331597649_433406_FLS_00000087274578_C1N1.png",
    "available": true,
    "promoUntil": null
  },
  {
    "id": "580558FLS",
    "title": "Mas de Montbrun - Corbieres - 750ML",
    "category": "Bier en wijn",
    "price": 6.99,
    "promoPrice": null,
    "pricePerUnit": "9.32 l",
    "image": "https://www.jumbo.com/dam-images/fit-in/360x360/Products/580558FLSaward2767b2bc-7e70-4a05-b424-7047f368a5f4-1707224316248.png",
    "available": true,
    "promoUntil": null
  },
  {
    "id": "172232POT",
    "title": "Olvarit 12+ Maanden Tomaat Kip Rijst 250g",
    "category": "Drogisterij en baby",
    "price": 1.73,
    "promoPrice": null,
    "pricePerUnit": "6.92 kg",
    "image": "https://www.jumbo.com/dam-images/fit-in/360x360/Products/10112023_1699608791185_1699608801057_5900852926419_1.png",
    "available": true,
    "promoUntil": null
  },
  {
    "id": "627846ZK",
    "title": "Vanish Oxi Action Wasbooster Poeder - Vlekverwijderaar Voor Gekleurde Was - 250 g",
    "category": "Huishouden en dieren",
    "price": 4.99,
    "promoPrice": null,
    "pricePerUnit": "19.96 kg",
    "image": "https://www.jumbo.com/dam-images/fit-in/360x360/Products/27062025_1750990850473_1750990854322_627846_ZK_04251758407092_A1N1.png",
    "available": true,
    "promoUntil": null
  },
  {
    "id": "485112BLK",
    "title": "Robijn Dry Wash Spray Zwitsal 200 ml",
    "category": "Huishouden en dieren",
    "price": 10.89,
    "promoPrice": null,
    "pricePerUnit": "54.45 l",
    "image": "https://www.jumbo.com/dam-images/fit-in/360x360/Products/21052025_1747792214441_1747792275553_485112_BLK_08720181239649_H1N1.png",
    "available": true,
    "promoUntil": null
  },
  {
    "id": "673393BLK",
    "title": "Viper Hard Seltzer Peach 250ML",
    "category": "Bier en wijn",
    "price": 2.19,
    "promoPrice": null,
    "pricePerUnit": "8.76 l",
    "image": "https://www.jumbo.com/dam-images/fit-in/360x360/Products/17092025_1758073539112_1758073547280_673393_BLK_08716700019564_H1N1.png",
    "available": true,
    "promoUntil": null
  },
  {
    "id": "644718DS",
    "title": "Waterdrop Focus Microdrink 12 Stuks",
    "category": "Frisdrank en sappen",
    "price": 6.99,
    "promoPrice": null,
    "pricePerUnit": "0.58 pieces",
    "image": "https://www.jumbo.com/dam-images/fit-in/360x360/Products/08082024_1723095839976_1723095845118_644718_DS_09120117505548_C1N1.png",
    "available": true,
    "promoUntil": null
  },
  {
    "id": "624053FLS",
    "title": "Smaakt Bio Tomatensap 750 ml",
    "category": "Frisdrank en sappen",
    "price": 2.69,
    "promoPrice": null,
    "pricePerUnit": "3.59 l",
    "image": "https://www.jumbo.com/dam-images/fit-in/360x360/Products/14082025_1755167581771_1755167585885_8718469779277_1.png",
    "available": true,
    "promoUntil": null
  },
  {
    "id": "157072PAK",
    "title": "Smint Clean Breath Intense Mint Suikervrij Duopack 2 x 50 stuks ",
    "category": "Koek, snoep, chocolade en chips",
    "price": 4.94,
    "promoPrice": null,
    "pricePerUnit": "70.57 kg",
    "image": "https://www.jumbo.com/dam-images/fit-in/360x360/Products/07072025_1751902633462_1751902638756_8713600637997_1.png",
    "available": true,
    "promoUntil": null
  },
  {
    "id": "187637DS",
    "title": "Mora Mini's Rundvlees Bitterballen 12 x 20 g",
    "category": "Diepvries",
    "price": 2.89,
    "promoPrice": null,
    "pricePerUnit": "12.04 kg",
    "image": "https://www.jumbo.com/dam-images/fit-in/360x360/Products/14032024_1710386106232_1710386118091_187637_DS_08710861999338_C1N1_s03.png",
    "available": true,
    "promoUntil": null
  },
  {
    "id": "417707BLK",
    "title": "La Chinata Smoked Paprika Powder 70 g",
    "category": "Wereldkeukens, kruiden, pasta en rijst",
    "price": 4.39,
    "promoPrice": null,
    "pricePerUnit": "62.71 kg",
    "image": "https://www.jumbo.com/dam-images/fit-in/360x360/Products/08122023_1702022640273_1702022646706_417707_BLK_08421401201209_C1N1.png",
    "available": true,
    "promoUntil": null
  },
  {
    "id": "570836STK",
    "title": "Lutti Jack'gom Parijse Gom 500 g",
    "category": "Koek, snoep, chocolade en chips",
    "price": 5.73,
    "promoPrice": null,
    "pricePerUnit": "11.46 kg",
    "image": "https://www.jumbo.com/dam-images/fit-in/360x360/Products/24092025_1758679056368_1758679062205_570836_STK_05410057790109_C1N1.png",
    "available": true,
    "promoUntil": null
  },
  {
    "id": "509539ZK",
    "title": "McVitie's Cracker Crisps Thai Sweet Chilli Flavour 110g",
    "category": "Koek, snoep, chocolade en chips",
    "price": 2.27,
    "promoPrice": null,
    "pricePerUnit": "20.64 kg",
    "image": "https://www.jumbo.com/dam-images/fit-in/360x360/Products/12092023_1694483659219_1694483662408_509539_ZK_05000396053340_C1N1.png",
    "available": true,
    "promoUntil": null
  },
  {
    "id": "49694DS",
    "title": "Original Wagner Sensazione Salame 320 g",
    "category": "Diepvries",
    "price": 3.99,
    "promoPrice": null,
    "pricePerUnit": "12.47 kg",
    "image": "https://www.jumbo.com/dam-images/fit-in/360x360/Products/27082024_1724728288745_1724728319221_49694_DS_04009233016808_C1N1_s05.png",
    "available": true,
    "promoUntil": null
  },
  {
    "id": "586733PKL",
    "title": "Nestlï¿½ LITTLE STEPS 1 Zuigelingenmelk Standaard 0-6 maanden 800 g",
    "category": "Drogisterij en baby",
    "price": 26.72,
    "promoPrice": null,
    "pricePerUnit": "16.7 kg",
    "image": "https://www.jumbo.com/dam-images/fit-in/360x360/Products/586733PKL18e9a10a6-1020-424f-9e5a-11eca86ca6fc-1710857217640.png",
    "available": true,
    "promoUntil": null
  },
  {
    "id": "568862POT",
    "title": "Sportlife Smashmint Suikervrije kauwgom 52 g",
    "category": "Koek, snoep, chocolade en chips",
    "price": 2.99,
    "promoPrice": null,
    "pricePerUnit": "57.5 kg",
    "image": "https://www.jumbo.com/dam-images/fit-in/360x360/Products/28052025_1748442791766_1748442799547_8711400409332_1.png",
    "available": true,
    "promoUntil": null
  },
  {
    "id": "699701ZK",
    "title": "Toko Lien Boemboe Bami Goreng 100g",
    "category": "Wereldkeukens, kruiden, pasta en rijst",
    "price": 1.69,
    "promoPrice": null,
    "pricePerUnit": "16.9 kg",
    "image": "https://www.jumbo.com/dam-images/fit-in/360x360/Products/19052025_1747641207661_1747641212621_699701_ZK_08712544500022_A1N1.png",
    "available": true,
    "promoUntil": null
  },
  {
    "id": "171464POT",
    "title": "Olvarit 4+ Maanden Banaan 125g",
    "category": "Drogisterij en baby",
    "price": 1.08,
    "promoPrice": null,
    "pricePerUnit": "8.64 kg",
    "image": "https://www.jumbo.com/dam-images/fit-in/360x360/Products/21082023_1692624842945_1692624852704_8591119001962_1.png",
    "available": true,
    "promoUntil": null
  },
  {
    "id": "558575ZK",
    "title": "Verstegen Kruidenmix voor Lasagne 30 g",
    "category": "Wereldkeukens, kruiden, pasta en rijst",
    "price": 1.56,
    "promoPrice": null,
    "pricePerUnit": "52.0 kg",
    "image": "https://www.jumbo.com/dam-images/fit-in/360x360/Products/14022024_1707872667533_1707872680806_8712200109651_1.png",
    "available": true,
    "promoUntil": null
  },
  {
    "id": "173942ZK",
    "title": "Sanature 100% Katoenen Inlegkruisjes Normal 24 Stuks",
    "category": "Drogisterij en baby",
    "price": 3.69,
    "promoPrice": null,
    "pricePerUnit": "0.15 pieces",
    "image": "https://www.jumbo.com/dam-images/fit-in/360x360/Products/09082023_1691592171854_1691592177917_8717677380244_1.png",
    "available": true,
    "promoUntil": null
  },
  {
    "id": "433140FLS",
    "title": "Scheldebrouwerij - Fris Blond - Strandgaper - Fles - 330ML",
    "category": "Bier en wijn",
    "price": 2.49,
    "promoPrice": null,
    "pricePerUnit": "7.55 l",
    "image": "https://www.jumbo.com/dam-images/fit-in/360x360/Products/20092025_1758338012708_1758338015009_433140_FLS_08715951001281_C1N1.png",
    "available": true,
    "promoUntil": null
  },
  {
    "id": "633405POT",
    "title": "Olvarit Little Wonders mini muesli",
    "category": "Drogisterij en baby",
    "price": 2.66,
    "promoPrice": null,
    "pricePerUnit": "10.64 kg",
    "image": "https://www.jumbo.com/dam-images/fit-in/360x360/Products/14082025_1755139997966_1755140022369_633405_POT_08712400120098_A1N1.png",
    "available": true,
    "promoUntil": null
  },
  {
    "id": "686246STK",
    "title": "Swirl Geparfumeerd 5 L 45 Stuks",
    "category": "Huishouden en dieren",
    "price": 2.96,
    "promoPrice": null,
    "pricePerUnit": "0.07 pieces",
    "image": "https://www.jumbo.com/dam-images/fit-in/360x360/Products/12032025_1741807987576_1741807994754_4008871215772_1.png",
    "available": true,
    "promoUntil": null
  },
  {
    "id": "703714ZK",
    "title": "Knorr Maaltijdmix Kip Madras 80 g",
    "category": "Wereldkeukens, kruiden, pasta en rijst",
    "price": 1.95,
    "promoPrice": null,
    "pricePerUnit": "24.38 kg",
    "image": "https://www.jumbo.com/dam-images/fit-in/360x360/Products/30072025_1753889674240_1753889681842_8721201971792_1.png",
    "available": true,
    "promoUntil": null
  },
  {
    "id": "645609ZK",
    "title": "Royal Mediterranean Funghi Porcini Gedroogd 15 g",
    "category": "Wereldkeukens, kruiden, pasta en rijst",
    "price": 2.86,
    "promoPrice": null,
    "pricePerUnit": "190.67 kg",
    "image": "https://www.jumbo.com/dam-images/fit-in/360x360/Products/29102024_1730194386226_1730194393041_5201194600204_1.png",
    "available": true,
    "promoUntil": null
  },
  {
    "id": "524682FLS",
    "title": "Melitta Vloeibare Ontkalker voor Koffiezetapparaten en Waterkokers 250ML",
    "category": "Huishouden en dieren",
    "price": 2.49,
    "promoPrice": null,
    "pricePerUnit": "9.96 l",
    "image": "https://www.jumbo.com/dam-images/fit-in/360x360/Products/25062025_1750876386801_1750876391374_4006508192618_1.png",
    "available": true,
    "promoUntil": null
  },
  {
    "id": "693585BLK",
    "title": "Kult Water Kefir MatÃ© 33 cl",
    "category": "Frisdrank en sappen",
    "price": 1.99,
    "promoPrice": null,
    "pricePerUnit": "6.03 l",
    "image": "https://www.jumbo.com/dam-images/fit-in/360x360/Products/03062025_1748961306947_1748961312435_5430004474036_1.png",
    "available": true,
    "promoUntil": null
  },
  {
    "id": "617466POT",
    "title": "Paturain Vegan  Knoflijk & Fijne Kruiden 140g",
    "category": "Vleeswaren, kaas en tapas",
    "price": 3.19,
    "promoPrice": null,
    "pricePerUnit": "22.79 kg",
    "image": "https://www.jumbo.com/dam-images/fit-in/360x360/Products/04062025_1749001432378_1749001448959_617466_POT_03272770016834_C1N1_s12.png",
    "available": true,
    "promoUntil": null
  },
  {
    "id": "563608STK",
    "title": "Jumbo Zero Sugar Cola Vanilla Blik 6 x 330 ml",
    "category": "Frisdrank en sappen",
    "price": 3.3,
    "promoPrice": null,
    "pricePerUnit": "None None",
    "image": "https://www.jumbo.com/dam-images/fit-in/360x360/Products/563608_20221911_1_T1_563608STK1691077057929.png",
    "available": true,
    "promoUntil": null
  },
  {
    "id": "675378STK",
    "title": "Kijkdoos",
    "category": "Non-food en servicebalie",
    "price": 2.99,
    "promoPrice": null,
    "pricePerUnit": "2.99 pieces",
    "image": "https://www.jumbo.com/dam-images/fit-in/360x360/Products/01072025_1751380370892_1751380378058_8721225775192_1.png",
    "available": true,
    "promoUntil": null
  },
  {
    "id": "682398DS",
    "title": "Koeckebackers Caramel Zeezout Cookie 132 g",
    "category": "Koek, snoep, chocolade en chips",
    "price": 2.69,
    "promoPrice": null,
    "pricePerUnit": "20.38 kg",
    "image": "https://www.jumbo.com/dam-images/fit-in/360x360/Products/11072025_1752198841600_1752198845998_682398_DS_08719324508070_C1N1.png",
    "available": true,
    "promoUntil": null
  },
  {
    "id": "659708BLK",
    "title": "Kult Sparkling Water Kefir Passion & Hops 33 cl",
    "category": "Frisdrank en sappen",
    "price": 2.29,
    "promoPrice": null,
    "pricePerUnit": "6.94 l",
    "image": "https://www.jumbo.com/dam-images/fit-in/360x360/Products/14032025_1741955565979_1741955572481_5419980250407_1.png",
    "available": true,
    "promoUntil": null
  },
  {
    "id": "62405PAK",
    "title": "Maaza Tropical Fruit Drink 1 L",
    "category": "Frisdrank en sappen",
    "price": 2.09,
    "promoPrice": null,
    "pricePerUnit": "2.09 l",
    "image": "https://www.jumbo.com/dam-images/fit-in/360x360/Products/07032025_1741323433476_1741323443774_62405_PAK_08718226323026_C1N1.png",
    "available": true,
    "promoUntil": null
  },
  {
    "id": "356105POT",
    "title": "Olvarit 18+ Maanden Spaghetti Tomaat Ham 250g",
    "category": "Drogisterij en baby",
    "price": 1.73,
    "promoPrice": null,
    "pricePerUnit": "6.92 kg",
    "image": "https://www.jumbo.com/dam-images/fit-in/360x360/Products/07112023_1699353425872_1699353435321_5900852044618_1.png",
    "available": true,
    "promoUntil": null
  },
  {
    "id": "628240BLS",
    "title": "Prodent Kids 0-6 jaar Tandenborstel Super Mario 1 stuk",
    "category": "Drogisterij en baby",
    "price": 3.99,
    "promoPrice": null,
    "pricePerUnit": "3.99 pieces",
    "image": "https://www.jumbo.com/dam-images/fit-in/360x360/Products/09082025_1754702329667_1754702430452_628240_BLS_08720181502859_H1N1.png",
    "available": true,
    "promoUntil": null
  },
  {
    "id": "578653ZK",
    "title": "Olvarit Knijpfruit Peer Banaan 6+ Maanden 100 g",
    "category": "Drogisterij en baby",
    "price": 1.14,
    "promoPrice": null,
    "pricePerUnit": "11.4 kg",
    "image": "https://www.jumbo.com/dam-images/fit-in/360x360/Products/10012025_1736478899965_1736478902660_578653_ZK_05900852060847_H1N1.png",
    "available": true,
    "promoUntil": null
  },
  {
    "id": "226506STK",
    "title": "Pedigree Ranchos Jerkies Rund 70g",
    "category": "Huishouden en dieren",
    "price": 3.19,
    "promoPrice": null,
    "pricePerUnit": "45.57 kg",
    "image": "https://www.jumbo.com/dam-images/fit-in/360x360/Products/16052025_1747365801327_1747365808278_226506_STK_04008429105159_H1N1.png",
    "available": true,
    "promoUntil": null
  },
  {
    "id": "663450BLK",
    "title": "PerfectTed Matcha Energy Apple Raspberry 250ML",
    "category": "Frisdrank en sappen",
    "price": 1.69,
    "promoPrice": null,
    "pricePerUnit": "6.76 l",
    "image": "https://www.jumbo.com/dam-images/fit-in/360x360/Products/05060941970287A1N114d676aa-a19f-47b2-98da-6a270dbd83f5-1734608507108.png",
    "available": true,
    "promoUntil": null
  },
  {
    "id": "687756ZK",
    "title": "Pom-BÃ¤r Original Aardappelsnack 30 g",
    "category": "Koek, snoep, chocolade en chips",
    "price": 0.6,
    "promoPrice": null,
    "pricePerUnit": "20.0 kg",
    "image": "https://www.jumbo.com/dam-images/fit-in/360x360/Products/04072025_1751650444046_1751650451230_8710532474850_1.png",
    "available": true,
    "promoUntil": null
  },
  {
    "id": "142201ZK",
    "title": "Kindly's Zoete Herinneringen Boterwafeltjes 200 g",
    "category": "Koek, snoep, chocolade en chips",
    "price": 2.45,
    "promoPrice": null,
    "pricePerUnit": "13.61 kg",
    "image": "https://www.jumbo.com/dam-images/fit-in/360x360/Products/15122023_1702614483841_1702614489708_142201_ZK_08712514099525_C1N1.png",
    "available": true,
    "promoUntil": null
  },
  {
    "id": "493130ZK",
    "title": "Rummo Fusilli â 48 300 g",
    "category": "Wereldkeukens, kruiden, pasta en rijst",
    "price": 3.99,
    "promoPrice": null,
    "pricePerUnit": "13.3 kg",
    "image": "https://www.jumbo.com/dam-images/fit-in/360x360/Products/10082023_1691676799609_1691676810741_8008343810487_1.png",
    "available": true,
    "promoUntil": null
  },
  {
    "id": "142878POT",
    "title": "Santa Maria Rock Salt 140 g",
    "category": "Wereldkeukens, kruiden, pasta en rijst",
    "price": 5.76,
    "promoPrice": null,
    "pricePerUnit": "41.14 kg",
    "image": "https://www.jumbo.com/dam-images/fit-in/360x360/Products/13092025_1757730695908_1757730704611_142878_POT_.png",
    "available": true,
    "promoUntil": null
  },
  {
    "id": "623058STK",
    "title": "Sore Baby Mais Fingers fruitsmaken 4 x 35g",
    "category": "Drogisterij en baby",
    "price": 6.9,
    "promoPrice": null,
    "pricePerUnit": "None None",
    "image": "https://www.jumbo.com/dam-images/fit-in/360x360/Products/623058STK11c4d1acd-8c99-47c0-a559-6dc92e2b995a-1712647078674.png",
    "available": true,
    "promoUntil": null
  },
  {
    "id": "456086STK",
    "title": "Wyngaard AffinÃ© Truffel Kaas 48+ 150 g",
    "category": "Vleeswaren, kaas en tapas",
    "price": 3.95,
    "promoPrice": null,
    "pricePerUnit": "26.33 kg",
    "image": "https://www.jumbo.com/dam-images/fit-in/360x360/Products/10082023_1691675001314_1691675042212_8714529001814_1.png",
    "available": true,
    "promoUntil": null
  },
  {
    "id": "634489ZK",
    "title": "Knorr Spaghetteria Pastagerecht Formaggio 163 g",
    "category": "Wereldkeukens, kruiden, pasta en rijst",
    "price": 2.59,
    "promoPrice": null,
    "pricePerUnit": "15.89 kg",
    "image": "https://www.jumbo.com/dam-images/fit-in/360x360/Products/20042025_1745112056183_1745112144536_634489_ZK_08720182461551_H1N1.png",
    "available": true,
    "promoUntil": null
  },
  {
    "id": "476115DS",
    "title": "Nicotinell Pleister TTS30, helpt je te stoppen met roken 21mg, 7 stuks",
    "category": "Drogisterij en baby",
    "price": 24.99,
    "promoPrice": null,
    "pricePerUnit": "3.57 pieces",
    "image": "https://www.jumbo.com/dam-images/fit-in/360x360/Products/24092025_1758672108726_1758672118455_8712995010019_1.png",
    "available": true,
    "promoUntil": null
  },
  {
    "id": "705645BLS",
    "title": "Varta Knoopcel CR2430 Lithium 2 Stuks",
    "category": "Non-food en servicebalie",
    "price": 6.59,
    "promoPrice": null,
    "pricePerUnit": "3.3 pieces",
    "image": "https://www.jumbo.com/dam-images/fit-in/360x360/Products/18062025_1750252718206_1750252720937_705645_BLS_04008496747191_C1N1.png",
    "available": true,
    "promoUntil": null
  },
  {
    "id": "49690STK",
    "title": "Original Wagner Sensazione Mozzarella met Kerstomaten 350 g",
    "category": "Diepvries",
    "price": 3.99,
    "promoPrice": null,
    "pricePerUnit": "11.4 kg",
    "image": "https://www.jumbo.com/dam-images/fit-in/360x360/Products/24092025_1758679871902_1758679898527_49690_STK_.png",
    "available": true,
    "promoUntil": null
  },
  {
    "id": "609202ZK",
    "title": "Verkade Specials Bites Chocolade Cake",
    "category": "Koek, snoep, chocolade en chips",
    "price": 2.96,
    "promoPrice": null,
    "pricePerUnit": "18.97 kg",
    "image": "https://www.jumbo.com/dam-images/fit-in/360x360/Products/04012025_1735957424953_1735957430305_609202_ZK_08710412043886_H1N1.png",
    "available": true,
    "promoUntil": null
  },
  {
    "id": "437125ZK",
    "title": "Verstegen Ketoembar Gemalen Kleinverpakking 5 g",
    "category": "Wereldkeukens, kruiden, pasta en rijst",
    "price": 0.99,
    "promoPrice": null,
    "pricePerUnit": "198.0 kg",
    "image": "https://www.jumbo.com/dam-images/fit-in/360x360/Products/09082023_1691588550253_1691588566287_8712200090799_1.png",
    "available": true,
    "promoUntil": null
  },
  {
    "id": "473610STK",
    "title": "Strepsils Aardbei suikervrij zuigtabletten bij keelpijn, 24 stuks",
    "category": "Drogisterij en baby",
    "price": 7.99,
    "promoPrice": null,
    "pricePerUnit": "0.33 pieces",
    "image": "https://www.jumbo.com/dam-images/fit-in/360x360/Products/24092025_1758672136260_1758672145909_5410036301425_1.png",
    "available": true,
    "promoUntil": null
  },
  {
    "id": "700581FLS",
    "title": "Syoss Shampoo Oleo 440 ML",
    "category": "Drogisterij en baby",
    "price": 7.49,
    "promoPrice": null,
    "pricePerUnit": "17.02 l",
    "image": "https://www.jumbo.com/dam-images/fit-in/360x360/Products/23052025_1747982987046_1747982990255_700581_FLS_05410091775483_C1N1.png",
    "available": true,
    "promoUntil": null
  },
  {
    "id": "686980ZK",
    "title": "Rewind Cheese & Onion Thin and Crispy Corn Chips 160 g",
    "category": "Koek, snoep, chocolade en chips",
    "price": 1.89,
    "promoPrice": null,
    "pricePerUnit": "11.81 kg",
    "image": "https://www.jumbo.com/dam-images/fit-in/360x360/Products/13092025_1757729749443_1757729757784_686980_ZK_07311312009159_C1N1.png",
    "available": true,
    "promoUntil": null
  },
  {
    "id": "709469STK",
    "title": "Whiskas Adult Kattenbrokken Tonijn zak 7 kg",
    "category": "Huishouden en dieren",
    "price": 27.99,
    "promoPrice": null,
    "pricePerUnit": "4.0 kg",
    "image": "https://www.jumbo.com/dam-images/fit-in/360x360/Products/11072025_1752258784974_1752258800845_5900951299209_596.png",
    "available": true,
    "promoUntil": null
  },
  {
    "id": "695634ZK",
    "title": "Pom-BÃ¤r Ketchup Style 90 g",
    "category": "Koek, snoep, chocolade en chips",
    "price": 1.99,
    "promoPrice": null,
    "pricePerUnit": "22.11 kg",
    "image": "https://www.jumbo.com/dam-images/fit-in/360x360/Products/30062025_1751272426565_1751272432953_8710532476793_1.png",
    "available": true,
    "promoUntil": null
  },
  {
    "id": "705629DS",
    "title": "Pedigree Adult Maaltijdzakjes - ProteÃ¯ne+ Selectie in gelei - Hondenvoer - 12 x 85 g",
    "category": "Huishouden en dieren",
    "price": 6.62,
    "promoPrice": null,
    "pricePerUnit": "6.49 kg",
    "image": "https://www.jumbo.com/dam-images/fit-in/360x360/Products/18062025_1750271667355_1750271687374_5900951318962_596.png",
    "available": true,
    "promoUntil": null
  },
  {
    "id": "646189ZK",
    "title": "Jumbo's FiÃ«sta Kruidenmix 15 g",
    "category": "Wereldkeukens, kruiden, pasta en rijst",
    "price": 0.79,
    "promoPrice": null,
    "pricePerUnit": "52.67 kg",
    "image": "https://www.jumbo.com/dam-images/fit-in/360x360/Products/26092024_1727361164262_1727361176439_8718452814084_1.png",
    "available": true,
    "promoUntil": null
  },
  {
    "id": "50595STK",
    "title": "Saitaku Sushi Ginger 190 g",
    "category": "Wereldkeukens, kruiden, pasta en rijst",
    "price": 3.95,
    "promoPrice": null,
    "pricePerUnit": "35.91 kg",
    "image": "https://www.jumbo.com/dam-images/fit-in/360x360/Products/08032025_1741400446867_1741400452302_50595_STK_05060194790731_C1N1.png",
    "available": true,
    "promoUntil": null
  },
  {
    "id": "478441POT",
    "title": "Little Maryam Risotto Party Risotto met Kip 8+ Maanden 190 g",
    "category": "Drogisterij en baby",
    "price": 1.89,
    "promoPrice": null,
    "pricePerUnit": "9.95 kg",
    "image": "https://www.jumbo.com/dam-images/fit-in/360x360/Products/05032024_1709649320823_1709649341644_8720299444423_1.png",
    "available": true,
    "promoUntil": null
  },
  {
    "id": "714832STK",
    "title": "Nalys Wish Keukenpapier 2 Rollen",
    "category": "Huishouden en dieren",
    "price": 4.99,
    "promoPrice": null,
    "pricePerUnit": "2.5 pieces",
    "image": "https://www.jumbo.com/dam-images/fit-in/360x360/Products/20082025_1755689752333_1755689757951_714832_STK_05414913001545_C1N1.png",
    "available": true,
    "promoUntil": null
  },
  {
    "id": "606554ZK",
    "title": "Pedigree Adult - Hondenbrokken - Rund en Groenten Hondenvoer - 1.4kg",
    "category": "Huishouden en dieren",
    "price": 5.44,
    "promoPrice": null,
    "pricePerUnit": "3.89 kg",
    "image": "https://www.jumbo.com/dam-images/fit-in/360x360/Products/26032024_1711445597130_1711445614890_4008429163647_596.png",
    "available": true,
    "promoUntil": null
  },
  {
    "id": "626653STK",
    "title": "Olvarit 12+ Maanden Knijpfruit  Appel Abrikoos Cashew 100g",
    "category": "Drogisterij en baby",
    "price": 1.14,
    "promoPrice": null,
    "pricePerUnit": "11.4 kg",
    "image": "https://www.jumbo.com/dam-images/fit-in/360x360/Products/25042024_1714073587543_1714073589690_8712400120050_1.png",
    "available": true,
    "promoUntil": null
  },
  {
    "id": "544589ZK",
    "title": "Klene Drop Steekpenningen 210g",
    "category": "Koek, snoep, chocolade en chips",
    "price": 2.66,
    "promoPrice": null,
    "pricePerUnit": "12.67 kg",
    "image": "https://www.jumbo.com/dam-images/fit-in/360x360/Products/07072025_1751902619205_1751902623350_8723400799030_1.png",
    "available": true,
    "promoUntil": null
  },
  {
    "id": "451465PAK",
    "title": "Ritter Sport Rozijn Hazelnoot 100 g",
    "category": "Koek, snoep, chocolade en chips",
    "price": 1.97,
    "promoPrice": null,
    "pricePerUnit": "19.7 kg",
    "image": "https://www.jumbo.com/dam-images/fit-in/360x360/Products/02062025_1748827680165_1748827696097_451465_PAK_04000417022004_C1N1.png",
    "available": true,
    "promoUntil": null
  },
  {
    "id": "624135ZK",
    "title": "Smaakt Bio Cashewnoten 200 g",
    "category": "Koek, snoep, chocolade en chips",
    "price": 4.89,
    "promoPrice": null,
    "pricePerUnit": "24.45 kg",
    "image": "https://www.jumbo.com/dam-images/fit-in/360x360/Products/04092025_1756999992199_1756999998505_8718215063377_1.png",
    "available": true,
    "promoUntil": null
  },
  {
    "id": "667146BLK",
    "title": "XOXO Watermelon Sparkling Soda 330ML",
    "category": "Frisdrank en sappen",
    "price": 1.79,
    "promoPrice": null,
    "pricePerUnit": "5.42 l",
    "image": "https://www.jumbo.com/dam-images/fit-in/360x360/Products/03122024_1733227892533_1733227895861_667146_BLK_05065015569022_C1N1.png",
    "available": true,
    "promoUntil": null
  },
  {
    "id": "162437FLS",
    "title": "Panda Oyster Sauce",
    "category": "Wereldkeukens, kruiden, pasta en rijst",
    "price": 2.96,
    "promoPrice": null,
    "pricePerUnit": "11.61 kg",
    "image": "https://www.jumbo.com/dam-images/fit-in/360x360/Products/26052025_1748223295892_1748223301852_162437_FLS_00078895300017_C1N1.png",
    "available": true,
    "promoUntil": null
  },
  {
    "id": "528967POT",
    "title": "Verstegen Keukengoud het Alternatief voor Zout 145 g",
    "category": "Wereldkeukens, kruiden, pasta en rijst",
    "price": 4.4,
    "promoPrice": null,
    "pricePerUnit": "30.34 kg",
    "image": "https://www.jumbo.com/dam-images/fit-in/360x360/Products/30012024_1706581080955_1706581085916_528967_POT_08712200105806_C1N1.png",
    "available": true,
    "promoUntil": null
  },
  {
    "id": "143039POT",
    "title": "Verstegen Mix voor Vis 225 g",
    "category": "Wereldkeukens, kruiden, pasta en rijst",
    "price": 4.99,
    "promoPrice": null,
    "pricePerUnit": "22.18 kg",
    "image": "https://www.jumbo.com/dam-images/fit-in/360x360/Products/14032024_1710382714022_1710382719532_143039_POT_08712200059727_H1N1.png",
    "available": true,
    "promoUntil": null
  },
  {
    "id": "143542STK",
    "title": "Verstegen Selderijzout 94 g",
    "category": "Wereldkeukens, kruiden, pasta en rijst",
    "price": 2.96,
    "promoPrice": null,
    "pricePerUnit": "31.49 kg",
    "image": "https://www.jumbo.com/dam-images/fit-in/360x360/Products/30082024_1724990393010_1724990396891_143542_STK_08712200321589_C1N1.png",
    "available": true,
    "promoUntil": null
  },
  {
    "id": "648307STK",
    "title": "Zwangerschapstest basis 2st",
    "category": "Drogisterij en baby",
    "price": 5.99,
    "promoPrice": null,
    "pricePerUnit": "5.99 pieces",
    "image": "https://www.jumbo.com/dam-images/fit-in/360x360/Products/24092025_1758672063363_1758672068950_8712113648087_1.png",
    "available": true,
    "promoUntil": null
  },
  {
    "id": "523728STK",
    "title": "innocent citrus shield 750ml",
    "category": "Frisdrank en sappen",
    "price": 3.49,
    "promoPrice": null,
    "pricePerUnit": "4.65 l",
    "image": "https://www.jumbo.com/dam-images/fit-in/360x360/Products/10042025_1744251518987_1744251522831_523728_STK_05038862133791_C1N1.png",
    "available": true,
    "promoUntil": null
  },
  {
    "id": "565532FLS",
    "title": "Kikkoman Ramen Soup Base 250 ml",
    "category": "Wereldkeukens, kruiden, pasta en rijst",
    "price": 4.45,
    "promoPrice": null,
    "pricePerUnit": "17.8 l",
    "image": "https://www.jumbo.com/dam-images/fit-in/360x360/Products/19042024_1713494670706_1713494673384_565532_FLS_08715035590304_C1N1.png",
    "available": true,
    "promoUntil": null
  },
  {
    "id": "69750POT",
    "title": "Koh Thai Panang curry pasta",
    "category": "Wereldkeukens, kruiden, pasta en rijst",
    "price": 3.55,
    "promoPrice": null,
    "pricePerUnit": "15.78 kg",
    "image": "https://www.jumbo.com/dam-images/fit-in/360x360/Products/08122023_1702001570870_1702001580160_69750_POT_08717662260889_C1N1.png",
    "available": true,
    "promoUntil": null
  },
  {
    "id": "683533ZK",
    "title": "Lutti Scoubifizz Twist Snoepjes 180g",
    "category": "Koek, snoep, chocolade en chips",
    "price": 1.34,
    "promoPrice": null,
    "pricePerUnit": "7.44 kg",
    "image": "",
    "available": true,
    "promoUntil": null
  },
  {
    "id": "706232STK",
    "title": "Mars & Twix ijs",
    "category": "Diepvries",
    "price": 9.98,
    "promoPrice": null,
    "pricePerUnit": "None None",
    "image": "https://www.jumbo.com/dam-images/fit-in/360x360/Products/20058500f0108ae5-37cd-4424-ac01-3ef36dd76842-1750752571037.png",
    "available": true,
    "promoUntil": null
  },
  {
    "id": "705074DS",
    "title": "Sensodyne Complete Protection Whitening 75 ML",
    "category": "Drogisterij en baby",
    "price": 7.29,
    "promoPrice": null,
    "pricePerUnit": "97.2 l",
    "image": "https://www.jumbo.com/dam-images/fit-in/360x360/Products/16062025_1750072501473_1750072503494_705074_DS_05054563243997_C1N1.png",
    "available": true,
    "promoUntil": null
  },
  {
    "id": "700569FLS",
    "title": "Syoss Shampoo Men Power 440 ML",
    "category": "Drogisterij en baby",
    "price": 7.49,
    "promoPrice": null,
    "pricePerUnit": "17.02 l",
    "image": "https://www.jumbo.com/dam-images/fit-in/360x360/Products/23052025_1747982969987_1747982974349_700569_FLS_05410091775568_C1N1.png",
    "available": true,
    "promoUntil": null
  },
  {
    "id": "705304POT",
    "title": "Taft Extreme Freezing Gel 250 ML",
    "category": "Drogisterij en baby",
    "price": 7.99,
    "promoPrice": null,
    "pricePerUnit": "31.96 l",
    "image": "https://www.jumbo.com/dam-images/fit-in/360x360/Products/5410091771058T14064eb9b-dc1b-475d-b492-916d5dc00f96-1752662674393.png",
    "available": true,
    "promoUntil": null
  },
  {
    "id": "635317ZK",
    "title": "Organix Knijpfruit Peer, Banaan & Framboos 4+m 90g",
    "category": "Drogisterij en baby",
    "price": 1.24,
    "promoPrice": null,
    "pricePerUnit": "13.78 kg",
    "image": "https://www.jumbo.com/dam-images/fit-in/360x360/Products/09012025_1736429586718_1736429591481_8713500013327_1.png",
    "available": true,
    "promoUntil": null
  },
  {
    "id": "532993ZK",
    "title": "Rosewood Kipfilet Small 150g",
    "category": "Huishouden en dieren",
    "price": 3.99,
    "promoPrice": null,
    "pricePerUnit": "26.6 kg",
    "image": "https://www.jumbo.com/dam-images/fit-in/360x360/Products/11042025_1744335149669_1744335154459_532993_ZK_08712113454800_C1N1_s01.png",
    "available": true,
    "promoUntil": null
  },
  {
    "id": "433165FLS",
    "title": "Naeckte Brouwers - Naeckte Non Dubbel - Fles - 330ML",
    "category": "Bier en wijn",
    "price": 3.29,
    "promoPrice": null,
    "pricePerUnit": "9.97 l",
    "image": "https://www.jumbo.com/dam-images/fit-in/360x360/Products/09082023_1691588244912_1691588295615_8718781907037_1.png",
    "available": true,
    "promoUntil": null
  },
  {
    "id": "433444FLS",
    "title": "Kleiburg - Siciliaans Wit - Fles - 330ML",
    "category": "Bier en wijn",
    "price": 2.99,
    "promoPrice": null,
    "pricePerUnit": "9.06 l",
    "image": "https://www.jumbo.com/dam-images/fit-in/360x360/Products/09082023_1691588461758_1691588465669_8719324693011_1.png",
    "available": true,
    "promoUntil": null
  },
  {
    "id": "715877STK",
    "title": "XXL Beef Burger 210 g",
    "category": "Verse maaltijden en gemak",
    "price": 3.49,
    "promoPrice": null,
    "pricePerUnit": "16.62 kg",
    "image": "https://www.jumbo.com/dam-images/fit-in/360x360/Products/08052025_1746714771447_1746714781604_4132500003826_1.png",
    "available": true,
    "promoUntil": null
  },
  {
    "id": "558887POT",
    "title": "Verstegen World Spice Meal Kip Madras 52 g",
    "category": "Wereldkeukens, kruiden, pasta en rijst",
    "price": 3.88,
    "promoPrice": null,
    "pricePerUnit": "74.62 kg",
    "image": "https://www.jumbo.com/dam-images/fit-in/360x360/Products/12122024_1734014702119_1734014717123_87291476_1.png",
    "available": true,
    "promoUntil": null
  },
  {
    "id": "426091ZK",
    "title": "Tena Discreet Normal Night Nachtverbanden 10 Stuks",
    "category": "Drogisterij en baby",
    "price": 4.79,
    "promoPrice": null,
    "pricePerUnit": "0.48 pieces",
    "image": "https://www.jumbo.com/dam-images/fit-in/360x360/Products/09042024_1712626482896_1712626485463_426091_ZK_.png",
    "available": true,
    "promoUntil": null
  },
  {
    "id": "369687PAK",
    "title": "Vitakraft Cat Stick Classic Zalm 6 Stuks 36g",
    "category": "Huishouden en dieren",
    "price": 2.56,
    "promoPrice": null,
    "pricePerUnit": "0.43 pieces",
    "image": "https://www.jumbo.com/dam-images/fit-in/360x360/Products/12042025_1744423247386_1744423251171_369687_PAK_.png",
    "available": true,
    "promoUntil": null
  },
  {
    "id": "623495POT",
    "title": "Verstegen Mix voor Kip Pikant 60 g",
    "category": "Wereldkeukens, kruiden, pasta en rijst",
    "price": 2.96,
    "promoPrice": null,
    "pricePerUnit": "49.33 kg",
    "image": "https://www.jumbo.com/dam-images/fit-in/360x360/Products/05092024_1725501767872_1725501774016_623495_POT_08712200116864_C1N1.png",
    "available": true,
    "promoUntil": null
  },
  {
    "id": "694668DS",
    "title": "Lindt Lindor Cornet Silver Chocoladebonbons 200g",
    "category": "Koek, snoep, chocolade en chips",
    "price": 9.89,
    "promoPrice": null,
    "pricePerUnit": "49.45 kg",
    "image": "https://www.jumbo.com/dam-images/fit-in/360x360/Products/17092025_1758074019414_1758074024822_694668_DS_08003340802398_H1N1.png",
    "available": true,
    "promoUntil": null
  },
  {
    "id": "418726DS",
    "title": "Koningsvogel Bami Goreng Mix 100 g",
    "category": "Wereldkeukens, kruiden, pasta en rijst",
    "price": 1.79,
    "promoPrice": null,
    "pricePerUnit": "17.9 kg",
    "image": "https://www.jumbo.com/dam-images/fit-in/360x360/Products/418726_8718719365021_1_T1_149381CUP1691041116522.png",
    "available": true,
    "promoUntil": null
  },
  {
    "id": "643217TRA",
    "title": "Maaslander Jong Belegen 30+ Kaas Plakken 145 g",
    "category": "Vleeswaren, kaas en tapas",
    "price": 2.95,
    "promoPrice": null,
    "pricePerUnit": "20.34 kg",
    "image": "https://www.jumbo.com/dam-images/fit-in/360x360/Products/10072025_1752157973497_1752157977283_8710243910395_1.png",
    "available": true,
    "promoUntil": null
  },
  {
    "id": "677587ZK",
    "title": "Pampers Baby-Dry Pants Luierbroekjes Maat 6, 20 Luierbroekjes",
    "category": "Drogisterij en baby",
    "price": 15.49,
    "promoPrice": null,
    "pricePerUnit": "0.77 pieces",
    "image": "https://www.jumbo.com/dam-images/fit-in/360x360/Products/14082025_1755192782904_1755192788543_8700216670685_1.png",
    "available": true,
    "promoUntil": null
  },
  {
    "id": "709502STK",
    "title": "Perfect Fit - Adult - Kattenbrokken - Kip - 7kg",
    "category": "Huishouden en dieren",
    "price": 42.99,
    "promoPrice": null,
    "pricePerUnit": "6.14 kg",
    "image": "https://www.jumbo.com/dam-images/fit-in/360x360/Products/11072025_1752258785386_1752258793276_4008429159503_596.png",
    "available": true,
    "promoUntil": null
  },
  {
    "id": "478295ZK",
    "title": "Red Band Real Fruit Candy Dropfruit Duo's Snoep 190 g",
    "category": "Koek, snoep, chocolade en chips",
    "price": 2.76,
    "promoPrice": null,
    "pricePerUnit": "14.53 kg",
    "image": "https://www.jumbo.com/dam-images/fit-in/360x360/Products/10082023_1691678382298_1691678395063_8713800139000_1.png",
    "available": true,
    "promoUntil": null
  },
  {
    "id": "649071POT",
    "title": "Jumbo's Verde Salsa 230 g",
    "category": "Wereldkeukens, kruiden, pasta en rijst",
    "price": 1.49,
    "promoPrice": null,
    "pricePerUnit": "6.48 kg",
    "image": "https://www.jumbo.com/dam-images/fit-in/360x360/Products/12122024_1734003204631_1734003212814_8718452814053_1.png",
    "available": true,
    "promoUntil": null
  },
  {
    "id": "184212SC",
    "title": "Jumbo Zeer Pittig Madame Jeanette Pepers 50g",
    "category": "Wereldkeukens, kruiden, pasta en rijst",
    "price": 1.79,
    "promoPrice": null,
    "pricePerUnit": "35.8 kg",
    "image": "https://www.jumbo.com/dam-images/fit-in/360x360/Products/29092023_1695994872043_1695994875434_8718452237623_1.png",
    "available": true,
    "promoUntil": null
  },
  {
    "id": "704032DSL",
    "title": "Robijn Classics 3-in-1 Wascapsules Black Velvet 3 x 26 wasbeurten",
    "category": "Huishouden en dieren",
    "price": 64.35,
    "promoPrice": 32.17,
    "pricePerUnit": "0.83 wb",
    "image": "https://www.jumbo.com/dam-images/fit-in/360x360/Products/08720181747816H1N177145d7f-0747-41cb-b749-1c0acb32b101-1753099373349.png",
    "available": true,
    "promoUntil": "di 7 okt"
  },
  {
    "id": "652877ZK",
    "title": "Rosewood Deli Kisses Kip&Kattenkruid 60g",
    "category": "Huishouden en dieren",
    "price": 1.79,
    "promoPrice": null,
    "pricePerUnit": "29.83 kg",
    "image": "https://www.jumbo.com/dam-images/fit-in/360x360/Products/24092025_1758672093505_1758672100197_8712113645826_1.png",
    "available": true,
    "promoUntil": null
  },
  {
    "id": "623880FLS",
    "title": "Smaakt Biologisch Sinaasappelsap 750 ml",
    "category": "Frisdrank en sappen",
    "price": 3.59,
    "promoPrice": null,
    "pricePerUnit": "4.79 l",
    "image": "https://www.jumbo.com/dam-images/fit-in/360x360/Products/12122024_1734017663627_1734017668236_8718469779253_1.png",
    "available": true,
    "promoUntil": null
  },
  {
    "id": "664263ZK",
    "title": "Red Band Snoepringen Zuur 102gr",
    "category": "Koek, snoep, chocolade en chips",
    "price": 1.97,
    "promoPrice": null,
    "pricePerUnit": "19.31 kg",
    "image": "https://www.jumbo.com/dam-images/fit-in/360x360/Products/19092025_1758248761052_1758248786044_664263_ZK_08713800256066_C1N1.png",
    "available": true,
    "promoUntil": null
  },
  {
    "id": "589681FLS",
    "title": "Licor 43 - Chocolate Delight - 500ML",
    "category": "Bier en wijn",
    "price": 13.59,
    "promoPrice": null,
    "pricePerUnit": "27.18 l",
    "image": "https://www.jumbo.com/dam-images/fit-in/360x360/Products/05092024_1725501055230_1725501065241_589681_FLS_08410221903097_C1N1.png",
    "available": true,
    "promoUntil": null
  },
  {
    "id": "682393PAK",
    "title": "Verkade Chocowafel Karamel 118,5 g",
    "category": "Koek, snoep, chocolade en chips",
    "price": 2.99,
    "promoPrice": null,
    "pricePerUnit": "25.13 kg",
    "image": "https://www.jumbo.com/dam-images/fit-in/360x360/Products/26022025_1740598386657_1740598407023_8710412045385_596.png",
    "available": true,
    "promoUntil": null
  },
  {
    "id": "311571ZK",
    "title": "Santa Maria Dipsaus Mix Guacamole 15 g",
    "category": "Wereldkeukens, kruiden, pasta en rijst",
    "price": 0.94,
    "promoPrice": null,
    "pricePerUnit": "62.67 kg",
    "image": "https://www.jumbo.com/dam-images/fit-in/360x360/Products/13092025_1757730465466_1757730479500_311571_ZK_07311311003455_C1N1.png",
    "available": true,
    "promoUntil": null
  },
  {
    "id": "179007STK",
    "title": "Santa Maria Chunky Wrap Salsa Hot 230 g",
    "category": "Wereldkeukens, kruiden, pasta en rijst",
    "price": 1.96,
    "promoPrice": null,
    "pricePerUnit": "8.52 kg",
    "image": "https://www.jumbo.com/dam-images/fit-in/360x360/Products/13092025_1757725845579_1757725857029_179007_STK_.png",
    "available": true,
    "promoUntil": null
  },
  {
    "id": "172273POT",
    "title": "Olvarit 6+ Maanden Perzik Banaan Kiwi 200g",
    "category": "Drogisterij en baby",
    "price": 1.38,
    "promoPrice": null,
    "pricePerUnit": "6.9 kg",
    "image": "https://www.jumbo.com/dam-images/fit-in/360x360/Products/10112023_1699608791451_1699608800396_8591119001986_1.png",
    "available": true,
    "promoUntil": null
  },
  {
    "id": "710971FLS",
    "title": "Mutti Passata Basilicum 700ml",
    "category": "Wereldkeukens, kruiden, pasta en rijst",
    "price": 2.88,
    "promoPrice": null,
    "pricePerUnit": "4.11 kg",
    "image": "https://www.jumbo.com/dam-images/fit-in/360x360/Products/24072025_1753321051457_1753321057761_710971_FLS_08005110191015_C1N1.png",
    "available": true,
    "promoUntil": null
  },
  {
    "id": "475992DS",
    "title": "NestlÃ© PyjamaPapjeÂ® Banaan 6+ maanden baby pap 3 x 250 ml",
    "category": "Drogisterij en baby",
    "price": 3.09,
    "promoPrice": null,
    "pricePerUnit": "3.89 kg",
    "image": "https://www.jumbo.com/dam-images/fit-in/360x360/Products/23092025_1758595699752_1758595703460_475992_DS_07613287838773_H1N1_s01.png",
    "available": true,
    "promoUntil": null
  },
  {
    "id": "578767ZK",
    "title": "Olvarit Knijpfruit Smoothie Mango Spelt 12+ Maanden 100 g",
    "category": "Drogisterij en baby",
    "price": 1.14,
    "promoPrice": null,
    "pricePerUnit": "11.4 kg",
    "image": "https://www.jumbo.com/dam-images/fit-in/360x360/Products/09082023_1691591749262_1691591757009_5900852060908_1.png",
    "available": true,
    "promoUntil": null
  },
  {
    "id": "363919ZK",
    "title": "Oreo Crunchies Koekjes Original 110g",
    "category": "Koek, snoep, chocolade en chips",
    "price": 2.19,
    "promoPrice": null,
    "pricePerUnit": "19.91 kg",
    "image": "https://www.jumbo.com/dam-images/fit-in/360x360/Products/05082025_1754408014214_1754408019834_7622201123888_1.png",
    "available": true,
    "promoUntil": null
  },
  {
    "id": "675702DS",
    "title": "Philips Led Kogel 25W E27",
    "category": "Non-food en servicebalie",
    "price": 6.89,
    "promoPrice": null,
    "pricePerUnit": "6.89 pieces",
    "image": "https://www.jumbo.com/dam-images/fit-in/360x360/Products/22082025_1755820891358_1755820897151_8718699665487_1.png",
    "available": true,
    "promoUntil": null
  },
  {
    "id": "505017BLS",
    "title": "Rosewood Steak Sticks Large Beef 3 Stuks",
    "category": "Huishouden en dieren",
    "price": 6.52,
    "promoPrice": null,
    "pricePerUnit": "2.17 pieces",
    "image": "https://www.jumbo.com/dam-images/fit-in/360x360/Products/09102024_1728445471236_1728445473878_505017_BLS_08712113605691_C1N1_s01.png",
    "available": true,
    "promoUntil": null
  },
  {
    "id": "668858FLS",
    "title": "Kriek Boon Verse Krieken Bier Fles 375 ml",
    "category": "Bier en wijn",
    "price": 3.49,
    "promoPrice": null,
    "pricePerUnit": "9.31 l",
    "image": "https://www.jumbo.com/dam-images/fit-in/360x360/Products/12122024_1734014927158_1734014933424_5412783053022_1.png",
    "available": true,
    "promoUntil": null
  },
  {
    "id": "356092POT",
    "title": "Olvarit 18+ Maanden Stamppot Wortel Kalkoen 250g",
    "category": "Drogisterij en baby",
    "price": 1.73,
    "promoPrice": null,
    "pricePerUnit": "6.92 kg",
    "image": "https://www.jumbo.com/dam-images/fit-in/360x360/Products/07112023_1699353425703_1699353433972_5900852044625_1.png",
    "available": true,
    "promoUntil": null
  },
  {
    "id": "634750BLK",
    "title": "Tool - Stereo Mono Mosaic - Blik - 440ML",
    "category": "Bier en wijn",
    "price": 3.99,
    "promoPrice": null,
    "pricePerUnit": "9.07 l",
    "image": "https://www.jumbo.com/dam-images/fit-in/360x360/Products/20092025_1758337271961_1758337278034_634750_BLK_05711474008175_C1N1.png",
    "available": true,
    "promoUntil": null
  },
  {
    "id": "558578ZK",
    "title": "Verstegen Kruidenmix voor Chili con Carne Pittig 13 g",
    "category": "Wereldkeukens, kruiden, pasta en rijst",
    "price": 1.14,
    "promoPrice": null,
    "pricePerUnit": "87.69 kg",
    "image": "https://www.jumbo.com/dam-images/fit-in/360x360/Products/14022024_1707872667689_1707872681379_8712200109781_1.png",
    "available": true,
    "promoUntil": null
  },
  {
    "id": "179064STK",
    "title": "Valdispert Stress Moments extra sterk tabletten, 20 stuks ",
    "category": "Drogisterij en baby",
    "price": 15.99,
    "promoPrice": null,
    "pricePerUnit": "0.8 pieces",
    "image": "https://www.jumbo.com/dam-images/fit-in/360x360/Products/24092025_1758672132643_1758672140502_8711744037093_1.png",
    "available": true,
    "promoUntil": null
  },
  {
    "id": "22112PAK",
    "title": "NestlÃ© YogolinoÂ® Banaan 6+ maanden baby toetje 4 x 100 g",
    "category": "Drogisterij en baby",
    "price": 3.22,
    "promoPrice": null,
    "pricePerUnit": "8.05 kg",
    "image": "https://www.jumbo.com/dam-images/fit-in/360x360/Products/23092025_1758592288799_1758592387897_22112_PAK_07613031096206_H1N1_s01.png",
    "available": true,
    "promoUntil": null
  },
  {
    "id": "646196ZK",
    "title": "Jumbo's Fajita Kruidenmix 15 g",
    "category": "Wereldkeukens, kruiden, pasta en rijst",
    "price": 0.49,
    "promoPrice": null,
    "pricePerUnit": "32.67 kg",
    "image": "https://www.jumbo.com/dam-images/fit-in/360x360/Products/26092024_1727361164371_1727361169664_8718452861101_1.png",
    "available": true,
    "promoUntil": null
  },
  {
    "id": "69749POT",
    "title": "Koh Thai Gele curry pasta",
    "category": "Wereldkeukens, kruiden, pasta en rijst",
    "price": 3.46,
    "promoPrice": null,
    "pricePerUnit": "15.38 kg",
    "image": "https://www.jumbo.com/dam-images/fit-in/360x360/Products/29022024_1709172335343_1709172344376_69749_POT_08717662260865_C1N1.png",
    "available": true,
    "promoUntil": null
  },
  {
    "id": "72437BLK",
    "title": "Koh Thai Kokosmelk 165 ml",
    "category": "Wereldkeukens, kruiden, pasta en rijst",
    "price": 1.55,
    "promoPrice": null,
    "pricePerUnit": "9.39 l",
    "image": "https://www.jumbo.com/dam-images/fit-in/360x360/Products/08122023_1702005868309_1702005878386_72437_BLK_08717662260803_C1N1.png",
    "available": true,
    "promoUntil": null
  },
  {
    "id": "585002DS",
    "title": "Lindt Lindor Chocolade 70% Cacao 100 g",
    "category": "Koek, snoep, chocolade en chips",
    "price": 3.95,
    "promoPrice": null,
    "pricePerUnit": "39.5 kg",
    "image": "https://www.jumbo.com/dam-images/fit-in/360x360/Products/02042025_1743561813857_1743561842852_585002_DS_08003340099729_H1N1.png",
    "available": true,
    "promoUntil": null
  },
  {
    "id": "699430FLS",
    "title": "Listerine Total Care Milde Smaak 500 ML",
    "category": "Drogisterij en baby",
    "price": 7.99,
    "promoPrice": null,
    "pricePerUnit": "15.98 l",
    "image": "https://www.jumbo.com/dam-images/fit-in/360x360/Products/16052025_1747392282218_1747392283454_699430_FLS_.png",
    "available": true,
    "promoUntil": null
  },
  {
    "id": "635115POT",
    "title": "Little Maryam Bio My First Tagine 12+ Maanden 250 g",
    "category": "Drogisterij en baby",
    "price": 2.05,
    "promoPrice": null,
    "pricePerUnit": "8.2 kg",
    "image": "https://www.jumbo.com/dam-images/fit-in/360x360/Products/17062024_1718649247907_1718649254392_8720299444461_1.png",
    "available": true,
    "promoUntil": null
  },
  {
    "id": "88160STK",
    "title": "Otrivin Duo neusspray 10 ml",
    "category": "Drogisterij en baby",
    "price": 7.89,
    "promoPrice": null,
    "pricePerUnit": "7.89 pieces",
    "image": "https://www.jumbo.com/dam-images/fit-in/360x360/Products/24092025_1758672090624_1758672095200_8713177004932_1.png",
    "available": true,
    "promoUntil": null
  },
  {
    "id": "451030STK",
    "title": "Roter Noscapect hoesttabletten 15 mg, 20 stuks",
    "category": "Drogisterij en baby",
    "price": 9.99,
    "promoPrice": null,
    "pricePerUnit": "0.5 pieces",
    "image": "https://www.jumbo.com/dam-images/fit-in/360x360/Products/24092025_1758672109228_1758672114605_8713304103071_1.png",
    "available": true,
    "promoUntil": null
  },
  {
    "id": "150357PAK",
    "title": "Vitakraft Menu Kanarievoeding 500 g",
    "category": "Huishouden en dieren",
    "price": 3.49,
    "promoPrice": null,
    "pricePerUnit": "6.98 kg",
    "image": "https://www.jumbo.com/dam-images/fit-in/360x360/Products/17042025_1744859692885_1744859697774_150357_PAK_.png",
    "available": true,
    "promoUntil": null
  },
  {
    "id": "154678POT",
    "title": "Patak's Original Tandoori 450g",
    "category": "Wereldkeukens, kruiden, pasta en rijst",
    "price": 3.65,
    "promoPrice": null,
    "pricePerUnit": "8.11 kg",
    "image": "https://www.jumbo.com/dam-images/fit-in/360x360/Products/19122023_1703000193322_1703000200575_5011308500937_1.png",
    "available": true,
    "promoUntil": null
  },
  {
    "id": "703121FLS",
    "title": "Red Phoenix Satay Sauce Ketjap 350ml",
    "category": "Wereldkeukens, kruiden, pasta en rijst",
    "price": 2.99,
    "promoPrice": null,
    "pricePerUnit": "8.54 l",
    "image": "https://www.jumbo.com/dam-images/fit-in/360x360/Products/04062025_1749049548568_1749049554759_703121_FLS_08720604471328_C1N1.png",
    "available": true,
    "promoUntil": null
  },
  {
    "id": "474187DSL",
    "title": "Rexona Women Advanced Protection Anti-Transpirant Spray Cotton Dry 6 x 150 ml",
    "category": "Drogisterij en baby",
    "price": 35.94,
    "promoPrice": 25.15,
    "pricePerUnit": "27.94 l",
    "image": "https://www.jumbo.com/dam-images/fit-in/360x360/Products/474187DSL19292de2a-e534-4b18-8f64-72042f344777-1717485198105.png",
    "available": true,
    "promoUntil": "di 7 okt"
  },
  {
    "id": "684402FLS",
    "title": "L'OrÃ©al Paris Elvive Extraordinary Oil Voedende Shampoo 250 ml",
    "category": "Drogisterij en baby",
    "price": 7.29,
    "promoPrice": null,
    "pricePerUnit": "29.16 l",
    "image": "https://www.jumbo.com/dam-images/fit-in/360x360/Products/06072024_1720234800598_1720234802938_211032_STK_03600523609376_C1N1.png",
    "available": true,
    "promoUntil": null
  },
  {
    "id": "656037DS",
    "title": "Magioni Pumpkin Cinnamon Pancakes 4 x 40 g",
    "category": "Verse maaltijden en gemak",
    "price": 2.56,
    "promoPrice": null,
    "pricePerUnit": "16.0 kg",
    "image": "https://www.jumbo.com/dam-images/fit-in/360x360/Products/16072025_1752651184056_1752651191168_8719324058957_1.png",
    "available": true,
    "promoUntil": null
  },
  {
    "id": "713512ZK",
    "title": "Namdong Snack Beef Jjigae 120 g",
    "category": "Wereldkeukens, kruiden, pasta en rijst",
    "price": 1.69,
    "promoPrice": null,
    "pricePerUnit": "14.08 kg",
    "image": "https://www.jumbo.com/dam-images/fit-in/360x360/Products/11082025_1754912062347_1754912101620_713512_ZK_08721317713064_C1N1.png",
    "available": true,
    "promoUntil": null
  },
  {
    "id": "171469POT",
    "title": "Olvarit 4+ Maanden Doperwten 125g",
    "category": "Drogisterij en baby",
    "price": 1.08,
    "promoPrice": null,
    "pricePerUnit": "8.64 kg",
    "image": "https://www.jumbo.com/dam-images/fit-in/360x360/Products/10112023_1699608790992_1699608815099_5900852926563_1.png",
    "available": true,
    "promoUntil": null
  },
  {
    "id": "664662ZK",
    "title": "Venco Honingdrop Hard Zoet 235 g",
    "category": "Koek, snoep, chocolade en chips",
    "price": 2.56,
    "promoPrice": null,
    "pricePerUnit": "10.89 kg",
    "image": "https://www.jumbo.com/dam-images/fit-in/360x360/Products/01022025_1738376435026_1738376443327_664662_ZK_08713800256127_H1N1.png",
    "available": true,
    "promoUntil": null
  },
  {
    "id": "437244ZK",
    "title": "Verstegen Sesamzaad Zwart Kleinverpakking 9 g",
    "category": "Wereldkeukens, kruiden, pasta en rijst",
    "price": 1.04,
    "promoPrice": null,
    "pricePerUnit": "115.56 kg",
    "image": "https://www.jumbo.com/dam-images/fit-in/360x360/Products/09082023_1691588634627_1691588640713_8712200090829_1.png",
    "available": true,
    "promoUntil": null
  },
  {
    "id": "496226BLK",
    "title": "Sanex Men Dermo Sensitive deodorant spray - 200ml",
    "category": "Drogisterij en baby",
    "price": 4.99,
    "promoPrice": null,
    "pricePerUnit": "24.95 l",
    "image": "https://www.jumbo.com/dam-images/fit-in/360x360/Products/10102023_1696903578764_1696903580684_496226_BLK_08718951087439_C1N1.png",
    "available": true,
    "promoUntil": null
  },
  {
    "id": "680837BKR",
    "title": "Jumbo's Eiwitrijke Curry Kokossoep 500 g",
    "category": "Verse maaltijden en gemak",
    "price": 3.59,
    "promoPrice": null,
    "pricePerUnit": "7.18 kg",
    "image": "https://www.jumbo.com/dam-images/fit-in/360x360/Products/16062025_1750088026518_1750088034963_8718452912650_1.png",
    "available": true,
    "promoUntil": null
  },
  {
    "id": "143188POT",
    "title": "Verstegen Mix voor Rundvlees 80 g",
    "category": "Wereldkeukens, kruiden, pasta en rijst",
    "price": 2.96,
    "promoPrice": null,
    "pricePerUnit": "37.0 kg",
    "image": "https://www.jumbo.com/dam-images/fit-in/360x360/Products/04072025_1751591418760_1751591425178_143188_POT_08712200573216_C1N1.png",
    "available": true,
    "promoUntil": null
  },
  {
    "id": "198632STK",
    "title": "NIVEA MEN Protect & Care Anti-Transpirant Spray - 150ml",
    "category": "Drogisterij en baby",
    "price": 5.69,
    "promoPrice": null,
    "pricePerUnit": "37.93 l",
    "image": "https://www.jumbo.com/dam-images/fit-in/360x360/Products/16072025_1752680047300_1752680049283_4005900457707_1.png",
    "available": true,
    "promoUntil": null
  },
  {
    "id": "623934DS",
    "title": "WeCare Flavour Chewy Caramel Meal Replacement Bars 2 x 60 g",
    "category": "Koek, snoep, chocolade en chips",
    "price": 3.59,
    "promoPrice": null,
    "pricePerUnit": "29.92 kg",
    "image": "https://www.jumbo.com/dam-images/fit-in/360x360/Products/28052025_1748398068804_1748398072018_623934_DS_05410063042162_C1N1.png",
    "available": true,
    "promoUntil": null
  },
  {
    "id": "678506BAK",
    "title": "Lindahls Cottage Cheese 175 g",
    "category": "Vleeswaren, kaas en tapas",
    "price": 1.89,
    "promoPrice": null,
    "pricePerUnit": "10.8 kg",
    "image": "https://www.jumbo.com/dam-images/fit-in/360x360/Products/26032025_1742988788007_1742988792276_5413209993489_1.png",
    "available": true,
    "promoUntil": null
  },
  {
    "id": "703561BAK",
    "title": "Jumbo's Vriesvers Maaltijden Mexicaanse Pulled Beef 450g",
    "category": "Diepvries",
    "price": 5.99,
    "promoPrice": null,
    "pricePerUnit": "13.31 kg",
    "image": "https://www.jumbo.com/dam-images/fit-in/360x360/Products/08718452926718T5961159389375fd75fa1-fd20-4854-90a7-a0be616c96d9-1758531033281.png",
    "available": true,
    "promoUntil": null
  },
  {
    "id": "614783STK",
    "title": "Kaiser Broodjes, 2 x 4 stuks",
    "category": "Brood en gebak",
    "price": 1.18,
    "promoPrice": null,
    "pricePerUnit": "None None",
    "image": "https://www.jumbo.com/dam-images/fit-in/360x360/Products/614783STK1658d3017-be24-4a51-a221-2b70a9b6d43a-1745827546248.png",
    "available": true,
    "promoUntil": null
  },
  {
    "id": "703227POT",
    "title": "La Morena Jalapeno Nacho Slices 230g",
    "category": "Wereldkeukens, kruiden, pasta en rijst",
    "price": 3.46,
    "promoPrice": null,
    "pricePerUnit": "15.04 kg",
    "image": "https://www.jumbo.com/dam-images/fit-in/360x360/Products/05062025_1749121371151_1749121378624_703227_POT_00727452001064_C1N1.png",
    "available": true,
    "promoUntil": null
  },
  {
    "id": "447795DS",
    "title": "Romed Alcoholdoekjes 100 Stuks",
    "category": "Drogisterij en baby",
    "price": 2.69,
    "promoPrice": null,
    "pricePerUnit": "0.03 pieces",
    "image": "https://www.jumbo.com/dam-images/fit-in/360x360/Products/447795_8717202434718_1_T1_447795DS1691166022436.png",
    "available": true,
    "promoUntil": null
  },
  {
    "id": "407562STK",
    "title": "Olvarit Knijpzakjes 12+ Maanden 4 x 100g",
    "category": "Drogisterij en baby",
    "price": 4.5,
    "promoPrice": null,
    "pricePerUnit": "None None",
    "image": "https://www.jumbo.com/dam-images/fit-in/360x360/Products/407562_20359874_1_T1_407562STK1691073534546.png",
    "available": true,
    "promoUntil": null
  },
  {
    "id": "215437STK",
    "title": "SchÃ¤r  Meergranenbroodjes Glutenvrij 210 g",
    "category": "Brood en gebak",
    "price": 3.09,
    "promoPrice": null,
    "pricePerUnit": "14.71 kg",
    "image": "https://www.jumbo.com/dam-images/fit-in/360x360/Products/31072025_1753950851598_1753950857698_8008698013175_1.png",
    "available": true,
    "promoUntil": null
  },
  {
    "id": "677602ZK",
    "title": "Pampers Harmonie Luiers Maat 3, 26 Luiers",
    "category": "Drogisterij en baby",
    "price": 14.99,
    "promoPrice": null,
    "pricePerUnit": "0.58 pieces",
    "image": "https://www.jumbo.com/dam-images/fit-in/360x360/Products/14082025_1755192783181_1755192789664_8700216668729_1.png",
    "available": true,
    "promoUntil": null
  },
  {
    "id": "377966DS",
    "title": "Sorgh & Hoop Verse Surinaamse Javaanse Kruidenpasta 90 g",
    "category": "Wereldkeukens, kruiden, pasta en rijst",
    "price": 1.99,
    "promoPrice": null,
    "pricePerUnit": "22.11 kg",
    "image": "https://www.jumbo.com/dam-images/fit-in/360x360/Products/23082024_1724382578194_1724382584647_377966_DS_08720387088027_C1N1.png",
    "available": true,
    "promoUntil": null
  },
  {
    "id": "664266ZK",
    "title": "Lutti Colabizz 250 g",
    "category": "Koek, snoep, chocolade en chips",
    "price": 2.79,
    "promoPrice": null,
    "pricePerUnit": "11.16 kg",
    "image": "https://www.jumbo.com/dam-images/fit-in/360x360/Products/06022025_1738830825968_1738830834814_5410057858397_1.png",
    "available": true,
    "promoUntil": null
  },
  {
    "id": "225916STK",
    "title": "Look-O-Look Gevulde Zure Staafjes 12 stuks ",
    "category": "Koek, snoep, chocolade en chips",
    "price": 2.39,
    "promoPrice": null,
    "pricePerUnit": "19.12 kg",
    "image": "https://www.jumbo.com/dam-images/fit-in/360x360/Products/07072025_1751902618280_1751902622309_8713600098897_1.png",
    "available": true,
    "promoUntil": null
  },
  {
    "id": "433415FLS",
    "title": "Muifelbrouwerij - D'n Ossekop Brabants Blond - Fles - 330ML",
    "category": "Bier en wijn",
    "price": 2.69,
    "promoPrice": null,
    "pricePerUnit": "8.15 l",
    "image": "https://www.jumbo.com/dam-images/fit-in/360x360/Products/20092025_1758332308562_1758332309970_433415_FLS_08718053091174_C1N1.png",
    "available": true,
    "promoUntil": null
  },
  {
    "id": "142205ZK",
    "title": "Kindly's Zoete Herinneringen TV Pastilles 200 g",
    "category": "Koek, snoep, chocolade en chips",
    "price": 2.45,
    "promoPrice": null,
    "pricePerUnit": "14.41 kg",
    "image": "https://www.jumbo.com/dam-images/fit-in/360x360/Products/10082023_1691674997239_1691675037781_8712514099501_1.png",
    "available": true,
    "promoUntil": null
  },
  {
    "id": "191932ZK",
    "title": "Verstegen Mix voor Gehakt Italiaans 40 g",
    "category": "Wereldkeukens, kruiden, pasta en rijst",
    "price": 1.49,
    "promoPrice": null,
    "pricePerUnit": "37.25 kg",
    "image": "https://www.jumbo.com/dam-images/fit-in/360x360/Products/27092023_1695779940314_1695779943668_191932_ZK_08712200976932_C1N1.png",
    "available": true,
    "promoUntil": null
  },
  {
    "id": "143134ZK",
    "title": "Verstegen Mix voor Gehakt 40 g",
    "category": "Wereldkeukens, kruiden, pasta en rijst",
    "price": 1.49,
    "promoPrice": null,
    "pricePerUnit": "37.25 kg",
    "image": "https://www.jumbo.com/dam-images/fit-in/360x360/Products/09082023_1691586652086_1691586660524_8712200700964_1.png",
    "available": true,
    "promoUntil": null
  },
  {
    "id": "553836STK",
    "title": "The Jelly Bean Factory 36 Mix Tube 90 g",
    "category": "Koek, snoep, chocolade en chips",
    "price": 2.66,
    "promoPrice": null,
    "pricePerUnit": "29.56 kg",
    "image": "https://www.jumbo.com/dam-images/fit-in/360x360/Products/14082025_1755139868398_1755139888299_553836_STK_08713800139307_C1N1.png",
    "available": true,
    "promoUntil": null
  },
  {
    "id": "542823DSL",
    "title": "Whiskas 7+ Kattenvoer - Mix selectie in saus - 4 x 12 maaltijdzakjes",
    "category": "Huishouden en dieren",
    "price": 22.88,
    "promoPrice": null,
    "pricePerUnit": "5.61 kg",
    "image": "https://www.jumbo.com/dam-images/fit-in/360x360/Products/306589015576321d4015a-ecf8-4892-8cd6-8cf91d79338a-1747047815984.png",
    "available": true,
    "promoUntil": null
  },
  {
    "id": "498543CUP",
    "title": "Willy Nacho Cheese Dip 100 g",
    "category": "Wereldkeukens, kruiden, pasta en rijst",
    "price": 2.19,
    "promoPrice": null,
    "pricePerUnit": "21.9 kg",
    "image": "https://www.jumbo.com/dam-images/fit-in/360x360/Products/14022024_1707873643357_1707873650000_8719324820653_1.png",
    "available": true,
    "promoUntil": null
  },
  {
    "id": "23814STK",
    "title": "Vitakraft Beef Stick Original Lam 12 g",
    "category": "Huishouden en dieren",
    "price": 0.77,
    "promoPrice": null,
    "pricePerUnit": "64.17 kg",
    "image": "https://www.jumbo.com/dam-images/fit-in/360x360/Products/12042025_1744421136494_1744421137992_23814_STK_.png",
    "available": true,
    "promoUntil": null
  },
  {
    "id": "502448PAK",
    "title": "Vitakraft Vita Naturals Liquid Beef 5 x 15 g",
    "category": "Huishouden en dieren",
    "price": 3.26,
    "promoPrice": null,
    "pricePerUnit": "43.47 kg",
    "image": "https://www.jumbo.com/dam-images/fit-in/360x360/Products/16042025_1744766105214_1744766108205_502448_PAK_.png",
    "available": true,
    "promoUntil": null
  },
  {
    "id": "205377DS",
    "title": "Zonnatura Biologische Knijpfruit Mango Wortel Sinaasappel",
    "category": "Drogisterij en baby",
    "price": 3.46,
    "promoPrice": null,
    "pricePerUnit": "10.18 kg",
    "image": "https://www.jumbo.com/dam-images/fit-in/360x360/Products/19092025_1758292428947_1758292434920_8710863805958_1.png",
    "available": true,
    "promoUntil": null
  },
  {
    "id": "269959STK",
    "title": "Vogue Cosmetics RÃªve Exotique Parfum Deodorant 150 ml",
    "category": "Drogisterij en baby",
    "price": 4.19,
    "promoPrice": null,
    "pricePerUnit": "27.93 l",
    "image": "https://www.jumbo.com/dam-images/fit-in/360x360/Products/05092025_1757038155599_1757038156504_269959_STK_08714319203770_A1N1.png",
    "available": true,
    "promoUntil": null
  },
  {
    "id": "641734STK",
    "title": "Wapenaer Brokkelkaas 3 Jaar Gerijpt 300 g",
    "category": "Vleeswaren, kaas en tapas",
    "price": 6.85,
    "promoPrice": null,
    "pricePerUnit": "22.83 kg",
    "image": "https://www.jumbo.com/dam-images/fit-in/360x360/Products/11122024_1733924017596_1733924021451_8718452739325_1.png",
    "available": true,
    "promoUntil": null
  },
  {
    "id": "703229BLK",
    "title": "La Morena Chipotle Peper Heel 100g",
    "category": "Wereldkeukens, kruiden, pasta en rijst",
    "price": 2.43,
    "promoPrice": null,
    "pricePerUnit": "24.3 kg",
    "image": "https://www.jumbo.com/dam-images/fit-in/360x360/Products/05062025_1749121481367_1749121491334_703229_BLK_00727452002801_C1N1.png",
    "available": true,
    "promoUntil": null
  },
  {
    "id": "211971STK",
    "title": "Lassie Tover Zilver Rijst 400 g",
    "category": "Wereldkeukens, kruiden, pasta en rijst",
    "price": 1.87,
    "promoPrice": null,
    "pricePerUnit": "4.68 kg",
    "image": "https://www.jumbo.com/dam-images/fit-in/360x360/Products/04052024_1714787476635_1714787483498_211971_STK_08718781600990_H1N1.png",
    "available": true,
    "promoUntil": null
  },
  {
    "id": "513265DS",
    "title": "Lassie Pandan rijst 375 g",
    "category": "Wereldkeukens, kruiden, pasta en rijst",
    "price": 1.9,
    "promoPrice": null,
    "pricePerUnit": "5.07 kg",
    "image": "https://www.jumbo.com/dam-images/fit-in/360x360/Products/27032025_1743049113526_1743049116794_513265_DS_08718781601799_C1N1.png",
    "available": true,
    "promoUntil": null
  },
  {
    "id": "433407FLS",
    "title": "Lindeboom Gouverneur Dubbel Fles 300ML",
    "category": "Bier en wijn",
    "price": 2.29,
    "promoPrice": null,
    "pricePerUnit": "7.63 l",
    "image": "https://www.jumbo.com/dam-images/fit-in/360x360/Products/12122024_1734014422571_1734014425740_87274257_1.png",
    "available": true,
    "promoUntil": null
  },
  {
    "id": "580008BLK",
    "title": "Smirnoff Ice Raspberry Tart & Fruity 250 ml",
    "category": "Bier en wijn",
    "price": 2.29,
    "promoPrice": null,
    "pricePerUnit": "9.16 l",
    "image": "https://www.jumbo.com/dam-images/fit-in/360x360/Products/31012025_1738326826665_1738326831239_8711300999964_1.png",
    "available": true,
    "promoUntil": null
  },
  {
    "id": "578571ZK",
    "title": "Olvarit Knijpfruit Appel Blauwe Bes 12+ Maanden 100 g",
    "category": "Drogisterij en baby",
    "price": 1.14,
    "promoPrice": null,
    "pricePerUnit": "11.4 kg",
    "image": "https://www.jumbo.com/dam-images/fit-in/360x360/Products/10082023_1691677713734_1691677720427_5900852060878_1.png",
    "available": true,
    "promoUntil": null
  },
  {
    "id": "578573ZK",
    "title": "Olvarit Knijpfruit Banaan Kiwi Aardbei 12+ Maanden 100 g",
    "category": "Drogisterij en baby",
    "price": 1.08,
    "promoPrice": null,
    "pricePerUnit": "10.8 kg",
    "image": "https://www.jumbo.com/dam-images/fit-in/360x360/Products/10012025_1736477774443_1736477777323_578573_ZK_05900852060830_H1N1.png",
    "available": true,
    "promoUntil": null
  },
  {
    "id": "646180POT",
    "title": "Ponti Zero Olio Paprika 290g",
    "category": "Wereldkeukens, kruiden, pasta en rijst",
    "price": 4.79,
    "promoPrice": null,
    "pricePerUnit": "16.52 kg",
    "image": "https://www.jumbo.com/dam-images/fit-in/360x360/Products/06122024_1733454604186_1733454608697_646180_POT_08001010039389_C1N1.png",
    "available": true,
    "promoUntil": null
  },
  {
    "id": "193154STK",
    "title": "Ritter Sport Wit Hele Hazelnoot 100 g",
    "category": "Koek, snoep, chocolade en chips",
    "price": 2.06,
    "promoPrice": null,
    "pricePerUnit": "20.6 kg",
    "image": "https://www.jumbo.com/dam-images/fit-in/360x360/Products/02062025_1748827226572_1748827242621_193154_STK_04000417701008_C1N1.png",
    "available": true,
    "promoUntil": null
  },
  {
    "id": "92802ZK",
    "title": "Silvo Mix voor Gehakt Mexicaans 40 g",
    "category": "Wereldkeukens, kruiden, pasta en rijst",
    "price": 1.88,
    "promoPrice": null,
    "pricePerUnit": "47.0 kg",
    "image": "https://www.jumbo.com/dam-images/fit-in/360x360/Products/24062024_1719235999339_1719236009479_8715500041973_1.png",
    "available": true,
    "promoUntil": null
  },
  {
    "id": "699707ZK",
    "title": "Toko Lien Boemboe Semoor Djawa 100g",
    "category": "Wereldkeukens, kruiden, pasta en rijst",
    "price": 1.69,
    "promoPrice": null,
    "pricePerUnit": "16.9 kg",
    "image": "https://www.jumbo.com/dam-images/fit-in/360x360/Products/19052025_1747641948231_1747641952235_699707_ZK_08712544500077_A1N1.png",
    "available": true,
    "promoUntil": null
  },
  {
    "id": "197400STK",
    "title": "Tic Tac Sinaasappel 2 x 49 g",
    "category": "Koek, snoep, chocolade en chips",
    "price": 4.94,
    "promoPrice": null,
    "pricePerUnit": "50.41 kg",
    "image": "https://www.jumbo.com/dam-images/fit-in/360x360/Products/14022024_1707872666454_1707872670387_8000500088739_1.png",
    "available": true,
    "promoUntil": null
  },
  {
    "id": "616748DS",
    "title": "Men Expert Hydraterende Dagcreme SPF15 50ML",
    "category": "Drogisterij en baby",
    "price": 18.99,
    "promoPrice": null,
    "pricePerUnit": "379.8 l",
    "image": "https://www.jumbo.com/dam-images/fit-in/360x360/Products/29022024_1709201925285_1709201928431_616748_DS_03600524041731_C1N1.png",
    "available": true,
    "promoUntil": null
  },
  {
    "id": "474843FLS",
    "title": "Neutral Vloeibaar Wasmiddel Zwart 20 wasbeurten",
    "category": "Huishouden en dieren",
    "price": 8.69,
    "promoPrice": null,
    "pricePerUnit": "0.43 wb",
    "image": "https://www.jumbo.com/dam-images/fit-in/360x360/Products/08092025_1757334778713_1757334781667_8720181212659_1.png",
    "available": true,
    "promoUntil": null
  },
  {
    "id": "609200PAK",
    "title": "Verkade Bites Koekballetjes",
    "category": "Koek, snoep, chocolade en chips",
    "price": 2.27,
    "promoPrice": null,
    "pricePerUnit": "18.92 kg",
    "image": "https://www.jumbo.com/dam-images/fit-in/360x360/Products/20082025_1755656334671_1755656341589_609200_PAK_08710412036635_H1N1.png",
    "available": true,
    "promoUntil": null
  },
  {
    "id": "592710STK",
    "title": "Verse Italiaanse Maaltijd Box - 3 Personen",
    "category": "Verse maaltijden en gemak",
    "price": 17.97,
    "promoPrice": null,
    "pricePerUnit": "None None",
    "image": "https://www.jumbo.com/dam-images/fit-in/360x360/Products/592710STK3ca0d2396-035b-496c-82ff-0a106afe86a8-1717484147152.png",
    "available": true,
    "promoUntil": null
  },
  {
    "id": "563038ZK",
    "title": "Leev bio YES PEAS! paprika 90g",
    "category": "Koek, snoep, chocolade en chips",
    "price": 3.46,
    "promoPrice": null,
    "pricePerUnit": "38.44 kg",
    "image": "https://www.jumbo.com/dam-images/fit-in/360x360/Products/18072025_1752800971904_1752800983126_563038_ZK_08718215837701_C1N1.png",
    "available": true,
    "promoUntil": null
  },
  {
    "id": "510730POT",
    "title": "Verstegen World Spice Blend Za'atar 27g",
    "category": "Wereldkeukens, kruiden, pasta en rijst",
    "price": 3.36,
    "promoPrice": null,
    "pricePerUnit": "124.44 kg",
    "image": "https://www.jumbo.com/dam-images/fit-in/360x360/Products/06022024_1707189089378_1707189096499_510730_POT_08712200098870_H1N1.png",
    "available": true,
    "promoUntil": null
  },
  {
    "id": "624829PAK",
    "title": "Wilhelmina Zwart Wit 3p Rol Portrait 117g",
    "category": "Koek, snoep, chocolade en chips",
    "price": 1.93,
    "promoPrice": null,
    "pricePerUnit": "16.5 kg",
    "image": "https://www.jumbo.com/dam-images/fit-in/360x360/Products/05072024_1720147207201_1720147222097_624829_PAK_08710559000155_C1N1.png",
    "available": true,
    "promoUntil": null
  },
  {
    "id": "695771DS",
    "title": "donttellmum Waterpokken (Soft Brush) Beh",
    "category": "Drogisterij en baby",
    "price": 10.99,
    "promoPrice": null,
    "pricePerUnit": "219.8 l",
    "image": "https://www.jumbo.com/dam-images/fit-in/360x360/Products/28042025_1745848422047_1745848422582_695771_DS_08718309701086_A1N1.png",
    "available": true,
    "promoUntil": null
  },
  {
    "id": "202893STK",
    "title": "NIVEA MEN DEEP Darkwood Anti-Transpirant Deo Roller - 50ml",
    "category": "Drogisterij en baby",
    "price": 6.59,
    "promoPrice": null,
    "pricePerUnit": "131.8 l",
    "image": "https://www.jumbo.com/dam-images/fit-in/360x360/Products/23092025_1758598158040_1758598158954_202893_STK_00000042349860_C1N1.png",
    "available": true,
    "promoUntil": null
  },
  {
    "id": "701482CUP",
    "title": "Jumbo Yoghurtijs Bosvruchten 500ml",
    "category": "Diepvries",
    "price": 2.99,
    "promoPrice": null,
    "pricePerUnit": "5.98 l",
    "image": "",
    "available": true,
    "promoUntil": null
  },
  {
    "id": "134644ZK",
    "title": "Lay's Oven Baked Biscuits Tomaat & Onion 90 gr",
    "category": "Koek, snoep, chocolade en chips",
    "price": 2.15,
    "promoPrice": null,
    "pricePerUnit": "23.89 kg",
    "image": "https://www.jumbo.com/dam-images/fit-in/360x360/Products/30092024_1727706762941_1727706769253_8710398016928_1.png",
    "available": true,
    "promoUntil": null
  },
  {
    "id": "706661DS",
    "title": "Lindt Chocolade Les Grandes Wit Amandel 150g",
    "category": "Koek, snoep, chocolade en chips",
    "price": 5.93,
    "promoPrice": null,
    "pricePerUnit": "39.53 kg",
    "image": "https://www.jumbo.com/dam-images/fit-in/360x360/Products/25062025_1750851440262_1750851482411_706661_DS_07610400066198_H1N1.png",
    "available": true,
    "promoUntil": null
  },
  {
    "id": "634058PAK",
    "title": "Lotus Biscoff speculoos witte chocoladereep met speculoos stukjes 180 g",
    "category": "Koek, snoep, chocolade en chips",
    "price": 4.15,
    "promoPrice": null,
    "pricePerUnit": "23.06 kg",
    "image": "https://www.jumbo.com/dam-images/fit-in/360x360/Products/12122024_1734014804564_1734014810952_5410126003857_1.png",
    "available": true,
    "promoUntil": null
  },
  {
    "id": "503818DS",
    "title": "NIVEA Hydraterende DagcrÃ¨me SPF15 - 50ml - Gezichtscreme - Met vitamine E - Normale huid",
    "category": "Drogisterij en baby",
    "price": 11.49,
    "promoPrice": null,
    "pricePerUnit": "229.8 l",
    "image": "https://www.jumbo.com/dam-images/fit-in/360x360/Products/18082025_1755531251412_1755531254396_4005900741240_1.png",
    "available": true,
    "promoUntil": null
  },
  {
    "id": "672302ZK",
    "title": "NestlÃ© Baby Snack Puffy Puffs Banaan Aardbei 7m-36m 28 g ",
    "category": "Drogisterij en baby",
    "price": 1.87,
    "promoPrice": null,
    "pricePerUnit": "66.79 kg",
    "image": "https://www.jumbo.com/dam-images/fit-in/360x360/Products/23092025_1758592060064_1758592080180_672302_ZK_08445290554499_C1N1_s01.png",
    "available": true,
    "promoUntil": null
  },
  {
    "id": "575075RP",
    "title": "NestlÃ© L'Atelier Melkchocoladereep Hazelnoot & Rozijn 150 g",
    "category": "Koek, snoep, chocolade en chips",
    "price": 4.35,
    "promoPrice": null,
    "pricePerUnit": "29.0 kg",
    "image": "https://www.jumbo.com/dam-images/fit-in/360x360/Products/31072024_1722433096484_1722433106369_8445290552839_1.png",
    "available": true,
    "promoUntil": null
  },
  {
    "id": "237948STK",
    "title": "Verstegen Komijnzaad Gemalen 37 g",
    "category": "Wereldkeukens, kruiden, pasta en rijst",
    "price": 3.49,
    "promoPrice": null,
    "pricePerUnit": "94.32 kg",
    "image": "https://www.jumbo.com/dam-images/fit-in/360x360/Products/26082025_1756171360142_1756171363904_237948_STK_08712200081513_C1N1.png",
    "available": true,
    "promoUntil": null
  },
  {
    "id": "703128FLS",
    "title": "Red Phoenix Sayat Sauce Spicy 350ml",
    "category": "Wereldkeukens, kruiden, pasta en rijst",
    "price": 2.99,
    "promoPrice": null,
    "pricePerUnit": "8.54 l",
    "image": "https://www.jumbo.com/dam-images/fit-in/360x360/Products/05062025_1749099957919_1749099965409_703128_FLS_08720604471304_C1N1.png",
    "available": true,
    "promoUntil": null
  },
  {
    "id": "564433FLS",
    "title": "Red Phoenix Sriracha Extra Hot 350ml",
    "category": "Wereldkeukens, kruiden, pasta en rijst",
    "price": 2.99,
    "promoPrice": null,
    "pricePerUnit": "8.54 l",
    "image": "https://www.jumbo.com/dam-images/fit-in/360x360/Products/08720604470000C1N14bcfa591-a46e-447b-9374-103a189b3a3a-1705577740117.png",
    "available": true,
    "promoUntil": null
  },
  {
    "id": "523515DS",
    "title": "Knorr Spaghetti Tomaten 300 g",
    "category": "Wereldkeukens, kruiden, pasta en rijst",
    "price": 2.66,
    "promoPrice": null,
    "pricePerUnit": "8.87 kg",
    "image": "https://www.jumbo.com/dam-images/fit-in/360x360/Products/03042025_1743645639930_1743645660264_523515_DS_08720182525222_H1N1.png",
    "available": true,
    "promoUntil": null
  },
  {
    "id": "169621KST",
    "title": "Lactacyd Gevoelige Huid Wasemulsie 200 ml",
    "category": "Drogisterij en baby",
    "price": 8.19,
    "promoPrice": null,
    "pricePerUnit": "40.95 l",
    "image": "https://www.jumbo.com/dam-images/fit-in/360x360/Products/09082024_1723171715249_1723171734978_169621_KST_08710537790405_C1N1.png",
    "available": true,
    "promoUntil": null
  },
  {
    "id": "339711PAK",
    "title": "Pedigree Schmackos Vleesstrips - Multi Mix - Hondensnacks - 20 Stuks",
    "category": "Huishouden en dieren",
    "price": 2.47,
    "promoPrice": null,
    "pricePerUnit": "0.12 pieces",
    "image": "https://www.jumbo.com/dam-images/fit-in/360x360/Products/25082023_1692933086117_1692933091001_339711_PAK_05010394003599_H1N1.png",
    "available": true,
    "promoUntil": null
  },
  {
    "id": "649999POT",
    "title": "Verstegen Mix voor Kip Kerrie 210 g",
    "category": "Wereldkeukens, kruiden, pasta en rijst",
    "price": 5.24,
    "promoPrice": null,
    "pricePerUnit": "24.95 kg",
    "image": "https://www.jumbo.com/dam-images/fit-in/360x360/Products/25092024_1727289179290_1727289188936_8712200526717_1.png",
    "available": true,
    "promoUntil": null
  },
  {
    "id": "69262STK",
    "title": "Roter Paracetamol junior smelttablet 250 mg, 20 stuks",
    "category": "Drogisterij en baby",
    "price": 6.99,
    "promoPrice": null,
    "pricePerUnit": "0.35 pieces",
    "image": "https://www.jumbo.com/dam-images/fit-in/360x360/Products/24092025_1758672132602_1758672141828_8713304942175_1.png",
    "available": true,
    "promoUntil": null
  },
  {
    "id": "382745FLS",
    "title": "SignÃ© - Beaujolais - Gamay - 750ML",
    "category": "Bier en wijn",
    "price": 9.49,
    "promoPrice": null,
    "pricePerUnit": "12.65 l",
    "image": "https://www.jumbo.com/dam-images/fit-in/360x360/Products/382745_3760119343678_1_T1_382745FLS1691483046030.png",
    "available": true,
    "promoUntil": null
  },
  {
    "id": "669648ZK",
    "title": "Snacktural Bruschetta Tomaat en Oregano 150 g",
    "category": "Vleeswaren, kaas en tapas",
    "price": 2.09,
    "promoPrice": null,
    "pricePerUnit": "13.93 kg",
    "image": "https://www.jumbo.com/dam-images/fit-in/360x360/Products/21022025_1740133965507_1740133980026_8436551192734_1.png",
    "available": true,
    "promoUntil": null
  },
  {
    "id": "206737STK",
    "title": "NIVEA SUN Protect & Bronze Zonnebrand Spray SPF 30 - 200ml",
    "category": "Drogisterij en baby",
    "price": 25.99,
    "promoPrice": null,
    "pricePerUnit": "129.95 l",
    "image": "https://www.jumbo.com/dam-images/fit-in/360x360/Products/11062025_1749627208524_1749627212002_4005900460134_1.png",
    "available": true,
    "promoUntil": null
  },
  {
    "id": "709506DS",
    "title": "Jumbo Yoghurt Roodfruit en Granola 235 g",
    "category": "Aardappelen, groente en fruit",
    "price": 2.99,
    "promoPrice": null,
    "pricePerUnit": "12.72 kg",
    "image": "https://www.jumbo.com/dam-images/fit-in/360x360/Products/18092025_1758191730737_1758191737955_8718452950096_1.png",
    "available": true,
    "promoUntil": null
  },
  {
    "id": "193152STK",
    "title": "Lonka Soft Fudge Caramel & Sea Salt 180 g",
    "category": "Koek, snoep, chocolade en chips",
    "price": 2.27,
    "promoPrice": null,
    "pricePerUnit": "12.61 kg",
    "image": "https://www.jumbo.com/dam-images/fit-in/360x360/Products/14022024_1707873662875_1707873668408_8713800129261_1.png",
    "available": true,
    "promoUntil": null
  },
  {
    "id": "392185FLS",
    "title": "Robijn Dry Wash Spray Pink Sensation 200 ml",
    "category": "Huishouden en dieren",
    "price": 10.89,
    "promoPrice": null,
    "pricePerUnit": "54.45 l",
    "image": "https://www.jumbo.com/dam-images/fit-in/360x360/Products/15082025_1755225675932_1755225718162_392185_FLS_08720181037689_H1N1.png",
    "available": true,
    "promoUntil": null
  },
  {
    "id": "635308FLS",
    "title": "Uiltje Apfelstrudel Doppelbock 330ML",
    "category": "Bier en wijn",
    "price": 3.95,
    "promoPrice": null,
    "pricePerUnit": "11.97 l",
    "image": "https://www.jumbo.com/dam-images/fit-in/360x360/Products/28112024_1732764391787_1732764394663_635308_FLS_08719189124781_C1N1.png",
    "available": true,
    "promoUntil": null
  },
  {
    "id": "397317STK",
    "title": "Olvarit Maaltijdpotjes 12+ Maanden 5 x 250g",
    "category": "Drogisterij en baby",
    "price": 6.92,
    "promoPrice": null,
    "pricePerUnit": "None None",
    "image": "https://www.jumbo.com/dam-images/fit-in/360x360/Products/397317STK394d4832d-fc1d-4e89-9d9e-70c7850fba37-1715769772519.png",
    "available": false,
    "promoUntil": null
  },
  {
    "id": "675678DS",
    "title": "Philips Led Kaars 25W E14",
    "category": "Non-food en servicebalie",
    "price": 7.19,
    "promoPrice": null,
    "pricePerUnit": "7.19 pieces",
    "image": "https://www.jumbo.com/dam-images/fit-in/360x360/Products/23092025_1758585661128_1758585667277_8718699665449_1.png",
    "available": true,
    "promoUntil": null
  },
  {
    "id": "680481DS",
    "title": "Philips LED Lamp Mat - 60 W - E27 - warmwit licht",
    "category": "Non-food en servicebalie",
    "price": 10.39,
    "promoPrice": null,
    "pricePerUnit": "10.39 pieces",
    "image": "https://www.jumbo.com/dam-images/fit-in/360x360/Products/8718699665340T14bde5a20-5223-4293-a182-6e8f3e1a89bc-1744621510363.png",
    "available": true,
    "promoUntil": null
  },
  {
    "id": "478859ZK",
    "title": "Katja Feest Biggetjes 250 g",
    "category": "Koek, snoep, chocolade en chips",
    "price": 2.43,
    "promoPrice": null,
    "pricePerUnit": "9.72 kg",
    "image": "https://www.jumbo.com/dam-images/fit-in/360x360/Products/14072024_1720920747861_1720920756682_478859_ZK_08716100360471_C1N1.png",
    "available": true,
    "promoUntil": null
  },
  {
    "id": "666854BLK",
    "title": "Sqweez Red Fruits 250 ml",
    "category": "Frisdrank en sappen",
    "price": 0.99,
    "promoPrice": null,
    "pricePerUnit": "3.96 l",
    "image": "https://www.jumbo.com/dam-images/fit-in/360x360/Products/15072025_1752568384332_1752568388880_5425032053728_1.png",
    "available": true,
    "promoUntil": null
  },
  {
    "id": "567942POT",
    "title": "Rummo Sugo Alle Tomatensaus met Olijven 340 g",
    "category": "Wereldkeukens, kruiden, pasta en rijst",
    "price": 2.89,
    "promoPrice": null,
    "pricePerUnit": "8.5 kg",
    "image": "https://www.jumbo.com/dam-images/fit-in/360x360/Products/14022024_1707873140290_1707873146548_8008343299459_1.png",
    "available": true,
    "promoUntil": null
  },
  {
    "id": "700650TUB",
    "title": "Syoss Deep Conditioner Repair 250 ML",
    "category": "Drogisterij en baby",
    "price": 7.49,
    "promoPrice": null,
    "pricePerUnit": "29.96 l",
    "image": "https://www.jumbo.com/dam-images/fit-in/360x360/Products/RepairDCON023a9b0a-0b56-4d40-9731-e7af8ff8df0f-1752667502818.png",
    "available": true,
    "promoUntil": null
  },
  {
    "id": "215548STK",
    "title": "SchÃ¤r Hamburger Glutenvrij 300 g",
    "category": "Brood en gebak",
    "price": 4.2,
    "promoPrice": null,
    "pricePerUnit": "14.0 kg",
    "image": "https://www.jumbo.com/dam-images/fit-in/360x360/Products/31032025_1743413561005_1743413568851_8008698012246_1.png",
    "available": true,
    "promoUntil": null
  },
  {
    "id": "418282FLS",
    "title": "NIVEA Waterproof Oogmake-up Remover - 125ml -",
    "category": "Drogisterij en baby",
    "price": 8.31,
    "promoPrice": null,
    "pricePerUnit": "66.48 l",
    "image": "https://www.jumbo.com/dam-images/fit-in/360x360/Products/18082025_1755531251347_1755531254128_4005900666246_1.png",
    "available": true,
    "promoUntil": null
  },
  {
    "id": "507999FLS",
    "title": "Nivea Protect & Care 500ML",
    "category": "Drogisterij en baby",
    "price": 9.19,
    "promoPrice": null,
    "pricePerUnit": "18.38 l",
    "image": "https://www.jumbo.com/dam-images/fit-in/360x360/Products/30072025_1753844102888_1753844103602_507999_FLS_04005900368539_C1N1.png",
    "available": true,
    "promoUntil": null
  },
  {
    "id": "707527PAK",
    "title": "Verkade Crunchy Koek Reep Melk Karamel 90g",
    "category": "Koek, snoep, chocolade en chips",
    "price": 2.69,
    "promoPrice": null,
    "pricePerUnit": "29.89 kg",
    "image": "https://www.jumbo.com/dam-images/fit-in/360x360/Products/31072025_1753927092081_1753927097722_707527_PAK_08710412046443_H1N1.png",
    "available": true,
    "promoUntil": null
  },
  {
    "id": "142986POT",
    "title": "Verstegen Mosterdzaad Gemalen 27 g",
    "category": "Wereldkeukens, kruiden, pasta en rijst",
    "price": 2.96,
    "promoPrice": null,
    "pricePerUnit": "2.96 kg",
    "image": "https://www.jumbo.com/dam-images/fit-in/360x360/Products/11062025_1749605325007_1749605329034_142986_POT_08712200951267_C1N1.png",
    "available": true,
    "promoUntil": null
  },
  {
    "id": "203747ZK",
    "title": "Verstegen Mix voor Zalm 20 g",
    "category": "Wereldkeukens, kruiden, pasta en rijst",
    "price": 1.48,
    "promoPrice": null,
    "pricePerUnit": "74.0 kg",
    "image": "https://www.jumbo.com/dam-images/fit-in/360x360/Products/25022025_1740456395361_1740456401031_203747_ZK_08712200982032_C1N1.png",
    "available": true,
    "promoUntil": null
  },
  {
    "id": "595365ZK",
    "title": "Vifon Ramen Chili Flavour Instant Noodle Soup (Hot) 80 g",
    "category": "Wereldkeukens, kruiden, pasta en rijst",
    "price": 1.17,
    "promoPrice": null,
    "pricePerUnit": "14.63 kg",
    "image": "https://www.jumbo.com/dam-images/fit-in/360x360/Products/17012024_1705491249922_1705491263214_5901882019102_1.png",
    "available": true,
    "promoUntil": null
  },
  {
    "id": "614711PAK",
    "title": "Vifon Pikantny Chili Chicken Flavour Instant Noodle Soup (Very Hot) 70 g",
    "category": "Wereldkeukens, kruiden, pasta en rijst",
    "price": 0.69,
    "promoPrice": null,
    "pricePerUnit": "9.86 kg",
    "image": "https://www.jumbo.com/dam-images/fit-in/360x360/Products/12122024_1734014642771_1734014652311_5901882014893_1.png",
    "available": true,
    "promoUntil": null
  },
  {
    "id": "584965FLS",
    "title": "St. Bernardus - Abbey Ale Abt 12 - Fles - 330ML",
    "category": "Bier en wijn",
    "price": 2.89,
    "promoPrice": null,
    "pricePerUnit": "8.76 l",
    "image": "https://www.jumbo.com/dam-images/fit-in/360x360/Products/183533FLS1e30e7705-0f7e-45b2-b940-f5794ba237b8-1696582905912.png",
    "available": true,
    "promoUntil": null
  },
  {
    "id": "667404POT",
    "title": "Winiary Majonez - Mayonaise 250ml",
    "category": "Wereldkeukens, kruiden, pasta en rijst",
    "price": 3.99,
    "promoPrice": null,
    "pricePerUnit": "15.96 l",
    "image": "https://www.jumbo.com/dam-images/fit-in/360x360/Products/04122024_1733303472521_1733303479066_667404_POT_05900862212489_C1N1.png",
    "available": true,
    "promoUntil": null
  },
  {
    "id": "91624ZK",
    "title": "Silvo Mix voor Chili con Carne 35 g",
    "category": "Wereldkeukens, kruiden, pasta en rijst",
    "price": 1.88,
    "promoPrice": null,
    "pricePerUnit": "53.71 kg",
    "image": "https://www.jumbo.com/dam-images/fit-in/360x360/Products/24062024_1719235998503_1719236007834_8715500042086_1.png",
    "available": true,
    "promoUntil": null
  },
  {
    "id": "649209DS",
    "title": "White Claw Hard Seltzer Watermelon 330ML",
    "category": "Bier en wijn",
    "price": 9.4,
    "promoPrice": null,
    "pricePerUnit": "7.12 l",
    "image": "https://www.jumbo.com/dam-images/fit-in/360x360/Products/05391537511479H1N1e1c26254-9500-4b81-ad95-73cdbbb5c12e-1728542707040.png",
    "available": true,
    "promoUntil": null
  },
  {
    "id": "695038DS",
    "title": "Kinder Happy Hippo Biscuit Cacao Knapperig Gevuld Koekje 5 Stuks",
    "category": "Koek, snoep, chocolade en chips",
    "price": 2.86,
    "promoPrice": null,
    "pricePerUnit": "27.5 kg",
    "image": "https://www.jumbo.com/dam-images/fit-in/360x360/Products/24042025_1745473318021_1745473326447_695038_DS_08000500362303_C1N1.png",
    "available": true,
    "promoUntil": null
  },
  {
    "id": "477887POT",
    "title": "Little Maryam Tasty Lasagna Lasagne met Rundvlees 8+ Maanden 190 g",
    "category": "Drogisterij en baby",
    "price": 1.89,
    "promoPrice": null,
    "pricePerUnit": "9.95 kg",
    "image": "https://www.jumbo.com/dam-images/fit-in/360x360/Products/05032024_1709649320732_1709649338738_8720299444447_1.png",
    "available": true,
    "promoUntil": null
  },
  {
    "id": "596968DS",
    "title": "Nerds Candy Rainbow 141 g",
    "category": "Wereldkeukens, kruiden, pasta en rijst",
    "price": 2.79,
    "promoPrice": null,
    "pricePerUnit": "19.79 kg",
    "image": "https://www.jumbo.com/dam-images/fit-in/360x360/Products/20072024_1721438448270_1721438455992_596968_DS_08712857974206_C1N1.png",
    "available": true,
    "promoUntil": null
  },
  {
    "id": "97179FLS",
    "title": "Neutral 0% Bodylotion Parfumvrije 250 ml",
    "category": "Drogisterij en baby",
    "price": 6.95,
    "promoPrice": null,
    "pricePerUnit": "27.8 l",
    "image": "https://www.jumbo.com/dam-images/fit-in/360x360/Products/12092025_1757642994592_1757643034386_97179_FLS_08712561090872_H1N1.png",
    "available": true,
    "promoUntil": null
  },
  {
    "id": "559693PAK",
    "title": "Milka Pinda Chocolade Tablet 276g",
    "category": "Koek, snoep, chocolade en chips",
    "price": 5.63,
    "promoPrice": null,
    "pricePerUnit": "20.4 kg",
    "image": "https://www.jumbo.com/dam-images/fit-in/360x360/Products/11092025_1757554428963_1757554434951_559693_PAK_07622210999306_C1N1_s01.png",
    "available": true,
    "promoUntil": null
  },
  {
    "id": "580847FLS",
    "title": "Yellow Tail - Sauvignon Blanc - 750ML",
    "category": "Bier en wijn",
    "price": 5.99,
    "promoPrice": null,
    "pricePerUnit": "7.99 l",
    "image": "https://www.jumbo.com/dam-images/fit-in/360x360/Products/27082025_1756301631654_1756301634914_9322214011520_1.png",
    "available": true,
    "promoUntil": null
  },
  {
    "id": "675383STK",
    "title": "Pietencape 1 Maat",
    "category": "Non-food en servicebalie",
    "price": 5.99,
    "promoPrice": null,
    "pricePerUnit": "5.99 pieces",
    "image": "https://www.jumbo.com/dam-images/fit-in/360x360/Products/01072025_1751383990290_1751383997877_8721225775284_1.png",
    "available": true,
    "promoUntil": null
  },
  {
    "id": "190138STK",
    "title": "Natuurlijk Meenk Zoete Salmiak 180 g",
    "category": "Koek, snoep, chocolade en chips",
    "price": 2.55,
    "promoPrice": null,
    "pricePerUnit": "14.17 kg",
    "image": "https://www.jumbo.com/dam-images/fit-in/360x360/Products/09082023_1691584438766_1691584458454_8712514099365_1.png",
    "available": true,
    "promoUntil": null
  },
  {
    "id": "634526FLS",
    "title": "SodaStream Pepsi Zero Siroop 440ML",
    "category": "Frisdrank en sappen",
    "price": 6.49,
    "promoPrice": null,
    "pricePerUnit": "14.75 l",
    "image": "https://www.jumbo.com/dam-images/fit-in/360x360/Products/11062024_1718103843322_1718103847929_634526_FLS_08719128117249_C1N1.png",
    "available": true,
    "promoUntil": null
  },
  {
    "id": "665911ZK",
    "title": "Tesi Bon Hot Spiced Curlz Spicy Flavoured Crunchy Corn Snack 100 g",
    "category": "Wereldkeukens, kruiden, pasta en rijst",
    "price": 2.19,
    "promoPrice": null,
    "pricePerUnit": "21.9 kg",
    "image": "https://www.jumbo.com/dam-images/fit-in/360x360/Products/06012025_1736174007946_1736174016506_8721008283159_1.png",
    "available": true,
    "promoUntil": null
  },
  {
    "id": "581842FLS",
    "title": "Marcel's Green Soap Shower Gel Vanilla Cherry Blossom 300 ml",
    "category": "Drogisterij en baby",
    "price": 4.95,
    "promoPrice": null,
    "pricePerUnit": "16.5 l",
    "image": "https://www.jumbo.com/dam-images/fit-in/360x360/Products/03102023_1696336443495_1696336447565_8719325558258_1.png",
    "available": true,
    "promoUntil": null
  },
  {
    "id": "642899POT",
    "title": "Verstegen Bonenkruid 15 g",
    "category": "Wereldkeukens, kruiden, pasta en rijst",
    "price": 2.96,
    "promoPrice": null,
    "pricePerUnit": "197.33 kg",
    "image": "https://www.jumbo.com/dam-images/fit-in/360x360/Products/30072024_1722368002589_1722368008343_8712200133946_1.png",
    "available": true,
    "promoUntil": null
  },
  {
    "id": "704032CUP",
    "title": "Robijn Classics 3-in-1 Wascapsules Black Velvet 26 wasbeurten",
    "category": "Huishouden en dieren",
    "price": 21.45,
    "promoPrice": null,
    "pricePerUnit": "0.83 wb",
    "image": "https://www.jumbo.com/dam-images/fit-in/360x360/Products/24092025_1758676973701_1758676992174_704032_CUP_08720181747748_H1N1.png",
    "available": true,
    "promoUntil": null
  },
  {
    "id": "338569STK",
    "title": "Rummo Orecchiette 87 500 g",
    "category": "Wereldkeukens, kruiden, pasta en rijst",
    "price": 2.99,
    "promoPrice": null,
    "pricePerUnit": "5.98 kg",
    "image": "https://www.jumbo.com/dam-images/fit-in/360x360/Products/09082023_1691586624125_1691586645703_8008343200875_1.png",
    "available": true,
    "promoUntil": null
  },
  {
    "id": "510389POT",
    "title": "Verstegen World Spice Blend Vadouvan 42g",
    "category": "Wereldkeukens, kruiden, pasta en rijst",
    "price": 2.96,
    "promoPrice": null,
    "pricePerUnit": "70.48 kg",
    "image": "https://www.jumbo.com/dam-images/fit-in/360x360/Products/06022024_1707187903543_1707187909906_510389_POT_08712200098801_H1N1.png",
    "available": true,
    "promoUntil": null
  },
  {
    "id": "700767BUS",
    "title": "Syoss Haarspray Volume 300 ML",
    "category": "Drogisterij en baby",
    "price": 7.99,
    "promoPrice": null,
    "pricePerUnit": "26.63 l",
    "image": "https://www.jumbo.com/dam-images/fit-in/360x360/Products/5410091774837C1N177d52991-8c70-48bd-a843-3c9b7bb26afc-1752662673461.png",
    "available": true,
    "promoUntil": null
  },
  {
    "id": "215360STK",
    "title": "SchÃ¤r Foccacia con Rosmarino",
    "category": "Brood en gebak",
    "price": 3.71,
    "promoPrice": null,
    "pricePerUnit": "18.55 kg",
    "image": "https://www.jumbo.com/dam-images/fit-in/360x360/Products/31032025_1743413561008_1743413570734_8008698004678_1.png",
    "available": true,
    "promoUntil": null
  },
  {
    "id": "686982PAK",
    "title": "Les Recettes de l'Atelier 70% Noir Intense Amandel & Karamel 150 g",
    "category": "Koek, snoep, chocolade en chips",
    "price": 4.35,
    "promoPrice": null,
    "pricePerUnit": "29.0 kg",
    "image": "https://www.jumbo.com/dam-images/fit-in/360x360/Products/27032025_1743043750267_1743043755787_686982_PAK_08445291492141_H1N1_s01.png",
    "available": true,
    "promoUntil": null
  },
  {
    "id": "675844DS",
    "title": "Philips Led Kogel 40W E27",
    "category": "Non-food en servicebalie",
    "price": 8.19,
    "promoPrice": null,
    "pricePerUnit": "8.19 pieces",
    "image": "https://www.jumbo.com/dam-images/fit-in/360x360/Products/12092025_1757662554570_1757662560019_8718699665548_1.png",
    "available": true,
    "promoUntil": null
  },
  {
    "id": "140850ZK",
    "title": "Saitaku Panko Breadcrumbs 150 g",
    "category": "Wereldkeukens, kruiden, pasta en rijst",
    "price": 3.55,
    "promoPrice": null,
    "pricePerUnit": "23.67 kg",
    "image": "https://www.jumbo.com/dam-images/fit-in/360x360/Products/28082024_1724810291135_1724810297867_140850_ZK_05060194790939_C1N1.png",
    "available": true,
    "promoUntil": null
  },
  {
    "id": "672364ZK",
    "title": "Nestle Baby Snack Puffy Puffs Natuur 7m-36m 28 g",
    "category": "Drogisterij en baby",
    "price": 1.87,
    "promoPrice": null,
    "pricePerUnit": "66.79 kg",
    "image": "https://www.jumbo.com/dam-images/fit-in/360x360/Products/16012025_1737012766682_1737012775749_8445290554468_1.png",
    "available": true,
    "promoUntil": null
  },
  {
    "id": "715715ZK",
    "title": "Tena Discreet Ultra Normal Verband 16 Stuks",
    "category": "Drogisterij en baby",
    "price": 4.79,
    "promoPrice": null,
    "pricePerUnit": "0.3 pieces",
    "image": "https://www.jumbo.com/dam-images/fit-in/360x360/Products/02092025_1756776343539_1756776346225_715715_ZK_07322542397350_C1N1.png",
    "available": true,
    "promoUntil": null
  },
  {
    "id": "168790POT",
    "title": "Nutella & Go! 2 Packs",
    "category": "Koek, snoep, chocolade en chips",
    "price": 3.46,
    "promoPrice": null,
    "pricePerUnit": "33.27 kg",
    "image": "https://www.jumbo.com/dam-images/fit-in/360x360/Products/09082023_1691588242573_1691588249229_8000500045497_1.png",
    "available": true,
    "promoUntil": null
  },
  {
    "id": "678188ZK",
    "title": "Pampers Baby-Dry Pants Luierbroekjes Maat 5, 24 Luierbroekjes",
    "category": "Drogisterij en baby",
    "price": 15.49,
    "promoPrice": null,
    "pricePerUnit": "0.65 pieces",
    "image": "https://www.jumbo.com/dam-images/fit-in/360x360/Products/14082025_1755192783213_1755192789404_8700216670500_1.png",
    "available": true,
    "promoUntil": null
  },
  {
    "id": "675388STK",
    "title": "Sjablonen Set met Metallic Stiften ",
    "category": "Non-food en servicebalie",
    "price": 4.99,
    "promoPrice": null,
    "pricePerUnit": "4.99 pieces",
    "image": "https://www.jumbo.com/dam-images/fit-in/360x360/Products/15092025_1757964906672_1757964912644_8721225775437_1.png",
    "available": true,
    "promoUntil": null
  },
  {
    "id": "225906STK",
    "title": "Look-O-Look Snoepveters Aardbei Vegan 25 stuks",
    "category": "Koek, snoep, chocolade en chips",
    "price": 2.35,
    "promoPrice": null,
    "pricePerUnit": "18.8 kg",
    "image": "https://www.jumbo.com/dam-images/fit-in/360x360/Products/07072025_1751902617829_1751902622260_8713600098934_1.png",
    "available": true,
    "promoUntil": null
  },
  {
    "id": "703832BLK",
    "title": "Kaapse Karel On Steroids 440ML",
    "category": "Bier en wijn",
    "price": 4.99,
    "promoPrice": null,
    "pricePerUnit": "11.34 l",
    "image": "https://www.jumbo.com/dam-images/fit-in/360x360/Products/10062025_1749560162472_1749560167117_703832_BLK_08720256741886_C1N1.png",
    "available": true,
    "promoUntil": null
  },
  {
    "id": "623986FLS",
    "title": "Sourcy Vitaminwater Limoen-Lichee 1000ML",
    "category": "Frisdrank en sappen",
    "price": 2.59,
    "promoPrice": null,
    "pricePerUnit": "2.59 l",
    "image": "https://www.jumbo.com/dam-images/fit-in/360x360/Products/31052024_1717123909032_1717123914792_623986_FLS_08715600249477_C1N1.png",
    "available": true,
    "promoUntil": null
  },
  {
    "id": "562378FLS",
    "title": "Sportzot - Belgisch Bier Alcoholvrij 0.3% - Fles - 330ML",
    "category": "Bier en wijn",
    "price": 2.29,
    "promoPrice": null,
    "pricePerUnit": "6.94 l",
    "image": "https://www.jumbo.com/dam-images/fit-in/360x360/Products/09082023_1691584973799_1691584982781_5425017241683_1.png",
    "available": true,
    "promoUntil": null
  },
  {
    "id": "665910ZK",
    "title": "Tesi Bon Crunchy Cheese Curlz Cheese Flavoured Corn Snack 100 g",
    "category": "Wereldkeukens, kruiden, pasta en rijst",
    "price": 2.19,
    "promoPrice": null,
    "pricePerUnit": "21.9 kg",
    "image": "https://www.jumbo.com/dam-images/fit-in/360x360/Products/06012025_1736174007884_1736174014021_8721008283135_1.png",
    "available": true,
    "promoUntil": null
  },
  {
    "id": "323868RP",
    "title": "Tony's Chocolonely Melk Roos Framboos 180 g",
    "category": "Koek, snoep, chocolade en chips",
    "price": 4.29,
    "promoPrice": null,
    "pricePerUnit": "23.83 kg",
    "image": "https://www.jumbo.com/dam-images/fit-in/360x360/Products/20062025_1750411966694_1750411972625_8719956498558_1.png",
    "available": true,
    "promoUntil": null
  },
  {
    "id": "640280ZK",
    "title": "Takis Fuego Chilli and Lime Flavoured Fried Corn Snack 100 g",
    "category": "Wereldkeukens, kruiden, pasta en rijst",
    "price": 2.99,
    "promoPrice": null,
    "pricePerUnit": "29.9 kg",
    "image": "https://www.jumbo.com/dam-images/fit-in/360x360/Products/10012025_1736519627930_1736519634793_8412600019672_1.png",
    "available": true,
    "promoUntil": null
  },
  {
    "id": "702929BLS",
    "title": "ORAL-B PRO-CLEAN PULSAR batterij-aangedreven tandenborstel ,1",
    "category": "Drogisterij en baby",
    "price": 6.59,
    "promoPrice": null,
    "pricePerUnit": "6.59 pieces",
    "image": "https://www.jumbo.com/dam-images/fit-in/360x360/Products/15082025_1755216139183_1755216142422_8700216441704_1.png",
    "available": true,
    "promoUntil": null
  },
  {
    "id": "172397POT",
    "title": "Olvarit 12+ Maanden Broccoli Kalkoen Aardappel 250g",
    "category": "Drogisterij en baby",
    "price": 1.73,
    "promoPrice": null,
    "pricePerUnit": "6.92 kg",
    "image": "https://www.jumbo.com/dam-images/fit-in/360x360/Products/17112023_1700191016249_1700191021921_172397_POT_05900852926488_C1N1.png",
    "available": true,
    "promoUntil": null
  },
  {
    "id": "433089FLS",
    "title": "Scheldebrouwerij - Vol Blond - Lamme Goedzak - Fles - 330ML",
    "category": "Bier en wijn",
    "price": 2.89,
    "promoPrice": null,
    "pricePerUnit": "8.76 l",
    "image": "https://www.jumbo.com/dam-images/fit-in/360x360/Products/20092025_1758336046843_1758336049461_433089_FLS_08715951001274_C1N1.png",
    "available": true,
    "promoUntil": null
  },
  {
    "id": "562389FLS",
    "title": "Straffe Hendrik - Brugs Tripel - 9Â° Fles - 330ML",
    "category": "Bier en wijn",
    "price": 2.79,
    "promoPrice": null,
    "pricePerUnit": "8.45 l",
    "image": "https://www.jumbo.com/dam-images/fit-in/360x360/Products/05082024_1722839593404_1722839596999_5425017240457_1.png",
    "available": true,
    "promoUntil": null
  },
  {
    "id": "536558ZK",
    "title": "Whola Pola! Almonds in Dark Chocolate 100 g",
    "category": "Koek, snoep, chocolade en chips",
    "price": 2.99,
    "promoPrice": null,
    "pricePerUnit": "29.9 kg",
    "image": "https://www.jumbo.com/dam-images/fit-in/360x360/Products/14022024_1707873077845_1707873084504_5419980273833_1.png",
    "available": true,
    "promoUntil": null
  },
  {
    "id": "638148FLS",
    "title": "Vedett Extra Ordinary Ipa Fles 330ML",
    "category": "Bier en wijn",
    "price": 1.89,
    "promoPrice": null,
    "pricePerUnit": "5.73 l",
    "image": "https://www.jumbo.com/dam-images/fit-in/360x360/Products/05411681401775C1N1446101b4-42f3-444f-aaf3-af0cc3cb9609-1723718461442.png",
    "available": true,
    "promoUntil": null
  },
  {
    "id": "570542STK",
    "title": "Karaat rundvlees slaatje 3 x 150g",
    "category": "Verse maaltijden en gemak",
    "price": 1.77,
    "promoPrice": null,
    "pricePerUnit": "None None",
    "image": "https://www.jumbo.com/dam-images/fit-in/360x360/Products/570542STKc7a33fe0-59d5-457b-9ac3-1d5ce811bd18-1745827985869.png",
    "available": true,
    "promoUntil": null
  },
  {
    "id": "701589ZK",
    "title": "Koh Thai Loempia Rijstvellen om te Frituren 100g",
    "category": "Wereldkeukens, kruiden, pasta en rijst",
    "price": 2.47,
    "promoPrice": null,
    "pricePerUnit": "24.7 kg",
    "image": "https://www.jumbo.com/dam-images/fit-in/360x360/Products/28052025_1748436370431_1748436384773_701589_ZK_08720604472905_C1N1.png",
    "available": true,
    "promoUntil": null
  },
  {
    "id": "701324STK",
    "title": "Sam Mills Penne van rode linzen & gele erwten, eiwitrijk en glutenvrij 250g",
    "category": "Wereldkeukens, kruiden, pasta en rijst",
    "price": 3.69,
    "promoPrice": null,
    "pricePerUnit": "14.76 kg",
    "image": "https://www.jumbo.com/dam-images/fit-in/360x360/Products/24072025_1753356823576_1753356828489_5941634004819_1.png",
    "available": true,
    "promoUntil": null
  },
  {
    "id": "454670STK",
    "title": "Organix Knijpfruit 6+ Maanden 3 Stuks x 100g",
    "category": "Drogisterij en baby",
    "price": 4.32,
    "promoPrice": null,
    "pricePerUnit": "None None",
    "image": "https://www.jumbo.com/dam-images/fit-in/360x360/Products/568925STK216b1044-e900-4c3b-a8e2-849e3288fbef-1706171157335.png",
    "available": true,
    "promoUntil": null
  },
  {
    "id": "673148DS",
    "title": "Pirulo Kaktus 4 Friends 90ML",
    "category": "Diepvries",
    "price": 2.49,
    "promoPrice": null,
    "pricePerUnit": "27.67 l",
    "image": "https://www.jumbo.com/dam-images/fit-in/360x360/Products/14012025_1736866063075_1736866073185_673148_DS_.png",
    "available": true,
    "promoUntil": null
  },
  {
    "id": "544333ZK",
    "title": "Red Band Sour Bites Mix 145 g",
    "category": "Koek, snoep, chocolade en chips",
    "price": 1.97,
    "promoPrice": null,
    "pricePerUnit": "13.59 kg",
    "image": "https://www.jumbo.com/dam-images/fit-in/360x360/Products/20032025_1742437923717_1742437943323_544333_ZK_08713800143137_H1N1.png",
    "available": true,
    "promoUntil": null
  },
  {
    "id": "561861POT",
    "title": "SOUQ Gekonfijte Citroen",
    "category": "Wereldkeukens, kruiden, pasta en rijst",
    "price": 2.66,
    "promoPrice": null,
    "pricePerUnit": "12.67 kg",
    "image": "https://www.jumbo.com/dam-images/fit-in/360x360/Products/01052024_1714526473305_1714526488720_561861_POT_08717662265938_C1N1.png",
    "available": true,
    "promoUntil": null
  },
  {
    "id": "677567DS",
    "title": "Sinaspril Paracetamol kauwtabletten 120 mg, 10 stuks",
    "category": "Drogisterij en baby",
    "price": 3.99,
    "promoPrice": null,
    "pricePerUnit": "0.4 pieces",
    "image": "https://www.jumbo.com/dam-images/fit-in/360x360/Products/24092025_1758672137615_1758672146312_8713091024825_1.png",
    "available": true,
    "promoUntil": null
  },
  {
    "id": "542091BLK",
    "title": "To Ãl - Whirl Domination - IPA - Blik - 440ML",
    "category": "Bier en wijn",
    "price": 3.49,
    "promoPrice": null,
    "pricePerUnit": "7.93 l",
    "image": "https://www.jumbo.com/dam-images/fit-in/360x360/Products/20092025_1758333642636_1758333645234_542091_BLK_08720847221360_C1N1.png",
    "available": true,
    "promoUntil": null
  },
  {
    "id": "544332ZK",
    "title": "Red Band Juicy Bites Strawberry 145 g",
    "category": "Koek, snoep, chocolade en chips",
    "price": 1.87,
    "promoPrice": null,
    "pricePerUnit": "12.9 kg",
    "image": "https://www.jumbo.com/dam-images/fit-in/360x360/Products/28082025_1756345482733_1756345489459_544332_ZK_08713800143113_C1N1.png",
    "available": true,
    "promoUntil": null
  },
  {
    "id": "667148PAK",
    "title": "Van de Boom Kers Siroop  0,75L",
    "category": "Frisdrank en sappen",
    "price": 2.99,
    "promoPrice": null,
    "pricePerUnit": "3.99 l",
    "image": "https://www.jumbo.com/dam-images/fit-in/360x360/Products/04092025_1756996412335_1756996422588_8720157402725_596.png",
    "available": true,
    "promoUntil": null
  },
  {
    "id": "672368ZK",
    "title": "NestlÃ© Baby Biscuit Naturel 12m/36m 180 g",
    "category": "Drogisterij en baby",
    "price": 3.19,
    "promoPrice": null,
    "pricePerUnit": "17.72 kg",
    "image": "https://www.jumbo.com/dam-images/fit-in/360x360/Products/28072025_1753709633568_1753709641921_7613034636270_1.png",
    "available": true,
    "promoUntil": null
  },
  {
    "id": "586726PKL",
    "title": "NestlÃ© LITTLE STEPS 2 Opvolgmelk Standaard 6+ maanden 2 x 800 g",
    "category": "Drogisterij en baby",
    "price": 26.72,
    "promoPrice": null,
    "pricePerUnit": "16.7 kg",
    "image": "https://www.jumbo.com/dam-images/fit-in/360x360/Products/586726PKL1abde6d47-a5c4-4717-b089-76d610c16cda-1698673708461.png",
    "available": true,
    "promoUntil": null
  },
  {
    "id": "664661ZK",
    "title": "Venco Jubes Zacht Zout 235 g",
    "category": "Koek, snoep, chocolade en chips",
    "price": 2.56,
    "promoPrice": null,
    "pricePerUnit": "10.89 kg",
    "image": "https://www.jumbo.com/dam-images/fit-in/360x360/Products/17012025_1737079871179_1737079878037_664661_ZK_08713800256165_H1N1.png",
    "available": true,
    "promoUntil": null
  },
  {
    "id": "558910ZK",
    "title": "Verstegen Kruidenmix voor Burrito 40 g",
    "category": "Wereldkeukens, kruiden, pasta en rijst",
    "price": 1.49,
    "promoPrice": null,
    "pricePerUnit": "37.25 kg",
    "image": "https://www.jumbo.com/dam-images/fit-in/360x360/Products/14022024_1707872667946_1707872673856_8712200109620_1.png",
    "available": true,
    "promoUntil": null
  },
  {
    "id": "437183ZK",
    "title": "Verstegen Nigellazaad Kleinverpakking 9 g",
    "category": "Wereldkeukens, kruiden, pasta en rijst",
    "price": 0.98,
    "promoPrice": null,
    "pricePerUnit": "108.89 kg",
    "image": "https://www.jumbo.com/dam-images/fit-in/360x360/Products/09082023_1691588634541_1691588639950_8712200091079_1.png",
    "available": true,
    "promoUntil": null
  },
  {
    "id": "571497STK",
    "title": "The Great British Cheese Company The Flagship Mature Cheddar 200 g",
    "category": "Vleeswaren, kaas en tapas",
    "price": 4.99,
    "promoPrice": null,
    "pricePerUnit": "24.95 kg",
    "image": "https://www.jumbo.com/dam-images/fit-in/360x360/Products/14022024_1707873255281_1707873265057_5070002417408_1.png",
    "available": true,
    "promoUntil": null
  },
  {
    "id": "676378TUB",
    "title": "Sensodyne Gentle Whitening Tandpasta Duo Pack 2 x 75 ML",
    "category": "Drogisterij en baby",
    "price": 11.49,
    "promoPrice": null,
    "pricePerUnit": "76.6 l",
    "image": "https://www.jumbo.com/dam-images/fit-in/360x360/Products/30012025_1738244513430_1738244516819_676378_TUB_05054563233646_C1N1.png",
    "available": true,
    "promoUntil": null
  },
  {
    "id": "183631POT",
    "title": "Jumbo Zeezout 370 g",
    "category": "Wereldkeukens, kruiden, pasta en rijst",
    "price": 4.5,
    "promoPrice": null,
    "pricePerUnit": "12.16 kg",
    "image": "https://www.jumbo.com/dam-images/fit-in/360x360/Products/09082023_1691581023911_1691581047840_8718452203727_1.png",
    "available": true,
    "promoUntil": null
  },
  {
    "id": "685823PAK",
    "title": "Jumbo's Pure Chocolade Amandel Zeezout 140 g",
    "category": "Koek, snoep, chocolade en chips",
    "price": 2.99,
    "promoPrice": null,
    "pricePerUnit": "21.36 kg",
    "image": "https://www.jumbo.com/dam-images/fit-in/360x360/Products/21052025_1747823607486_1747823617833_8718452871193_596.png",
    "available": true,
    "promoUntil": null
  },
  {
    "id": "619099ZK",
    "title": "Kettle Sea Salt Chips 130g",
    "category": "Koek, snoep, chocolade en chips",
    "price": 2.69,
    "promoPrice": null,
    "pricePerUnit": "20.69 kg",
    "image": "https://www.jumbo.com/dam-images/fit-in/360x360/Products/15032024_1710494480611_1710494488085_619099_ZK_08718781203252_C1N1.png",
    "available": true,
    "promoUntil": null
  },
  {
    "id": "482742ZK",
    "title": "Kinder Schoko-Bons 125 g",
    "category": "Koek, snoep, chocolade en chips",
    "price": 1.81,
    "promoPrice": null,
    "pricePerUnit": "14.48 kg",
    "image": "https://www.jumbo.com/dam-images/fit-in/360x360/Products/09092025_1757421320173_1757421328094_5413548280189_1.png",
    "available": true,
    "promoUntil": null
  },
  {
    "id": "392996DS",
    "title": "Lindt Excellence Mint Intense Noir 100g",
    "category": "Koek, snoep, chocolade en chips",
    "price": 3.95,
    "promoPrice": null,
    "pricePerUnit": "39.5 kg",
    "image": "https://www.jumbo.com/dam-images/fit-in/360x360/Products/14062024_1718329073026_1718329102762_392996_DS_03046920028752_H1N1.png",
    "available": true,
    "promoUntil": null
  },
  {
    "id": "611161FLS",
    "title": "Lindemans - Aardbeien Fruitbier - Fles 250ML",
    "category": "Bier en wijn",
    "price": 2.69,
    "promoPrice": null,
    "pricePerUnit": "10.76 l",
    "image": "https://www.jumbo.com/dam-images/fit-in/360x360/Products/23052024_1716453199179_1716453203326_5411223006116_1.png",
    "available": true,
    "promoUntil": null
  },
  {
    "id": "455748ZK",
    "title": "Seleco Zeewiersnack Gepaneerd 40g",
    "category": "",
    "price": 2.49,
    "promoPrice": null,
    "pricePerUnit": "62.25 kg",
    "image": "https://www.jumbo.com/dam-images/fit-in/360x360/Products/12122023_1702347592569_1702347600549_455748_ZK_08852116807668_C1N1.png",
    "available": true,
    "promoUntil": null
  },
  {
    "id": "481813DS",
    "title": "NestlÃ© PyjamaPapjeÂ® Aardbei 6+ maanden baby pap 2 x 250 ml",
    "category": "Drogisterij en baby",
    "price": 2.47,
    "promoPrice": null,
    "pricePerUnit": "4.66 kg",
    "image": "https://www.jumbo.com/dam-images/fit-in/360x360/Products/28072025_1753709632936_1753709639996_7613287838926_1.png",
    "available": true,
    "promoUntil": null
  },
  {
    "id": "143192POT",
    "title": "Verstegen Mix Italiaans 50 g ",
    "category": "Wereldkeukens, kruiden, pasta en rijst",
    "price": 2.99,
    "promoPrice": null,
    "pricePerUnit": "59.8 kg",
    "image": "https://www.jumbo.com/dam-images/fit-in/360x360/Products/04072025_1751590960146_1751590965885_143192_POT_08712200572516_C1N1.png",
    "available": true,
    "promoUntil": null
  },
  {
    "id": "705605FLS",
    "title": "Sanex Men Dermo Sensitive  Roller 50 ML",
    "category": "Drogisterij en baby",
    "price": 4.69,
    "promoPrice": null,
    "pricePerUnit": "93.8 l",
    "image": "https://www.jumbo.com/dam-images/fit-in/360x360/Products/18062025_1750251586915_1750251589736_705605_FLS_08718951730328_C1N1.png",
    "available": true,
    "promoUntil": null
  },
  {
    "id": "634863FLS",
    "title": "SodaStream 7UP Zero Siroop 440ML",
    "category": "Frisdrank en sappen",
    "price": 6.49,
    "promoPrice": null,
    "pricePerUnit": "14.75 l",
    "image": "https://www.jumbo.com/dam-images/fit-in/360x360/Products/14062024_1718354794636_1718354799197_634863_FLS_08719128117294_C1N1.png",
    "available": true,
    "promoUntil": null
  },
  {
    "id": "412309DS",
    "title": "Kleenex Allergy Comfort Zakdoeken 3-Laags 56 Stuks",
    "category": "Drogisterij en baby",
    "price": 2.39,
    "promoPrice": null,
    "pricePerUnit": "0.04 pieces",
    "image": "https://www.jumbo.com/dam-images/fit-in/360x360/Products/25092024_1727232985047_1727232987795_412309_DS_05029053573717_C1N1.png",
    "available": true,
    "promoUntil": null
  },
  {
    "id": "600144FLS",
    "title": "Klein Geluk - Shiraz - 750ML",
    "category": "Bier en wijn",
    "price": 5.99,
    "promoPrice": null,
    "pricePerUnit": "7.99 l",
    "image": "https://www.jumbo.com/dam-images/fit-in/360x360/Products/02022024_1706870103971_1706870106246_6009803218784_1.png",
    "available": true,
    "promoUntil": null
  },
  {
    "id": "692661DS",
    "title": "Magnum Bonbon Ijs White Chocolate & Cookies 12 x 17 ml",
    "category": "Diepvries",
    "price": 4.99,
    "promoPrice": null,
    "pricePerUnit": "24.46 l",
    "image": "https://www.jumbo.com/dam-images/fit-in/360x360/Products/01092025_1756722869518_1756722873793_8711327640450_1.png",
    "available": true,
    "promoUntil": null
  },
  {
    "id": "671596BLS",
    "title": "Varta Knoopcel batterij V13GA alkaline 1,5V 2 stuks",
    "category": "Non-food en servicebalie",
    "price": 6.99,
    "promoPrice": null,
    "pricePerUnit": "3.5 pieces",
    "image": "https://www.jumbo.com/dam-images/fit-in/360x360/Products/09042025_1744156893851_1744156899623_4008496746347_1.png",
    "available": true,
    "promoUntil": null
  },
  {
    "id": "215572FLS",
    "title": "Tommy's Kombucha Ginger & Lemon 33 cl",
    "category": "Frisdrank en sappen",
    "price": 2.79,
    "promoPrice": null,
    "pricePerUnit": "8.45 l",
    "image": "https://www.jumbo.com/dam-images/fit-in/360x360/Products/09082023_1691586713632_1691586717728_8719326069364_1.png",
    "available": true,
    "promoUntil": null
  },
  {
    "id": "237950STK",
    "title": "Verstegen Korianderzaad 24 g",
    "category": "Wereldkeukens, kruiden, pasta en rijst",
    "price": 2.76,
    "promoPrice": null,
    "pricePerUnit": "115.0 kg",
    "image": "https://www.jumbo.com/dam-images/fit-in/360x360/Products/26082025_1756171115173_1756171119302_237950_STK_08712200067661_C1N1.png",
    "available": true,
    "promoUntil": null
  },
  {
    "id": "558898ZK",
    "title": "Verstegen Kruidenmix voor Nasi & Bami Pittig 30 g",
    "category": "Wereldkeukens, kruiden, pasta en rijst",
    "price": 1.56,
    "promoPrice": null,
    "pricePerUnit": "52.0 kg",
    "image": "https://www.jumbo.com/dam-images/fit-in/360x360/Products/14022024_1707872667846_1707872675079_8712200109729_1.png",
    "available": true,
    "promoUntil": null
  },
  {
    "id": "558573POT",
    "title": "Verstegen Spicy Touch Blend Habanero 43 g",
    "category": "Wereldkeukens, kruiden, pasta en rijst",
    "price": 4.51,
    "promoPrice": null,
    "pricePerUnit": "104.88 kg",
    "image": "https://www.jumbo.com/dam-images/fit-in/360x360/Products/30052024_1717036716068_1717036720320_558573_POT_08712200109927_C1N1.png",
    "available": true,
    "promoUntil": null
  },
  {
    "id": "411766BLS",
    "title": "WC-Eend Active Clean Marine 77,2 g",
    "category": "Huishouden en dieren",
    "price": 5.19,
    "promoPrice": null,
    "pricePerUnit": "2.6 pieces",
    "image": "https://www.jumbo.com/dam-images/fit-in/360x360/Products/12122024_1734014524903_1734014541093_5000204188110_1.png",
    "available": true,
    "promoUntil": null
  },
  {
    "id": "560271PAK",
    "title": "Taksi Tropisch Fruit 0,3 L",
    "category": "Frisdrank en sappen",
    "price": 0.99,
    "promoPrice": null,
    "pricePerUnit": "3.3 l",
    "image": "https://www.jumbo.com/dam-images/fit-in/360x360/Products/27112024_1732680642765_1732680655128_560271_PAK_08720157400011_C1N1.png",
    "available": true,
    "promoUntil": null
  },
  {
    "id": "178402STK",
    "title": "Oreo Double CrÃ¨me Koekjes (11 x 14,2g) 157g",
    "category": "Koek, snoep, chocolade en chips",
    "price": 1.74,
    "promoPrice": null,
    "pricePerUnit": "11.08 kg",
    "image": "https://www.jumbo.com/dam-images/fit-in/360x360/Products/23092025_1758630794894_1758630799600_7622210137258_596.png",
    "available": true,
    "promoUntil": null
  },
  {
    "id": "143190POT",
    "title": "Verstegen Mix voor Shoarma 60 g",
    "category": "Wereldkeukens, kruiden, pasta en rijst",
    "price": 2.69,
    "promoPrice": null,
    "pricePerUnit": "44.83 kg",
    "image": "https://www.jumbo.com/dam-images/fit-in/360x360/Products/25022025_1740449015380_1740449021651_143190_POT_08712200573315_C1N1.png",
    "available": true,
    "promoUntil": null
  },
  {
    "id": "669468FLS",
    "title": "Lowlander Wit 0% 330ML",
    "category": "Bier en wijn",
    "price": 2.49,
    "promoPrice": null,
    "pricePerUnit": "7.55 l",
    "image": "https://www.jumbo.com/dam-images/fit-in/360x360/Products/12072025_1752287302135_1752287309195_669468_FLS_08720618787521_C1N1.png",
    "available": true,
    "promoUntil": null
  },
  {
    "id": "525207ZK",
    "title": "Smuldier Lam met Groenten Compleet 240 g",
    "category": "Diepvries",
    "price": 1.49,
    "promoPrice": null,
    "pricePerUnit": "6.21 kg",
    "image": "https://www.jumbo.com/dam-images/fit-in/360x360/Products/09082023_1691595860948_1691595864483_8720795352024_1.png",
    "available": true,
    "promoUntil": null
  },
  {
    "id": "203744ZK",
    "title": "Verstegen Mix voor Marinade 20 g",
    "category": "Wereldkeukens, kruiden, pasta en rijst",
    "price": 1.34,
    "promoPrice": null,
    "pricePerUnit": "67.0 kg",
    "image": "https://www.jumbo.com/dam-images/fit-in/360x360/Products/15032025_1742007467091_1742007473263_203744_ZK_08712200982292_C1N1.png",
    "available": true,
    "promoUntil": null
  },
  {
    "id": "703567BAK",
    "title": "Jumbo's Vriesvers Maaltijden Orzo Pesto 450g",
    "category": "Diepvries",
    "price": 5.99,
    "promoPrice": null,
    "pricePerUnit": "13.31 kg",
    "image": "",
    "available": true,
    "promoUntil": null
  },
  {
    "id": "174800KST",
    "title": "Look-O-Look Snoep Mini Sushi 100g",
    "category": "Koek, snoep, chocolade en chips",
    "price": 2.66,
    "promoPrice": null,
    "pricePerUnit": "26.6 kg",
    "image": "https://www.jumbo.com/dam-images/fit-in/360x360/Products/07072025_1751902617534_1751902623230_8713600286072_1.png",
    "available": true,
    "promoUntil": null
  },
  {
    "id": "579773DS",
    "title": "Nature Valley Protein Chocolate & Cranberries 4 x 40 g",
    "category": "Koek, snoep, chocolade en chips",
    "price": 4.15,
    "promoPrice": null,
    "pricePerUnit": "25.94 kg",
    "image": "https://www.jumbo.com/dam-images/fit-in/360x360/Products/05072025_1751681502731_1751681513711_579773_DS_08410076611277_H1N1.png",
    "available": true,
    "promoUntil": null
  },
  {
    "id": "407096DS",
    "title": "Strepsils Strepfen citroen en honing suikervrij 8,75 mg keelspray",
    "category": "Drogisterij en baby",
    "price": 10.88,
    "promoPrice": null,
    "pricePerUnit": "725.33 l",
    "image": "https://www.jumbo.com/dam-images/fit-in/360x360/Products/24092025_1758672135969_1758672142625_5410036305638_1.png",
    "available": true,
    "promoUntil": null
  },
  {
    "id": "496460STK",
    "title": "Oscillococcinum Buisje, 6 stuks",
    "category": "Drogisterij en baby",
    "price": 10.99,
    "promoPrice": null,
    "pricePerUnit": "1831.67 kg",
    "image": "https://www.jumbo.com/dam-images/fit-in/360x360/Products/24092025_1758672092458_1758672097581_8711788232003_1.png",
    "available": true,
    "promoUntil": null
  },
  {
    "id": "649205BLK",
    "title": "Pariba Cherry Vanilla 320ML",
    "category": "Frisdrank en sappen",
    "price": 1.39,
    "promoPrice": null,
    "pricePerUnit": "4.34 l",
    "image": "https://www.jumbo.com/dam-images/fit-in/360x360/Products/05092024_1725540371005_1725540373370_649205_BLK_08720618801845_C1N1.png",
    "available": true,
    "promoUntil": null
  },
  {
    "id": "637553TUB",
    "title": "Sensodyne Proglasur Active Shield Whitening 75 ML",
    "category": "Drogisterij en baby",
    "price": 7.29,
    "promoPrice": null,
    "pricePerUnit": "97.2 l",
    "image": "https://www.jumbo.com/dam-images/fit-in/360x360/Products/28062024_1719565375040_1719565377133_637553_TUB_05054563179081_C1N1.png",
    "available": true,
    "promoUntil": null
  },
  {
    "id": "91633ZK",
    "title": "Silvo Mix voor Stamppot Hutspot 25 g",
    "category": "Wereldkeukens, kruiden, pasta en rijst",
    "price": 1.88,
    "promoPrice": null,
    "pricePerUnit": "75.2 kg",
    "image": "https://www.jumbo.com/dam-images/fit-in/360x360/Products/24062024_1719235998772_1719236009988_8715500042185_1.png",
    "available": true,
    "promoUntil": null
  },
  {
    "id": "635522DS",
    "title": "Skittles Fruits vegan snoepjes 152g",
    "category": "Koek, snoep, chocolade en chips",
    "price": 2.39,
    "promoPrice": null,
    "pricePerUnit": "15.72 kg",
    "image": "https://www.jumbo.com/dam-images/fit-in/360x360/Products/15052025_1747330436315_1747330447152_4009900482967_596.png",
    "available": true,
    "promoUntil": null
  },
  {
    "id": "703054DS",
    "title": "Mutti polpa multipack 800g",
    "category": "Wereldkeukens, kruiden, pasta en rijst",
    "price": 3.49,
    "promoPrice": null,
    "pricePerUnit": "4.36 kg",
    "image": "https://www.jumbo.com/dam-images/fit-in/360x360/Products/11062025_1749605103509_1749605110370_703054_DS_08005110170225_C1N1.png",
    "available": true,
    "promoUntil": null
  },
  {
    "id": "198619STK",
    "title": "NIVEA MEN Protect & Care Anti-Transpirant Roller - 50ml",
    "category": "Drogisterij en baby",
    "price": 5.79,
    "promoPrice": null,
    "pricePerUnit": "115.8 l",
    "image": "https://www.jumbo.com/dam-images/fit-in/360x360/Products/16072025_1752680047225_1752680049547_42345305_1.png",
    "available": true,
    "promoUntil": null
  },
  {
    "id": "215599STK",
    "title": "Labello Hydro Care SPF 15 4,8 g",
    "category": "Drogisterij en baby",
    "price": 3.99,
    "promoPrice": null,
    "pricePerUnit": "725.45 l",
    "image": "https://www.jumbo.com/dam-images/fit-in/360x360/Products/19092025_1758244380290_1758244381648_215599_STK_00000042438786_C1N1.png",
    "available": true,
    "promoUntil": null
  },
  {
    "id": "572676DS",
    "title": "Toppits Bewaarzakjes 40 Stuks",
    "category": "Huishouden en dieren",
    "price": 5.19,
    "promoPrice": null,
    "pricePerUnit": "0.13 pieces",
    "image": "https://www.jumbo.com/dam-images/fit-in/360x360/Products/09082023_1691594752722_1691594768137_4008871200860_1.png",
    "available": true,
    "promoUntil": null
  },
  {
    "id": "172393POT",
    "title": "Olvarit 15+ Maanden Spaghetti Bolognese 250g",
    "category": "Drogisterij en baby",
    "price": 1.73,
    "promoPrice": null,
    "pricePerUnit": "6.92 kg",
    "image": "https://www.jumbo.com/dam-images/fit-in/360x360/Products/07112023_1699353425611_1699353434557_5900852926440_1.png",
    "available": true,
    "promoUntil": null
  },
  {
    "id": "635074PAK",
    "title": "Verkade Schoenkado Melk 45 g",
    "category": "Koek, snoep, chocolade en chips",
    "price": 1.39,
    "promoPrice": null,
    "pricePerUnit": "30.89 kg",
    "image": "https://www.jumbo.com/dam-images/fit-in/360x360/Products/20032025_1742438986914_1742438991032_635074_PAK_08710412044258_H1N1.png",
    "available": true,
    "promoUntil": null
  },
  {
    "id": "642028TAS",
    "title": "XOX American Fries BBQ-Curry Style 125 g",
    "category": "Koek, snoep, chocolade en chips",
    "price": 1.79,
    "promoPrice": null,
    "pricePerUnit": "14.32 kg",
    "image": "https://www.jumbo.com/dam-images/fit-in/360x360/Products/18062025_1750232047712_1750232055879_4031446809120_1.png",
    "available": true,
    "promoUntil": null
  },
  {
    "id": "437180POT",
    "title": "Verstegen World Spice Meal PokÃ© Bowl 65 g",
    "category": "Wereldkeukens, kruiden, pasta en rijst",
    "price": 3.99,
    "promoPrice": null,
    "pricePerUnit": "61.38 kg",
    "image": "https://www.jumbo.com/dam-images/fit-in/360x360/Products/12122024_1734014685012_1734014694751_87351767_1.png",
    "available": true,
    "promoUntil": null
  },
  {
    "id": "667155BLK",
    "title": "Trip Elderflower Mint 250ML",
    "category": "Frisdrank en sappen",
    "price": 1.89,
    "promoPrice": null,
    "pricePerUnit": "7.56 l",
    "image": "https://www.jumbo.com/dam-images/fit-in/360x360/Products/03122024_1733228149300_1733228154381_667155_BLK_05060884851483_C1N1.png",
    "available": true,
    "promoUntil": null
  },
  {
    "id": "608745ZK",
    "title": "Lekker uit Limburg Limburgse Cervelaat 0,300 kg",
    "category": "Vleeswaren, kaas en tapas",
    "price": 3.99,
    "promoPrice": null,
    "pricePerUnit": "13.3 kg",
    "image": "https://www.jumbo.com/dam-images/fit-in/360x360/Products/12122024_1734014423517_1734014426878_8714328362000_1.png",
    "available": true,
    "promoUntil": null
  },
  {
    "id": "557344ZK",
    "title": "Mini Babybel Plant-Based tussendoortje 5 x 20 g",
    "category": "Vleeswaren, kaas en tapas",
    "price": 2.89,
    "promoPrice": null,
    "pricePerUnit": "28.9 kg",
    "image": "https://www.jumbo.com/dam-images/fit-in/360x360/Products/22052025_1747931606331_1747931610681_3073781176483_1.png",
    "available": true,
    "promoUntil": null
  },
  {
    "id": "568711DS",
    "title": "Riso Scotti Arborio risotto rijst 500g",
    "category": "Wereldkeukens, kruiden, pasta en rijst",
    "price": 3.99,
    "promoPrice": null,
    "pricePerUnit": "7.98 kg",
    "image": "https://www.jumbo.com/dam-images/fit-in/360x360/Products/13062024_1718243036003_1718243038772_568711_DS_08001860201516_C1N1.png",
    "available": true,
    "promoUntil": null
  },
  {
    "id": "142991POT",
    "title": "Verstegen Mix voor Patat & Frites 80 g",
    "category": "Wereldkeukens, kruiden, pasta en rijst",
    "price": 2.99,
    "promoPrice": null,
    "pricePerUnit": "37.38 kg",
    "image": "https://www.jumbo.com/dam-images/fit-in/360x360/Products/04072025_1751597269202_1751597274078_142991_POT_08712200216922_C1N1.png",
    "available": true,
    "promoUntil": null
  },
  {
    "id": "397295STK",
    "title": "Olvarit Maaltijdpotjes 6+ Maanden 5 x 200g",
    "category": "Drogisterij en baby",
    "price": 7.4,
    "promoPrice": null,
    "pricePerUnit": "None None",
    "image": "https://www.jumbo.com/dam-images/fit-in/360x360/Products/397295STK5c2b0ab7-7992-4655-a1bb-42b81f1ae9f3-1727872095672.png",
    "available": true,
    "promoUntil": null
  },
  {
    "id": "553204DSL",
    "title": "Zwitsal Billendoekjes Water & Care 12 x 52 Stuks",
    "category": "Drogisterij en baby",
    "price": 39.99,
    "promoPrice": 27.99,
    "pricePerUnit": "0.04 pieces",
    "image": "https://www.jumbo.com/dam-images/fit-in/360x360/Products/553204DSL19c57f586-6708-4396-b8ab-0f199a061169-1694615019618.png",
    "available": true,
    "promoUntil": "di 7 okt"
  },
  {
    "id": "507402FLS",
    "title": "Sebamed Sensitive Skin Zeepvrije Wasemulsie 300 ml",
    "category": "Drogisterij en baby",
    "price": 8.48,
    "promoPrice": null,
    "pricePerUnit": "28.27 l",
    "image": "https://www.jumbo.com/dam-images/fit-in/360x360/Products/15082025_1755226976194_1755226983822_507402_FLS_04103040901095_C1N1.png",
    "available": true,
    "promoUntil": null
  },
  {
    "id": "715878BAK",
    "title": "XXL Chicken Burger 190 g",
    "category": "Verse maaltijden en gemak",
    "price": 2.99,
    "promoPrice": null,
    "pricePerUnit": "15.74 kg",
    "image": "https://www.jumbo.com/dam-images/fit-in/360x360/Products/08052025_1746714771539_1746714789629_4132500003819_1.png",
    "available": true,
    "promoUntil": null
  },
  {
    "id": "377965DS",
    "title": "Sorgh & Hoop Verse Surinaamse Hindoestaanse Kerriepasta 90 g",
    "category": "Wereldkeukens, kruiden, pasta en rijst",
    "price": 1.99,
    "promoPrice": null,
    "pricePerUnit": "22.11 kg",
    "image": "https://www.jumbo.com/dam-images/fit-in/360x360/Products/23082024_1724382538058_1724382544931_377965_DS_08720387088010_C1N1.png",
    "available": true,
    "promoUntil": null
  },
  {
    "id": "550104ZK",
    "title": "TUC Bake Rolls Crackers Tomato & Olive 150g",
    "category": "Koek, snoep, chocolade en chips",
    "price": 1.99,
    "promoPrice": null,
    "pricePerUnit": "13.27 kg",
    "image": "https://www.jumbo.com/dam-images/fit-in/360x360/Products/02092025_1756809249570_1756809260286_7622201748258_596.png",
    "available": true,
    "promoUntil": null
  },
  {
    "id": "700789POT",
    "title": "Taft V12 Power Gel 250 ML",
    "category": "Drogisterij en baby",
    "price": 7.99,
    "promoPrice": null,
    "pricePerUnit": "31.96 l",
    "image": "https://www.jumbo.com/dam-images/fit-in/360x360/Products/16072025_1752630682971_1752630687766_700789_POT_05410091771010_C1N1.png",
    "available": true,
    "promoUntil": null
  },
  {
    "id": "432200FLS",
    "title": "Nivea Men Sport Shower Gel 500ml",
    "category": "Drogisterij en baby",
    "price": 9.49,
    "promoPrice": null,
    "pricePerUnit": "18.98 l",
    "image": "https://www.jumbo.com/dam-images/fit-in/360x360/Products/27082025_1756258047645_1756258048465_432200_FLS_04005808135561_C1N1.png",
    "available": true,
    "promoUntil": null
  },
  {
    "id": "437157ZK",
    "title": "Verstegen Amchoor Gemalen Kleinverpakking 10 g",
    "category": "Wereldkeukens, kruiden, pasta en rijst",
    "price": 0.89,
    "promoPrice": null,
    "pricePerUnit": "89.0 kg",
    "image": "https://www.jumbo.com/dam-images/fit-in/360x360/Products/09082023_1691588634473_1691588640368_8712200090843_1.png",
    "available": true,
    "promoUntil": null
  },
  {
    "id": "705060FLS",
    "title": "Sanex Derma Care+ Deodorant Sensitive 53 ML",
    "category": "Drogisterij en baby",
    "price": 4.75,
    "promoPrice": null,
    "pricePerUnit": "89.62 l",
    "image": "https://www.jumbo.com/dam-images/fit-in/360x360/Products/16062025_1750072225403_1750072228357_705060_FLS_08718951730151_C1N1.png",
    "available": true,
    "promoUntil": null
  },
  {
    "id": "703726ZK",
    "title": "Knorr Kebab Maaltijd Mix 30g",
    "category": "Wereldkeukens, kruiden, pasta en rijst",
    "price": 1.99,
    "promoPrice": null,
    "pricePerUnit": "66.33 kg",
    "image": "https://www.jumbo.com/dam-images/fit-in/360x360/Products/08721201953026H1N1fdc087db-eb1b-454c-b633-c5ac2532e2d4-1751876628589.png",
    "available": true,
    "promoUntil": null
  },
  {
    "id": "150588ZK",
    "title": "Lucky Life Snelkokende Eiermie 500 g",
    "category": "Wereldkeukens, kruiden, pasta en rijst",
    "price": 2.09,
    "promoPrice": null,
    "pricePerUnit": "4.18 kg",
    "image": "https://www.jumbo.com/dam-images/fit-in/360x360/Products/10082023_1691674927952_1691674946821_6901017321192_1.png",
    "available": true,
    "promoUntil": null
  },
  {
    "id": "614699ZK",
    "title": "M&M'S Minis chocolade snoepjes 176g",
    "category": "Koek, snoep, chocolade en chips",
    "price": 3.49,
    "promoPrice": null,
    "pricePerUnit": "19.83 kg",
    "image": "https://www.jumbo.com/dam-images/fit-in/360x360/Products/15082025_1755221360974_1755221369139_614699_ZK_05900951314933_H1N1.png",
    "available": true,
    "promoUntil": null
  },
  {
    "id": "647638BLK",
    "title": "Minute Maid Apple 330 ml",
    "category": "Frisdrank en sappen",
    "price": 1.99,
    "promoPrice": null,
    "pricePerUnit": "6.03 l",
    "image": "https://www.jumbo.com/dam-images/fit-in/360x360/Products/29102024_1730205305753_1730205309996_5000112510126_1.png",
    "available": true,
    "promoUntil": null
  },
  {
    "id": "684981BUS",
    "title": "NIVEA Volume Care Styling Mousse 150ml",
    "category": "Drogisterij en baby",
    "price": 7.29,
    "promoPrice": null,
    "pricePerUnit": "48.6 l",
    "image": "https://www.jumbo.com/dam-images/fit-in/360x360/Products/07032025_1741345788735_1741345789396_684981_BUS_04005900174178_C1N1.png",
    "available": true,
    "promoUntil": null
  },
  {
    "id": "703293ZK",
    "title": "Old El Paso Taco Kruidenmix 25g",
    "category": "Wereldkeukens, kruiden, pasta en rijst",
    "price": 1.39,
    "promoPrice": null,
    "pricePerUnit": "55.6 kg",
    "image": "https://www.jumbo.com/dam-images/fit-in/360x360/Products/06082025_1754443094179_1754443100954_703293_ZK_08410076491862_C1N1.png",
    "available": true,
    "promoUntil": null
  },
  {
    "id": "700618TUB",
    "title": "Syoss Deep Conditioner Oleo 250 ML",
    "category": "Drogisterij en baby",
    "price": 7.49,
    "promoPrice": null,
    "pricePerUnit": "29.96 l",
    "image": "https://www.jumbo.com/dam-images/fit-in/360x360/Products/OleoIntenseDCON8a60c7d9-bc44-4c15-8b89-d2e2994c0a50-1752667502945.png",
    "available": true,
    "promoUntil": null
  },
  {
    "id": "650011STK",
    "title": "Jumbo's Kruidenblend Spaanse Twist 42 g",
    "category": "Wereldkeukens, kruiden, pasta en rijst",
    "price": 1.99,
    "promoPrice": null,
    "pricePerUnit": "47.38 kg",
    "image": "https://www.jumbo.com/dam-images/fit-in/360x360/Products/11122024_1733924017752_1733924022887_8718452816743_1.png",
    "available": true,
    "promoUntil": null
  },
  {
    "id": "88146STK",
    "title": "Nicotinell Cool Mint kauwgom, helpt je te stoppen met roken 2 mg, 96 stuks",
    "category": "Drogisterij en baby",
    "price": 30.99,
    "promoPrice": null,
    "pricePerUnit": "0.32 pieces",
    "image": "https://www.jumbo.com/dam-images/fit-in/360x360/Products/24092025_1758672133894_1758672139791_8723700017582_1.png",
    "available": true,
    "promoUntil": null
  },
  {
    "id": "671707BLS",
    "title": "Varta Mini Charger 1 stuk",
    "category": "Non-food en servicebalie",
    "price": 9.99,
    "promoPrice": null,
    "pricePerUnit": "9.99 pieces",
    "image": "https://www.jumbo.com/dam-images/fit-in/360x360/Products/29032025_1743210111292_1743210220194_4008496054510_1.png",
    "available": true,
    "promoUntil": null
  },
  {
    "id": "618615BLS",
    "title": "Prodent Tandpasta Fresh Gel 5 x 75 ml",
    "category": "Drogisterij en baby",
    "price": 10.6,
    "promoPrice": null,
    "pricePerUnit": "28.27 l",
    "image": "https://www.jumbo.com/dam-images/fit-in/360x360/Products/8720182806673T59759f2d4fa-ab56-4a1a-bd7d-70cf7ad463f1-1744183531369.png",
    "available": true,
    "promoUntil": null
  },
  {
    "id": "237941STK",
    "title": "Verstegen Kardemom 30 g",
    "category": "Wereldkeukens, kruiden, pasta en rijst",
    "price": 5.79,
    "promoPrice": null,
    "pricePerUnit": "193.0 kg",
    "image": "https://www.jumbo.com/dam-images/fit-in/360x360/Products/30082024_1724984557817_1724984561555_237941_STK_08712200951205_C1N1.png",
    "available": true,
    "promoUntil": null
  },
  {
    "id": "88064STK",
    "title": "Pyralvex Aanstipvloeistof, 10ml",
    "category": "Drogisterij en baby",
    "price": 12.99,
    "promoPrice": null,
    "pricePerUnit": "12.99 pieces",
    "image": "https://www.jumbo.com/dam-images/fit-in/360x360/Products/24092025_1758672133750_1758672140569_8712207037445_1.png",
    "available": true,
    "promoUntil": null
  },
  {
    "id": "470948CUP",
    "title": "Sheba Filets Garnaal, oceaanvis en kip in saus kattenvoer 60 g",
    "category": "Huishouden en dieren",
    "price": 1.55,
    "promoPrice": null,
    "pricePerUnit": "25.83 kg",
    "image": "https://www.jumbo.com/dam-images/fit-in/360x360/Products/10082023_1691676402602_1691676426342_4008429134883_596.png",
    "available": true,
    "promoUntil": null
  },
  {
    "id": "502592STK",
    "title": "Supradyn Vital 50+ tabletten (voedingssuplement), 35 stuks",
    "category": "Drogisterij en baby",
    "price": 15.49,
    "promoPrice": null,
    "pricePerUnit": "0.44 pieces",
    "image": "https://www.jumbo.com/dam-images/fit-in/360x360/Products/24092025_1758672133688_1758672141062_8713091024634_1.png",
    "available": true,
    "promoUntil": null
  },
  {
    "id": "682115CUP",
    "title": "Kips Plantaardige Tonijnspread 125g",
    "category": "Vleeswaren, kaas en tapas",
    "price": 2.76,
    "promoPrice": null,
    "pricePerUnit": "22.08 kg",
    "image": "https://www.jumbo.com/dam-images/fit-in/360x360/Products/25062025_1750815534802_1750815550535_682115_CUP_08710991005794_C1N1.png",
    "available": true,
    "promoUntil": null
  },
  {
    "id": "565508ZK",
    "title": "Lee Kum Kee Kung Pao chicken woksaus",
    "category": "Wereldkeukens, kruiden, pasta en rijst",
    "price": 1.46,
    "promoPrice": null,
    "pricePerUnit": "24.33 kg",
    "image": "https://www.jumbo.com/dam-images/fit-in/360x360/Products/12122024_1734014762382_1734014768075_78895148299_1.png",
    "available": true,
    "promoUntil": null
  },
  {
    "id": "483650DS",
    "title": "Libresse Extra Protection Long 22 Stuks",
    "category": "Drogisterij en baby",
    "price": 3.18,
    "promoPrice": null,
    "pricePerUnit": "0.14 pieces",
    "image": "https://www.jumbo.com/dam-images/fit-in/360x360/Products/10082023_1691675539594_1691675549830_7322541237749_1.png",
    "available": true,
    "promoUntil": null
  },
  {
    "id": "11899FLS",
    "title": "NestlÃ© YogolinoÂ® Aardbei 6+ maanden baby toetje 4 x 100 g",
    "category": "Drogisterij en baby",
    "price": 3.22,
    "promoPrice": null,
    "pricePerUnit": "8.05 kg",
    "image": "https://www.jumbo.com/dam-images/fit-in/360x360/Products/20062025_1750386483122_1750386548402_11899_FLS_04005500060437_H1N1_s01.png",
    "available": true,
    "promoUntil": null
  },
  {
    "id": "572315STK",
    "title": "Tuinkruiden Kaas 225 g",
    "category": "Vleeswaren, kaas en tapas",
    "price": 3.99,
    "promoPrice": null,
    "pricePerUnit": "17.73 kg",
    "image": "https://www.jumbo.com/dam-images/fit-in/360x360/Products/14022024_1707873029165_1707873040403_8717389370601_1.png",
    "available": true,
    "promoUntil": null
  },
  {
    "id": "679465FLS",
    "title": "SPA Touch Mocktail Strawberry Daiquiri Bruisend  1L",
    "category": "Frisdrank en sappen",
    "price": 1.77,
    "promoPrice": null,
    "pricePerUnit": "1.77 l",
    "image": "https://www.jumbo.com/dam-images/fit-in/360x360/Products/16062025_1750088026598_1750088028835_5410013814696_1.png",
    "available": true,
    "promoUntil": null
  },
  {
    "id": "125159DS",
    "title": "Saitaku Sushi Kit 371 g",
    "category": "Wereldkeukens, kruiden, pasta en rijst",
    "price": 8.9,
    "promoPrice": null,
    "pricePerUnit": "24.65 kg",
    "image": "https://www.jumbo.com/dam-images/fit-in/360x360/Products/07082025_1754532241867_1754532250217_125159_DS_05060194790045_C1N1.png",
    "available": true,
    "promoUntil": null
  },
  {
    "id": "699720ZK",
    "title": "Toko Lien Boemboe Soto 100g",
    "category": "Wereldkeukens, kruiden, pasta en rijst",
    "price": 1.69,
    "promoPrice": null,
    "pricePerUnit": "16.9 kg",
    "image": "https://www.jumbo.com/dam-images/fit-in/360x360/Products/19052025_1747644753405_1747644757861_699720_ZK_08712544500107_A1N1.png",
    "available": true,
    "promoUntil": null
  },
  {
    "id": "310471ZK",
    "title": "TastyBasics Brood lijnzaad",
    "category": "Brood en gebak",
    "price": 2.43,
    "promoPrice": null,
    "pricePerUnit": "9.72 kg",
    "image": "https://www.jumbo.com/dam-images/fit-in/360x360/Products/31032025_1743384354171_1743384361488_310471_ZK_08718868678119_C1N1.png",
    "available": true,
    "promoUntil": null
  },
  {
    "id": "706667FLS",
    "title": "Nivea Men Strong Power Shampoo 250 ML",
    "category": "Drogisterij en baby",
    "price": 4.69,
    "promoPrice": null,
    "pricePerUnit": "18.76 l",
    "image": "https://www.jumbo.com/dam-images/fit-in/360x360/Products/16072025_1752633569327_1752633570225_706667_FLS_04006000166070_C1N1.png",
    "available": true,
    "promoUntil": null
  },
  {
    "id": "664261ZK",
    "title": "Venco NL Drop Zacht Zoet 120 g",
    "category": "Koek, snoep, chocolade en chips",
    "price": 1.49,
    "promoPrice": null,
    "pricePerUnit": "12.42 kg",
    "image": "https://www.jumbo.com/dam-images/fit-in/360x360/Products/19092025_1758248796121_1758248836395_664261_ZK_08714200220091_C1N1.png",
    "available": true,
    "promoUntil": null
  },
  {
    "id": "681938PAK",
    "title": "Verkade Hazelnoot Melkchocolade Voordeelreep 180 g",
    "category": "Koek, snoep, chocolade en chips",
    "price": 4.29,
    "promoPrice": null,
    "pricePerUnit": "23.83 kg",
    "image": "https://www.jumbo.com/dam-images/fit-in/360x360/Products/15052025_1747277366442_1747277371501_681938_PAK_08710412041301_H1N1.png",
    "available": true,
    "promoUntil": null
  },
  {
    "id": "238460STK",
    "title": "Verstegen World Spice Meal Nasi & Bami 58 g",
    "category": "Wereldkeukens, kruiden, pasta en rijst",
    "price": 3.99,
    "promoPrice": null,
    "pricePerUnit": "68.79 kg",
    "image": "https://www.jumbo.com/dam-images/fit-in/360x360/Products/12122024_1734014681167_1734014690762_87351682_1.png",
    "available": true,
    "promoUntil": null
  },
  {
    "id": "560265STK",
    "title": "Vitakraft Catstick Classic 6 Stuks",
    "category": "Huishouden en dieren",
    "price": 3.89,
    "promoPrice": null,
    "pricePerUnit": "108.06 kg",
    "image": "https://www.jumbo.com/dam-images/fit-in/360x360/Products/12042025_1744423753602_1744423757890_560265_STK_.png",
    "available": true,
    "promoUntil": null
  },
  {
    "id": "443119ZK",
    "title": "Laurieri Scrocchi with Rosemary 175 g",
    "category": "Koek, snoep, chocolade en chips",
    "price": 1.99,
    "promoPrice": null,
    "pricePerUnit": "11.37 kg",
    "image": "https://www.jumbo.com/dam-images/fit-in/360x360/Products/13112024_1731463887032_1731463900844_443119_ZK_08015565030203_C1N1.png",
    "available": true,
    "promoUntil": null
  },
  {
    "id": "606033ZK",
    "title": "Lutti ScoubiFizz Play 180 g",
    "category": "Koek, snoep, chocolade en chips",
    "price": 2.29,
    "promoPrice": null,
    "pricePerUnit": "12.72 kg",
    "image": "https://www.jumbo.com/dam-images/fit-in/360x360/Products/19072024_1721354331003_1721354340697_606033_ZK_03116740034582_C1N1.png",
    "available": true,
    "promoUntil": null
  },
  {
    "id": "525182ZK",
    "title": "Smuldier Rund met Groenten Compleet 240 g",
    "category": "Diepvries",
    "price": 1.49,
    "promoPrice": null,
    "pricePerUnit": "6.21 kg",
    "image": "https://www.jumbo.com/dam-images/fit-in/360x360/Products/28082024_1724814539770_1724814542668_525182_ZK_08720795352000_C1N1.png",
    "available": true,
    "promoUntil": null
  },
  {
    "id": "644778STK",
    "title": "Jumbo cottage cheese 2 x 200g",
    "category": "Vleeswaren, kaas en tapas",
    "price": 1.9,
    "promoPrice": null,
    "pricePerUnit": "None None",
    "image": "https://www.jumbo.com/dam-images/fit-in/360x360/Products/644778STK1d4e74501-4ccf-4744-9864-b87cc7109ddd-1745827546250.png",
    "available": true,
    "promoUntil": null
  },
  {
    "id": "584551STK",
    "title": "Jumbo broodsalades & hummus",
    "category": "Vleeswaren, kaas en tapas",
    "price": 13.4,
    "promoPrice": null,
    "pricePerUnit": "None None",
    "image": "https://www.jumbo.com/dam-images/fit-in/360x360/Products/584551_20222680_1_1_584551STK10bb0a00e-a7e7-4e60-aeaa-84403a6e9c891692018493202.png",
    "available": true,
    "promoUntil": null
  },
  {
    "id": "498156STK",
    "title": "Otalgan Oorspray 50 ml",
    "category": "Drogisterij en baby",
    "price": 12.99,
    "promoPrice": null,
    "pricePerUnit": "259.8 l",
    "image": "https://www.jumbo.com/dam-images/fit-in/360x360/Products/24092025_1758677021719_1758677024254_498156_STK_08711744025847_C1N1_s01.png",
    "available": true,
    "promoUntil": null
  },
  {
    "id": "198639STK",
    "title": "NIVEA MEN Black & White Invisible Original Anti-Transpirant Spray - 150ml - Geen witte of gele vlekken - Quickdry - Alcoholvrij - Beschermt 72 uur",
    "category": "Drogisterij en baby",
    "price": 5.69,
    "promoPrice": null,
    "pricePerUnit": "37.93 l",
    "image": "https://www.jumbo.com/dam-images/fit-in/360x360/Products/19062025_1750350766488_1750350768649_4005900457394_1.png",
    "available": true,
    "promoUntil": null
  },
  {
    "id": "664406ZK",
    "title": "Xtreme Juicy Drop Chewy Gummies and Sour Gel 57 g",
    "category": "Koek, snoep, chocolade en chips",
    "price": 2.29,
    "promoPrice": null,
    "pricePerUnit": "40.18 kg",
    "image": "https://www.jumbo.com/dam-images/fit-in/360x360/Products/28112024_1732822441431_1732822448223_5011053025129_1.png",
    "available": true,
    "promoUntil": null
  },
  {
    "id": "515262ZK",
    "title": "Lay's Heinz Tomaten Ketchup Chips 200 gr",
    "category": "Koek, snoep, chocolade en chips",
    "price": 1.65,
    "promoPrice": null,
    "pricePerUnit": "8.25 kg",
    "image": "https://www.jumbo.com/dam-images/fit-in/360x360/Products/24092025_1758679156409_1758679170746_515262_ZK_08710398525994_C1N1.png",
    "available": true,
    "promoUntil": null
  },
  {
    "id": "154677POT",
    "title": "Patak's Original Korma 450g",
    "category": "Wereldkeukens, kruiden, pasta en rijst",
    "price": 3.65,
    "promoPrice": null,
    "pricePerUnit": "8.11 kg",
    "image": "https://www.jumbo.com/dam-images/fit-in/360x360/Products/19122023_1703000193228_1703000198065_5011308500999_1.png",
    "available": true,
    "promoUntil": null
  },
  {
    "id": "672547DS",
    "title": "Playmobil Tandenfee",
    "category": "Non-food en servicebalie",
    "price": 5.49,
    "promoPrice": null,
    "pricePerUnit": "5.49 pieces",
    "image": "https://www.jumbo.com/dam-images/fit-in/360x360/Products/71758Boxli7160611d-4433-4c32-954b-4977258f10b6-1754307453981.png",
    "available": true,
    "promoUntil": null
  },
  {
    "id": "633057ZK",
    "title": "Lay's Max Ribbel Chips Naturel 40 gr",
    "category": "Koek, snoep, chocolade en chips",
    "price": 0.75,
    "promoPrice": null,
    "pricePerUnit": "18.75 kg",
    "image": "https://www.jumbo.com/dam-images/fit-in/360x360/Products/03042025_1743680029797_1743680038214_8710398528827_1.png",
    "available": true,
    "promoUntil": null
  },
  {
    "id": "618597FLS",
    "title": "Marcel's Green Soap Allesreiniger Spray Sandalwood Cardamom Refill Pack 500 ml",
    "category": "Huishouden en dieren",
    "price": 2.99,
    "promoPrice": null,
    "pricePerUnit": "5.98 l",
    "image": "https://www.jumbo.com/dam-images/fit-in/360x360/Products/13052024_1715607311663_1715607320519_8721008228136_1.png",
    "available": true,
    "promoUntil": null
  },
  {
    "id": "694760DS",
    "title": "Stimorol Wild Cherry Flavour Sugar Free 6 x 14 g",
    "category": "Koek, snoep, chocolade en chips",
    "price": 3.49,
    "promoPrice": null,
    "pricePerUnit": "0.58 pieces",
    "image": "https://www.jumbo.com/dam-images/fit-in/360x360/Products/24072025_1753323923054_1753323923433_694760_DS_08723400939863_A1N1.png",
    "available": true,
    "promoUntil": null
  },
  {
    "id": "516981ZK",
    "title": "Mayam Varkensvlees Pikant Bapao Excellent 140 g",
    "category": "Diepvries",
    "price": 0.99,
    "promoPrice": null,
    "pricePerUnit": "7.07 kg",
    "image": "https://www.jumbo.com/dam-images/fit-in/360x360/Products/29122023_1703816386122_1703816392808_516981_ZK_08712641004164_C1N1.png",
    "available": true,
    "promoUntil": null
  },
  {
    "id": "171448POT",
    "title": "Olvarit 6+ Maanden Spinazie Witvis Rijst 200g",
    "category": "Drogisterij en baby",
    "price": 1.48,
    "promoPrice": null,
    "pricePerUnit": "7.4 kg",
    "image": "https://www.jumbo.com/dam-images/fit-in/360x360/Products/10112023_1699608790843_1699608800292_5900852926792_1.png",
    "available": true,
    "promoUntil": null
  },
  {
    "id": "544362ZK",
    "title": "Pedigree Tasty Mini's hondensnacks kip & eend 130 g",
    "category": "Huishouden en dieren",
    "price": 2.17,
    "promoPrice": null,
    "pricePerUnit": "16.69 kg",
    "image": "https://www.jumbo.com/dam-images/fit-in/360x360/Products/18032025_1742297565504_1742297578278_5998749144282_596.png",
    "available": true,
    "promoUntil": null
  },
  {
    "id": "143049STK",
    "title": "Verstegen Knoflook met Molen 43 g",
    "category": "Wereldkeukens, kruiden, pasta en rijst",
    "price": 3.26,
    "promoPrice": null,
    "pricePerUnit": "75.81 kg",
    "image": "https://www.jumbo.com/dam-images/fit-in/360x360/Products/11062025_1749605739253_1749605742451_143049_STK_08712200080707_C1N1.png",
    "available": true,
    "promoUntil": null
  },
  {
    "id": "558574ZK",
    "title": "Verstegen Kruidenmix voor Taco 36 g",
    "category": "Wereldkeukens, kruiden, pasta en rijst",
    "price": 0.8,
    "promoPrice": null,
    "pricePerUnit": "22.22 kg",
    "image": "https://www.jumbo.com/dam-images/fit-in/360x360/Products/14022024_1707872667489_1707872681963_8712200109750_1.png",
    "available": true,
    "promoUntil": null
  },
  {
    "id": "661275FLS",
    "title": "Vitamin Well Antioxidant 500ML",
    "category": "Frisdrank en sappen",
    "price": 1.99,
    "promoPrice": null,
    "pricePerUnit": "3.98 l",
    "image": "https://www.jumbo.com/dam-images/fit-in/360x360/Products/06112024_1730870539500_1730870548499_661275_FLS_07350042718948_C1N1.png",
    "available": true,
    "promoUntil": null
  },
  {
    "id": "565540FLS",
    "title": "Kikkoman Sauce Soja Sucree 150 ml",
    "category": "Wereldkeukens, kruiden, pasta en rijst",
    "price": 4.35,
    "promoPrice": null,
    "pricePerUnit": "29.0 l",
    "image": "https://www.jumbo.com/dam-images/fit-in/360x360/Products/14022024_1707872798630_1707872803317_8715035250109_1.png",
    "available": true,
    "promoUntil": null
  },
  {
    "id": "142202ZK",
    "title": "Meenk Gloria Mix 180 g",
    "category": "Koek, snoep, chocolade en chips",
    "price": 2.55,
    "promoPrice": null,
    "pricePerUnit": "14.17 kg",
    "image": "https://www.jumbo.com/dam-images/fit-in/360x360/Products/10082023_1691674997464_1691675018874_8712514099129_1.png",
    "available": true,
    "promoUntil": null
  },
  {
    "id": "444569DSL",
    "title": "Robijn Klein & Krachtig Classics Vloeibaar Wasmiddel Color Pink Sensation 19 Wasbeurten x 8 Stuks",
    "category": "Huishouden en dieren",
    "price": 139.92,
    "promoPrice": 69.96,
    "pricePerUnit": "0.92 wb",
    "image": "https://www.jumbo.com/dam-images/fit-in/360x360/Products/12122024_1734014924797_1734014932569_8720181105418_1.png",
    "available": true,
    "promoUntil": "di 7 okt"
  },
  {
    "id": "677306DS",
    "title": "Lindahls Protein+ Gouda Jong 30+ 5 Stuks 125 g",
    "category": "Vleeswaren, kaas en tapas",
    "price": 2.69,
    "promoPrice": null,
    "pricePerUnit": "21.52 kg",
    "image": "https://www.jumbo.com/dam-images/fit-in/360x360/Products/04022025_1738697590414_1738697595352_5413209993397_1.png",
    "available": true,
    "promoUntil": null
  },
  {
    "id": "649072POT",
    "title": "Jumbo's FiÃ«sta Salsa 230 g",
    "category": "Wereldkeukens, kruiden, pasta en rijst",
    "price": 1.49,
    "promoPrice": null,
    "pricePerUnit": "6.48 kg",
    "image": "https://www.jumbo.com/dam-images/fit-in/360x360/Products/12122024_1734003204609_1734003213678_8718452814107_1.png",
    "available": true,
    "promoUntil": null
  },
  {
    "id": "703466BAK",
    "title": "Jumbo's Vriesvers Maaltijden Beef Rendang 450g",
    "category": "Diepvries",
    "price": 5.99,
    "promoPrice": null,
    "pricePerUnit": "13.31 kg",
    "image": "https://www.jumbo.com/dam-images/fit-in/360x360/Products/08718452926657T5961159718023260408f-6e27-4012-b0e1-b4cf820205ed-1758531034115.png",
    "available": true,
    "promoUntil": null
  },
  {
    "id": "408578FLS",
    "title": "Kewpie Wasabi Mayo Sauce 130 ml",
    "category": "Wereldkeukens, kruiden, pasta en rijst",
    "price": 3.65,
    "promoPrice": null,
    "pricePerUnit": "28.08 l",
    "image": "https://www.jumbo.com/dam-images/fit-in/360x360/Products/27052025_1748360090067_1748360095003_8852022092042_1.png",
    "available": true,
    "promoUntil": null
  },
  {
    "id": "584585STK",
    "title": "Kroon saksische smeer-leverworst naturel 4 x 150g",
    "category": "Vleeswaren, kaas en tapas",
    "price": 3.0,
    "promoPrice": null,
    "pricePerUnit": "None None",
    "image": "https://www.jumbo.com/dam-images/fit-in/360x360/Products/584585STK118761c74-b670-4afe-bc58-e41d45dc4822-1745830447689.png",
    "available": true,
    "promoUntil": null
  },
  {
    "id": "613290ZK",
    "title": "Lay's Naturel Chips 100 g",
    "category": "Koek, snoep, chocolade en chips",
    "price": 1.49,
    "promoPrice": null,
    "pricePerUnit": "14.9 kg",
    "image": "https://www.jumbo.com/dam-images/fit-in/360x360/Products/24092025_1758675618797_1758675630253_613290_ZK_08710398528865_C1N1.png",
    "available": true,
    "promoUntil": null
  },
  {
    "id": "351670STK",
    "title": "Layv Clean CBD olie, 10ml",
    "category": "Drogisterij en baby",
    "price": 19.99,
    "promoPrice": null,
    "pricePerUnit": "1999.0 l",
    "image": "https://www.jumbo.com/dam-images/fit-in/360x360/Products/24092025_1758672135648_1758672140050_8719326762111_1.png",
    "available": true,
    "promoUntil": null
  },
  {
    "id": "565531ZK",
    "title": "Lee Kum Kee Black bean garlic woksaus",
    "category": "Wereldkeukens, kruiden, pasta en rijst",
    "price": 1.48,
    "promoPrice": null,
    "pricePerUnit": "29.6 kg",
    "image": "https://www.jumbo.com/dam-images/fit-in/360x360/Products/28032025_1743157975914_1743157983712_78895120318_1.png",
    "available": true,
    "promoUntil": null
  },
  {
    "id": "505059STK",
    "title": "Losecosan maagsapresistente tabletten bij brandend maagzuur 20mg,  7 stuks",
    "category": "Drogisterij en baby",
    "price": 8.99,
    "promoPrice": null,
    "pricePerUnit": "580.0 kg",
    "image": "https://www.jumbo.com/dam-images/fit-in/360x360/Products/22082025_1755820878495_1755820884908_4057598012553_1.png",
    "available": true,
    "promoUntil": null
  },
  {
    "id": "142066ZK",
    "title": "Meenk Salmiak Bollen 180 g",
    "category": "Koek, snoep, chocolade en chips",
    "price": 2.55,
    "promoPrice": null,
    "pricePerUnit": "14.17 kg",
    "image": "https://www.jumbo.com/dam-images/fit-in/360x360/Products/10082023_1691674904796_1691674912203_8712514099044_1.png",
    "available": true,
    "promoUntil": null
  },
  {
    "id": "636750DS",
    "title": "Nutrilon | Dreumesmelk 1+ jaar",
    "category": "Drogisterij en baby",
    "price": 10.88,
    "promoPrice": null,
    "pricePerUnit": "18.13 kg",
    "image": "https://www.jumbo.com/dam-images/fit-in/360x360/Products/14082025_1755138353687_1755138357749_636750_DS_08712400120128_C1N1_s01.png",
    "available": true,
    "promoUntil": null
  },
  {
    "id": "505793FLS",
    "title": "NIVEA Fresh Natural Deodorant Roller - Aluminiumvrij - 50ml",
    "category": "Drogisterij en baby",
    "price": 5.69,
    "promoPrice": null,
    "pricePerUnit": "113.8 l",
    "image": "https://www.jumbo.com/dam-images/fit-in/360x360/Products/17072025_1752737663924_1752737666145_42345190_1.png",
    "available": true,
    "promoUntil": null
  },
  {
    "id": "624078ZK",
    "title": "Raw Organic Food Walnoten 150 g",
    "category": "Aardappelen, groente en fruit",
    "price": 4.29,
    "promoPrice": null,
    "pricePerUnit": "28.6 kg",
    "image": "https://www.jumbo.com/dam-images/fit-in/360x360/Products/04092025_1756999992145_1756999997406_8719153030452_1.png",
    "available": true,
    "promoUntil": null
  },
  {
    "id": "696933FLS",
    "title": "Sportwater Vitwater Hydrate 500 ML",
    "category": "Frisdrank en sappen",
    "price": 1.19,
    "promoPrice": null,
    "pricePerUnit": "2.38 l",
    "image": "https://www.jumbo.com/dam-images/fit-in/360x360/Products/17062025_1750124096047_1750124100393_696933_FLS_08722200965720_C1N1.png",
    "available": true,
    "promoUntil": null
  },
  {
    "id": "694759DS",
    "title": "Stimorol Max Spearmint 3 Pack",
    "category": "Koek, snoep, chocolade en chips",
    "price": 3.49,
    "promoPrice": null,
    "pricePerUnit": "1.16 pieces",
    "image": "https://www.jumbo.com/dam-images/fit-in/360x360/Products/23042025_1745389459395_1745389463544_694759_DS_08723400940654_A1N1.png",
    "available": true,
    "promoUntil": null
  },
  {
    "id": "579788BLK",
    "title": "Moersleutel - Fruit Bomb DIPA - Blik - 440ML",
    "category": "Bier en wijn",
    "price": 5.59,
    "promoPrice": null,
    "pricePerUnit": "12.7 l",
    "image": "https://www.jumbo.com/dam-images/fit-in/360x360/Products/20092025_1758334395368_1758334398260_579788_BLK_08720615261314_C1N1.png",
    "available": true,
    "promoUntil": null
  },
  {
    "id": "451891STK",
    "title": "Nexium Control tabletten bij brandend maagzuur, 7 stuks",
    "category": "Drogisterij en baby",
    "price": 9.29,
    "promoPrice": null,
    "pricePerUnit": "1.33 pieces",
    "image": "https://www.jumbo.com/dam-images/fit-in/360x360/Products/24092025_1758672133719_1758672141678_8712769024600_1.png",
    "available": true,
    "promoUntil": null
  },
  {
    "id": "647576DS",
    "title": "Oldtimers Hindelooper Ruitjesdrop 235 g Doos",
    "category": "Koek, snoep, chocolade en chips",
    "price": 2.86,
    "promoPrice": null,
    "pricePerUnit": "12.17 kg",
    "image": "https://www.jumbo.com/dam-images/fit-in/360x360/Products/12032025_1741748619521_1741748623120_647576_DS_08710452212525_C1N1.png",
    "available": true,
    "promoUntil": null
  },
  {
    "id": "634900BLK",
    "title": "Oedipus Pais Tropical IPA Bier Blik 330 ml",
    "category": "Bier en wijn",
    "price": 2.89,
    "promoPrice": null,
    "pricePerUnit": "8.76 l",
    "image": "https://www.jumbo.com/dam-images/fit-in/360x360/Products/08012025_1736350232744_1736350236700_8720618833525_1.png",
    "available": true,
    "promoUntil": null
  },
  {
    "id": "339470PAK",
    "title": "Pedigree Jumbone Maxi Kauwstaaf - Rund & Gevogelte - Hondensnack - 180 g",
    "category": "Huishouden en dieren",
    "price": 2.66,
    "promoPrice": null,
    "pricePerUnit": "14.78 kg",
    "image": "https://www.jumbo.com/dam-images/fit-in/360x360/Products/09082023_1691586974206_1691586988744_5998749140017_596.png",
    "available": true,
    "promoUntil": null
  },
  {
    "id": "177862STK",
    "title": "Prevalin Allerstop cetirizine 10 mg tabletten bij hooikoorts, 21 stuks",
    "category": "Drogisterij en baby",
    "price": 14.69,
    "promoPrice": null,
    "pricePerUnit": "0.7 pieces",
    "image": "https://www.jumbo.com/dam-images/fit-in/360x360/Products/22082025_1755820922613_1755820927094_8710537043891_1.png",
    "available": true,
    "promoUntil": null
  },
  {
    "id": "670322BLK",
    "title": "Sierra Nevada Big Little Thing 355ML",
    "category": "Bier en wijn",
    "price": 2.99,
    "promoPrice": null,
    "pricePerUnit": "8.42 l",
    "image": "https://www.jumbo.com/dam-images/fit-in/360x360/Products/08720847228741C1N122b5a4f9-4a96-4154-a2fc-8f189b0702c9-1709625362684.png",
    "available": true,
    "promoUntil": null
  },
  {
    "id": "158162STK",
    "title": "Unicura Balans AntibacteriÃ«le Tabletzeep 2 x 90 g",
    "category": "Drogisterij en baby",
    "price": 2.19,
    "promoPrice": null,
    "pricePerUnit": "12.17 kg",
    "image": "https://www.jumbo.com/dam-images/fit-in/360x360/Products/22122023_1703211856584_1703211859812_158162_STK_08693495046442_C1N1.png",
    "available": true,
    "promoUntil": null
  },
  {
    "id": "187129STK",
    "title": "Vsm Prrrikweg gel 20 g",
    "category": "Drogisterij en baby",
    "price": 8.19,
    "promoPrice": null,
    "pricePerUnit": "409.5 kg",
    "image": "https://www.jumbo.com/dam-images/fit-in/360x360/Products/24092025_1758672107349_1758672111067_8728300955456_1.png",
    "available": true,
    "promoUntil": null
  },
  {
    "id": "604017ZK",
    "title": "Lutti Tropical Fish 175 g",
    "category": "Koek, snoep, chocolade en chips",
    "price": 1.99,
    "promoPrice": null,
    "pricePerUnit": "11.37 kg",
    "image": "https://www.jumbo.com/dam-images/fit-in/360x360/Products/09072025_1752027401860_1752027408804_604017_ZK_05400787045594_C1N1.png",
    "available": true,
    "promoUntil": null
  },
  {
    "id": "685831PAK",
    "title": "Jumbo's Melkchocolade Fizzy Orange 140 g",
    "category": "Koek, snoep, chocolade en chips",
    "price": 2.99,
    "promoPrice": null,
    "pricePerUnit": "21.36 kg",
    "image": "https://www.jumbo.com/dam-images/fit-in/360x360/Products/21052025_1747816447714_1747816458374_8718452813445_596.png",
    "available": true,
    "promoUntil": null
  },
  {
    "id": "667152FLS",
    "title": "Spa FRUIT Bruisende Fruitige Frisdrank Cassis Blackberry 40cl",
    "category": "Frisdrank en sappen",
    "price": 1.45,
    "promoPrice": null,
    "pricePerUnit": "3.63 l",
    "image": "https://www.jumbo.com/dam-images/fit-in/360x360/Products/13082025_1755052125516_1755052129863_667152_FLS_05410013801771_H1N1.png",
    "available": true,
    "promoUntil": null
  },
  {
    "id": "703284ZK",
    "title": "La Morena Tortilla Mais 320g",
    "category": "Wereldkeukens, kruiden, pasta en rijst",
    "price": 2.86,
    "promoPrice": null,
    "pricePerUnit": "8.94 kg",
    "image": "https://www.jumbo.com/dam-images/fit-in/360x360/Products/05062025_1749121768861_1749121777228_703284_ZK_08717662265310_C1N1.png",
    "available": true,
    "promoUntil": null
  },
  {
    "id": "232702DS",
    "title": "Lassie Pandan Rijst Builtje 300 g",
    "category": "Wereldkeukens, kruiden, pasta en rijst",
    "price": 2.52,
    "promoPrice": null,
    "pricePerUnit": "8.4 kg",
    "image": "https://www.jumbo.com/dam-images/fit-in/360x360/Products/26032025_1742956626843_1742956633295_232702_DS_08718781601256_C1N1.png",
    "available": true,
    "promoUntil": null
  },
  {
    "id": "669717FLS",
    "title": "Lenor Fresh Air Wasverzachter 36 Wasbeurten",
    "category": "Huishouden en dieren",
    "price": 8.19,
    "promoPrice": null,
    "pricePerUnit": "0.23 wb",
    "image": "https://www.jumbo.com/dam-images/fit-in/360x360/Products/05092025_1757040464969_1757040466793_669717_FLS_08700216625876_C1N1.png",
    "available": true,
    "promoUntil": null
  },
  {
    "id": "492519STK",
    "title": "Olvarit 4+ Maanden Maaltijdpotjes en Fruitpotjes 6 x 125g",
    "category": "Drogisterij en baby",
    "price": 6.47,
    "promoPrice": null,
    "pricePerUnit": "None None",
    "image": "https://www.jumbo.com/dam-images/fit-in/360x360/Products/492519STK3745ba790-4385-4331-9ec8-e67c363e419c-1715769777979.png",
    "available": true,
    "promoUntil": null
  },
  {
    "id": "172224POT",
    "title": "Olvarit Appel Perzik Mango 12+ Maanden 200 g",
    "category": "Drogisterij en baby",
    "price": 1.44,
    "promoPrice": null,
    "pricePerUnit": "7.2 kg",
    "image": "https://www.jumbo.com/dam-images/fit-in/360x360/Products/10082023_1691675904334_1691675906077_8591119001993_1.png",
    "available": true,
    "promoUntil": null
  },
  {
    "id": "226110FLS",
    "title": "PB Bleekwater 1 L",
    "category": "Huishouden en dieren",
    "price": 0.8,
    "promoPrice": null,
    "pricePerUnit": "0.8 l",
    "image": "https://www.jumbo.com/dam-images/fit-in/360x360/Products/28092023_1695920048892_1695920076946_8719324686037_1.png",
    "available": true,
    "promoUntil": null
  },
  {
    "id": "586134ZK",
    "title": "Organix Babysnack Strawberry Corn Puffs 6+M",
    "category": "Drogisterij en baby",
    "price": 1.63,
    "promoPrice": null,
    "pricePerUnit": "65.2 kg",
    "image": "https://www.jumbo.com/dam-images/fit-in/360x360/Products/18112024_1731933195874_1731933208251_8713500013075_1.png",
    "available": true,
    "promoUntil": null
  },
  {
    "id": "604044ZK",
    "title": "Lutti Fili-Dooo XL 180 g",
    "category": "Koek, snoep, chocolade en chips",
    "price": 2.49,
    "promoPrice": null,
    "pricePerUnit": "13.83 kg",
    "image": "https://www.jumbo.com/dam-images/fit-in/360x360/Products/19072024_1721352504572_1721352509963_604044_ZK_03116740037088_C1N1.png",
    "available": true,
    "promoUntil": null
  },
  {
    "id": "683442DS",
    "title": "Roka Cheddar Cheese Crispies 70 g",
    "category": "Koek, snoep, chocolade en chips",
    "price": 2.69,
    "promoPrice": null,
    "pricePerUnit": "38.43 kg",
    "image": "https://www.jumbo.com/dam-images/fit-in/360x360/Products/30042025_1745994745183_1745994749336_8710588600036_1.png",
    "available": true,
    "promoUntil": null
  },
  {
    "id": "619448KP",
    "title": "Smuldier Dierenvoeding Kip met Groenten Compleet 240g",
    "category": "Diepvries",
    "price": 1.49,
    "promoPrice": null,
    "pricePerUnit": "6.21 kg",
    "image": "https://www.jumbo.com/dam-images/fit-in/360x360/Products/13052024_1715585648454_1715585653308_8720795352017_1.png",
    "available": true,
    "promoUntil": null
  },
  {
    "id": "352183BLS",
    "title": "Witte Reus Paars Actief 50g",
    "category": "Huishouden en dieren",
    "price": 4.29,
    "promoPrice": null,
    "pricePerUnit": "85.8 kg",
    "image": "https://www.jumbo.com/dam-images/fit-in/360x360/Products/27062025_1750987826945_1750987830621_352183_BLS_05410091754143_C1N1.png",
    "available": true,
    "promoUntil": null
  },
  {
    "id": "610976FLS",
    "title": "Los Dos Melenas - Cabernet Sauvignon - 750ML",
    "category": "Bier en wijn",
    "price": 3.69,
    "promoPrice": null,
    "pricePerUnit": "4.92 l",
    "image": "https://www.jumbo.com/dam-images/fit-in/360x360/Products/25092024_1727278475825_1727278480616_4041584008934_1.png",
    "available": true,
    "promoUntil": null
  },
  {
    "id": "447380DS",
    "title": "O.B. ProComfort Tampons Mini 16 Stuks",
    "category": "Drogisterij en baby",
    "price": 2.99,
    "promoPrice": null,
    "pricePerUnit": "0.19 pieces",
    "image": "https://www.jumbo.com/dam-images/fit-in/360x360/Products/07122023_1701925539846_1701925542264_447380_DS_03574661592022_C1N1.png",
    "available": true,
    "promoUntil": null
  },
  {
    "id": "706646ZK",
    "title": "Perfect Fit Senior 10+ Rijk aan Kip 1,4 kg",
    "category": "Huishouden en dieren",
    "price": 7.99,
    "promoPrice": null,
    "pricePerUnit": "5.71 kg",
    "image": "https://www.jumbo.com/dam-images/fit-in/360x360/Products/25062025_1750850843131_1750850848498_706646_ZK_04008429092350_C1N1.png",
    "available": true,
    "promoUntil": null
  },
  {
    "id": "569765FLS",
    "title": "Oasis Appel Zwarte Bes Framboos Smaak 1 L",
    "category": "Frisdrank en sappen",
    "price": 2.39,
    "promoPrice": null,
    "pricePerUnit": "2.39 l",
    "image": "https://www.jumbo.com/dam-images/fit-in/360x360/Products/06082025_1754445974166_1754445978462_569765_FLS_03124480185624_C1N1.png",
    "available": true,
    "promoUntil": null
  },
  {
    "id": "623935RP",
    "title": "WeCare Crunchy Dark Choco 6 x 17 g",
    "category": "Koek, snoep, chocolade en chips",
    "price": 3.06,
    "promoPrice": null,
    "pricePerUnit": "30.0 kg",
    "image": "https://www.jumbo.com/dam-images/fit-in/360x360/Products/05092025_1757039022748_1757039030875_623935_RP_05410063042339_C1N1.png",
    "available": true,
    "promoUntil": null
  },
  {
    "id": "703814FLS",
    "title": "Zwitsal Haarlotion Baby 200 ml",
    "category": "Drogisterij en baby",
    "price": 4.49,
    "promoPrice": null,
    "pricePerUnit": "22.45 l",
    "image": "https://www.jumbo.com/dam-images/fit-in/360x360/Products/02092025_1756778687003_1756778717243_703814_FLS_08720181649219_C1N1.png",
    "available": true,
    "promoUntil": null
  },
  {
    "id": "237975STK",
    "title": "Verstegen Himalaya Zout Gekruid met Molen 80 g",
    "category": "Wereldkeukens, kruiden, pasta en rijst",
    "price": 3.14,
    "promoPrice": null,
    "pricePerUnit": "39.25 kg",
    "image": "https://www.jumbo.com/dam-images/fit-in/360x360/Products/24022024_1708744881834_1708744885447_237975_STK_08712200197702_C1N1.png",
    "available": true,
    "promoUntil": null
  },
  {
    "id": "686681FLS",
    "title": "Saitaku Saus Japanese Style Mayo Spicy 160g",
    "category": "Wereldkeukens, kruiden, pasta en rijst",
    "price": 4.35,
    "promoPrice": null,
    "pricePerUnit": "27.19 kg",
    "image": "https://www.jumbo.com/dam-images/fit-in/360x360/Products/14032025_1741958722572_1741958725829_686681_FLS_05060194792162_C1N1.png",
    "available": true,
    "promoUntil": null
  },
  {
    "id": "685825PAK",
    "title": "Jumbo's Melkchocolade Coffee Cookie 140 g",
    "category": "Koek, snoep, chocolade en chips",
    "price": 2.99,
    "promoPrice": null,
    "pricePerUnit": "21.36 kg",
    "image": "https://www.jumbo.com/dam-images/fit-in/360x360/Products/21052025_1747816447342_1747816457872_8718452871179_596.png",
    "available": true,
    "promoUntil": null
  },
  {
    "id": "595832DS",
    "title": "Magic Time Butter Popcorn 3 x 80 g",
    "category": "Wereldkeukens, kruiden, pasta en rijst",
    "price": 3.99,
    "promoPrice": null,
    "pricePerUnit": "16.63 kg",
    "image": "https://www.jumbo.com/dam-images/fit-in/360x360/Products/25012024_1706175245449_1706175257436_8712857980719_1.png",
    "available": true,
    "promoUntil": null
  },
  {
    "id": "142071ZK",
    "title": "Meenk Zoethoutdrop 180 g",
    "category": "Koek, snoep, chocolade en chips",
    "price": 2.55,
    "promoPrice": null,
    "pricePerUnit": "14.17 kg",
    "image": "https://www.jumbo.com/dam-images/fit-in/360x360/Products/10082023_1691674997060_1691675025847_8712514099143_1.png",
    "available": true,
    "promoUntil": null
  },
  {
    "id": "434315FLS",
    "title": "Tongerlo - Blond - Fles 330ML",
    "category": "Bier en wijn",
    "price": 2.39,
    "promoPrice": null,
    "pricePerUnit": "7.24 l",
    "image": "https://www.jumbo.com/dam-images/fit-in/360x360/Products/12122024_1734014542714_1734014545181_54085190_1.png",
    "available": true,
    "promoUntil": null
  },
  {
    "id": "703449POT",
    "title": "Old El Paso Sliced JalapeÃ±os Hot 215g",
    "category": "Wereldkeukens, kruiden, pasta en rijst",
    "price": 3.29,
    "promoPrice": null,
    "pricePerUnit": "15.3 kg",
    "image": "https://www.jumbo.com/dam-images/fit-in/360x360/Products/06062025_1749200492736_1749200497846_703449_POT_08727200501039_C1N1.png",
    "available": true,
    "promoUntil": null
  },
  {
    "id": "703120FLS",
    "title": "Red Phoenix Satay Sauce Mild 350ml",
    "category": "Wereldkeukens, kruiden, pasta en rijst",
    "price": 2.99,
    "promoPrice": null,
    "pricePerUnit": "8.54 l",
    "image": "https://www.jumbo.com/dam-images/fit-in/360x360/Products/04062025_1749049473138_1749049479623_703120_FLS_08720604471281_C1N1.png",
    "available": true,
    "promoUntil": null
  },
  {
    "id": "704033DSL",
    "title": "Robijn Classics 3-in-1 Wascapsules Stralend Wit - 3 x 26 wasbeurten",
    "category": "Huishouden en dieren",
    "price": 51.42,
    "promoPrice": 25.71,
    "pricePerUnit": "0.66 wb",
    "image": "https://www.jumbo.com/dam-images/fit-in/360x360/Products/08720181747854H1N1383978c6-d77d-4457-a796-4518949c33f3-1753099371557.png",
    "available": true,
    "promoUntil": "di 7 okt"
  },
  {
    "id": "657366DS",
    "title": "Scrub Daddy Scrub Mommy Pink 1 Stuk",
    "category": "Huishouden en dieren",
    "price": 3.99,
    "promoPrice": null,
    "pricePerUnit": "3.99 pieces",
    "image": "https://www.jumbo.com/dam-images/fit-in/360x360/Products/5060481022040dba4ae53-09e4-4aaf-a6c1-17c5b713f8c9-1751379703834.png",
    "available": true,
    "promoUntil": null
  },
  {
    "id": "664905ZK",
    "title": "Venco Droptoppers Lekker & Stevig 225 g",
    "category": "Koek, snoep, chocolade en chips",
    "price": 2.56,
    "promoPrice": null,
    "pricePerUnit": "11.38 kg",
    "image": "https://www.jumbo.com/dam-images/fit-in/360x360/Products/18012025_1737168432147_1737168441924_664905_ZK_08713800255724_H1N1.png",
    "available": true,
    "promoUntil": null
  },
  {
    "id": "708325DS",
    "title": "Pedigree Adult Maaltijdzakjes - Mix Selectie in saus - Hondenvoer - 80 x 100 g",
    "category": "Huishouden en dieren",
    "price": 37.99,
    "promoPrice": null,
    "pricePerUnit": "4.75 kg",
    "image": "https://www.jumbo.com/dam-images/fit-in/360x360/Products/13082025_1755110115058_1755110128565_5900951319501_596.png",
    "available": true,
    "promoUntil": null
  },
  {
    "id": "706648ZK",
    "title": "Perfect Fit Adult 1+ Rijk aan Kip <10kg 1,4 kg",
    "category": "Huishouden en dieren",
    "price": 7.91,
    "promoPrice": null,
    "pricePerUnit": "5.65 kg",
    "image": "https://www.jumbo.com/dam-images/fit-in/360x360/Products/25062025_1750851296697_1750851302459_706648_ZK_04008429092336_H1N1.png",
    "available": true,
    "promoUntil": null
  },
  {
    "id": "558433POT",
    "title": "Verstegen Zeezout 320 g",
    "category": "Wereldkeukens, kruiden, pasta en rijst",
    "price": 4.29,
    "promoPrice": null,
    "pricePerUnit": "13.41 kg",
    "image": "https://www.jumbo.com/dam-images/fit-in/360x360/Products/31082024_1725068287481_1725068291145_558433_POT_08712200945969_C1N1.png",
    "available": true,
    "promoUntil": null
  },
  {
    "id": "310463FLS",
    "title": "Zonnatura Kombucha Gember Theedrank 330 ml",
    "category": "Frisdrank en sappen",
    "price": 2.96,
    "promoPrice": null,
    "pricePerUnit": "8.97 l",
    "image": "https://www.jumbo.com/dam-images/fit-in/360x360/Products/25032024_1711381876130_1711381878905_8711812422547_1.png",
    "available": true,
    "promoUntil": null
  },
  {
    "id": "681413POT",
    "title": "Jumbo's Kerstomaat & Rode Wijn Pastasaus 350 g",
    "category": "Wereldkeukens, kruiden, pasta en rijst",
    "price": 2.99,
    "promoPrice": null,
    "pricePerUnit": "8.54 kg",
    "image": "https://www.jumbo.com/dam-images/fit-in/360x360/Products/06052025_1746545608721_1746545613712_8718452895069_1.png",
    "available": true,
    "promoUntil": null
  },
  {
    "id": "673176ZK",
    "title": "Jumbo's Traybake Knolselderij & Pompoen Mix 450 g",
    "category": "Diepvries",
    "price": 1.99,
    "promoPrice": null,
    "pricePerUnit": "4.42 kg",
    "image": "https://www.jumbo.com/dam-images/fit-in/360x360/Products/04032025_1741080786671_1741080808084_8718452886180_596.png",
    "available": true,
    "promoUntil": null
  },
  {
    "id": "225905STK",
    "title": "Look-O-Look Dynamietstaafjes Aardbei 16 stuks ",
    "category": "Koek, snoep, chocolade en chips",
    "price": 2.35,
    "promoPrice": null,
    "pricePerUnit": "21.36 kg",
    "image": "https://www.jumbo.com/dam-images/fit-in/360x360/Products/07072025_1751902617834_1751902621526_8713600098873_1.png",
    "available": true,
    "promoUntil": null
  },
  {
    "id": "702749ZK",
    "title": "Maoam PartyMixx 325 g",
    "category": "Koek, snoep, chocolade en chips",
    "price": 3.89,
    "promoPrice": null,
    "pricePerUnit": "11.97 kg",
    "image": "https://www.jumbo.com/dam-images/fit-in/360x360/Products/19092025_1758246419618_1758246442971_702749_ZK_04001686583388_H1N1.png",
    "available": true,
    "promoUntil": null
  },
  {
    "id": "565239FLS",
    "title": "Marcel's Green Soap universeel wasmiddel Vanille & Katoen - 23 Wasbeurten",
    "category": "Huishouden en dieren",
    "price": 10.79,
    "promoPrice": null,
    "pricePerUnit": "0.47 wb",
    "image": "https://www.jumbo.com/dam-images/fit-in/360x360/Products/05082025_1754356661918_1754356664618_565239_FLS_08720254337043_C1N1.png",
    "available": true,
    "promoUntil": null
  },
  {
    "id": "448039TUB",
    "title": "NaÃ¯f Nurturing Cream 50 ml",
    "category": "Drogisterij en baby",
    "price": 7.87,
    "promoPrice": null,
    "pricePerUnit": "157.4 l",
    "image": "https://www.jumbo.com/dam-images/fit-in/360x360/Products/30012024_1706582818997_1706582820746_448039_TUB_08719325317572_C1N1.png",
    "available": true,
    "promoUntil": null
  },
  {
    "id": "561550ZK",
    "title": "Smuldier Door de Brok Lamsragout 60 g",
    "category": "Huishouden en dieren",
    "price": 1.59,
    "promoPrice": null,
    "pricePerUnit": "26.5 kg",
    "image": "https://www.jumbo.com/dam-images/fit-in/360x360/Products/25032024_1711381877603_1711381886369_8720795355025_1.png",
    "available": true,
    "promoUntil": null
  },
  {
    "id": "662663DS",
    "title": "Pims Peer Gebak 150g",
    "category": "Koek, snoep, chocolade en chips",
    "price": 3.16,
    "promoPrice": null,
    "pricePerUnit": "21.07 kg",
    "image": "https://www.jumbo.com/dam-images/fit-in/360x360/Products/16092025_1757986890780_1757986925243_662663_DS_05410041134803_C1N1_s02.png",
    "available": true,
    "promoUntil": null
  },
  {
    "id": "598836FLS",
    "title": "Raak Gazeuse Bubblegum 750ML",
    "category": "Frisdrank en sappen",
    "price": 0.79,
    "promoPrice": null,
    "pricePerUnit": "1.05 l",
    "image": "https://www.jumbo.com/dam-images/fit-in/360x360/Products/31032024_1711853730340_1711853733869_598836_FLS_08722200965393_C1N1.png",
    "available": true,
    "promoUntil": null
  },
  {
    "id": "644719DS",
    "title": "Waterdrop Sky Microdrink 12 Stuks",
    "category": "Frisdrank en sappen",
    "price": 6.99,
    "promoPrice": null,
    "pricePerUnit": "0.58 pieces",
    "image": "https://www.jumbo.com/dam-images/fit-in/360x360/Products/08082024_1723095868079_1723095873483_644719_DS_09120125314750_C1N1.png",
    "available": true,
    "promoUntil": null
  },
  {
    "id": "668335TUB",
    "title": "Sensodyne Gentle Whitening 75 ml Tube",
    "category": "Drogisterij en baby",
    "price": 5.99,
    "promoPrice": null,
    "pricePerUnit": "79.87 l",
    "image": "https://www.jumbo.com/dam-images/fit-in/360x360/Products/14022025_1739539723224_1739539726242_5054563233684_1.png",
    "available": true,
    "promoUntil": null
  },
  {
    "id": "701246FLS",
    "title": "Sempio Bulgogi Saus 300g",
    "category": "Wereldkeukens, kruiden, pasta en rijst",
    "price": 3.95,
    "promoPrice": null,
    "pricePerUnit": "13.17 kg",
    "image": "https://www.jumbo.com/dam-images/fit-in/360x360/Products/27052025_1748338021606_1748338025442_701246_FLS_08801005222167_C1N1.png",
    "available": true,
    "promoUntil": null
  },
  {
    "id": "664935ZK",
    "title": "Red Band Original Mix Zacht Zoet Drop 235 g",
    "category": "Koek, snoep, chocolade en chips",
    "price": 2.56,
    "promoPrice": null,
    "pricePerUnit": "10.89 kg",
    "image": "https://www.jumbo.com/dam-images/fit-in/360x360/Products/12122024_1733972013166_1733972022143_664935_ZK_08713800255779_H1N1.png",
    "available": true,
    "promoUntil": null
  },
  {
    "id": "684430POT",
    "title": "Sharwood's Street Food Mango Chutney with Chilli Pot 227g",
    "category": "Wereldkeukens, kruiden, pasta en rijst",
    "price": 3.39,
    "promoPrice": null,
    "pricePerUnit": "14.93 kg",
    "image": "https://www.jumbo.com/dam-images/fit-in/360x360/Products/23042025_1745417727964_1745417731834_684430_POT_05000354928178_C1N1.png",
    "available": true,
    "promoUntil": null
  },
  {
    "id": "683150DS",
    "title": "Sheba Kattenvoer DÃ©lices du Jour - Gevogelte Selectie in saus Natvoer - 6 x 50 g",
    "category": "Huishouden en dieren",
    "price": 3.65,
    "promoPrice": null,
    "pricePerUnit": "12.17 kg",
    "image": "https://www.jumbo.com/dam-images/fit-in/360x360/Products/28042025_1745847228793_1745847243879_4770608267193_596.png",
    "available": true,
    "promoUntil": null
  },
  {
    "id": "602540BLK",
    "title": "Kompaan - NEIPA - Joyful - Blik - 330ML",
    "category": "Bier en wijn",
    "price": 2.89,
    "promoPrice": null,
    "pricePerUnit": "8.76 l",
    "image": "https://www.jumbo.com/dam-images/fit-in/360x360/Products/27032024_1711511039446_1711511046372_602540_BLK_08720254832272_C1N1.png",
    "available": true,
    "promoUntil": null
  },
  {
    "id": "561688POT",
    "title": "Little Maryam Bio Crazy Couscous Couscous met Kip 15+ Maanden 250 g",
    "category": "Drogisterij en baby",
    "price": 1.89,
    "promoPrice": null,
    "pricePerUnit": "7.56 kg",
    "image": "https://www.jumbo.com/dam-images/fit-in/360x360/Products/29072025_1753813971496_1753813985256_8720299444478_1.png",
    "available": true,
    "promoUntil": null
  },
  {
    "id": "699703ZK",
    "title": "Toko Lien Boemboe Ajam Pedis 100g",
    "category": "Wereldkeukens, kruiden, pasta en rijst",
    "price": 1.69,
    "promoPrice": null,
    "pricePerUnit": "16.9 kg",
    "image": "https://www.jumbo.com/dam-images/fit-in/360x360/Products/19052025_1747641466619_1747641471600_699703_ZK_08712544500046_A1N1.png",
    "available": true,
    "promoUntil": null
  },
  {
    "id": "634867BLK",
    "title": "Oedipus Mannenliefde Saison Bier Blik 330 ml",
    "category": "Bier en wijn",
    "price": 2.79,
    "promoPrice": null,
    "pricePerUnit": "8.45 l",
    "image": "https://www.jumbo.com/dam-images/fit-in/360x360/Products/08012025_1736350232746_1736350235866_8720618833716_1.png",
    "available": true,
    "promoUntil": null
  },
  {
    "id": "191062STK",
    "title": "Santa Maria Salsa Dipsaus Medium 250 g",
    "category": "Wereldkeukens, kruiden, pasta en rijst",
    "price": 2.25,
    "promoPrice": null,
    "pricePerUnit": "9.0 kg",
    "image": "https://www.jumbo.com/dam-images/fit-in/360x360/Products/13092025_1757728967779_1757728982862_191062_STK_.png",
    "available": true,
    "promoUntil": null
  },
  {
    "id": "143061POT",
    "title": "Verstegen Dragon 8 g",
    "category": "Wereldkeukens, kruiden, pasta en rijst",
    "price": 2.99,
    "promoPrice": null,
    "pricePerUnit": "373.75 kg",
    "image": "https://www.jumbo.com/dam-images/fit-in/360x360/Products/25032025_1742869782998_1742869787299_143061_POT_08712200071293_C1N1.png",
    "available": true,
    "promoUntil": null
  },
  {
    "id": "143004POT",
    "title": "Verstegen Selderijblad 14 g",
    "category": "Wereldkeukens, kruiden, pasta en rijst",
    "price": 2.79,
    "promoPrice": null,
    "pricePerUnit": "199.29 kg",
    "image": "https://www.jumbo.com/dam-images/fit-in/360x360/Products/30082024_1724985712573_1724985716357_143004_POT_08712200098610_C1N1.png",
    "available": true,
    "promoUntil": null
  },
  {
    "id": "628741DS",
    "title": "Sheba Kattenvoer Sauce Collection - Natvoer - Vis Selectie in Saus - 40 x 85g  Voordeelverpakking",
    "category": "Huishouden en dieren",
    "price": 27.43,
    "promoPrice": null,
    "pricePerUnit": "8.07 kg",
    "image": "https://www.jumbo.com/dam-images/fit-in/360x360/Products/27112024_1732676136445_1732676140253_628741_DS_04770608258214_H1N1.png",
    "available": true,
    "promoUntil": null
  },
  {
    "id": "602640DS",
    "title": "Texels Skuumkoppe Bier Blik 7+1 x 330ml",
    "category": "Bier en wijn",
    "price": 13.93,
    "promoPrice": null,
    "pricePerUnit": "5.28 l",
    "image": "https://www.jumbo.com/dam-images/fit-in/360x360/Products/13708471T1805e183a75-ace2-4183-89f2-ac44164b91fd-1737023731006.png",
    "available": true,
    "promoUntil": null
  },
  {
    "id": "539090BLK",
    "title": "Tyskie - Gronie - Blik - 500ML",
    "category": "Bier en wijn",
    "price": 2.09,
    "promoPrice": null,
    "pricePerUnit": "4.18 l",
    "image": "https://www.jumbo.com/dam-images/fit-in/360x360/Products/539090_5901359134635_1_T1_539090BLK1691076761373.png",
    "available": true,
    "promoUntil": null
  },
  {
    "id": "560275ZK",
    "title": "Purina ONE Graanvrij Adult Kattenvoer Rijk aan Zalm",
    "category": "Huishouden en dieren",
    "price": 6.04,
    "promoPrice": null,
    "pricePerUnit": "10.07 kg",
    "image": "https://www.jumbo.com/dam-images/fit-in/360x360/Products/20052025_1747705549687_1747705588979_560275_ZK_08445290455277_C1N1_s01.png",
    "available": true,
    "promoUntil": null
  },
  {
    "id": "694366RP",
    "title": "Verkade Choco Biscuitreep Karamel 225 g",
    "category": "Koek, snoep, chocolade en chips",
    "price": 3.95,
    "promoPrice": null,
    "pricePerUnit": "17.56 kg",
    "image": "https://www.jumbo.com/dam-images/fit-in/360x360/Products/10052025_1746843517678_1746843523240_694366_RP_08710412044906_H1N1.png",
    "available": true,
    "promoUntil": null
  },
  {
    "id": "709775BLK",
    "title": "Royal Club Mocktail Gin Tonic 0% 250ML",
    "category": "Frisdrank en sappen",
    "price": 0.99,
    "promoPrice": null,
    "pricePerUnit": "3.96 l",
    "image": "https://www.jumbo.com/dam-images/fit-in/360x360/Products/17072025_1752753548638_1752753555244_709775_BLK_08715600248579_C1N1.png",
    "available": true,
    "promoUntil": null
  },
  {
    "id": "418727DS",
    "title": "Koningsvogel Soto Mix 100 g",
    "category": "Wereldkeukens, kruiden, pasta en rijst",
    "price": 1.69,
    "promoPrice": null,
    "pricePerUnit": "16.9 kg",
    "image": "https://www.jumbo.com/dam-images/fit-in/360x360/Products/26072025_1753491675023_1753491680078_418727_DS_08718719365090_A1N1.png",
    "available": true,
    "promoUntil": null
  },
  {
    "id": "623474DS",
    "title": "Seamore Zeewier Tagliatelle 50g",
    "category": "Wereldkeukens, kruiden, pasta en rijst",
    "price": 4.39,
    "promoPrice": null,
    "pricePerUnit": "87.8 kg",
    "image": "https://www.jumbo.com/dam-images/fit-in/360x360/Products/12122024_1734014704069_1734014712350_8719153049645_1.png",
    "available": true,
    "promoUntil": null
  },
  {
    "id": "22117PAK",
    "title": "NestlÃ© YogolinoÂ® Perzik 6+ maanden baby toetje 4 x 100 g",
    "category": "Drogisterij en baby",
    "price": 3.22,
    "promoPrice": null,
    "pricePerUnit": "8.05 kg",
    "image": "https://www.jumbo.com/dam-images/fit-in/360x360/Products/11092024_1726022840509_1726022873632_22117_PAK_03033710592258_C1N1_s01.png",
    "available": true,
    "promoUntil": null
  },
  {
    "id": "150356PAK",
    "title": "Vitakraft KrÃ¤cker Mix Parkiet Ei, Honing & Abrikoos 80 g",
    "category": "Huishouden en dieren",
    "price": 3.95,
    "promoPrice": null,
    "pricePerUnit": "1.32 pieces",
    "image": "https://www.jumbo.com/dam-images/fit-in/360x360/Products/11042025_1744335914411_1744335917784_150356_PAK_.png",
    "available": true,
    "promoUntil": null
  },
  {
    "id": "492738POT",
    "title": "Rummo Pesto Rosso 190 g",
    "category": "Wereldkeukens, kruiden, pasta en rijst",
    "price": 3.59,
    "promoPrice": null,
    "pricePerUnit": "18.89 kg",
    "image": "https://www.jumbo.com/dam-images/fit-in/360x360/Products/10082023_1691676799386_1691676807261_8008343279956_1.png",
    "available": true,
    "promoUntil": null
  },
  {
    "id": "228522STK",
    "title": "SchÃ¤r  Bon MatÃ­n Glutenvrij 2 x 100 g",
    "category": "Brood en gebak",
    "price": 3.09,
    "promoPrice": null,
    "pricePerUnit": "15.45 kg",
    "image": "https://www.jumbo.com/dam-images/fit-in/360x360/Products/02062025_1748853149293_1748853156331_8008698001059_1.png",
    "available": true,
    "promoUntil": null
  },
  {
    "id": "643130FLS",
    "title": "Sel Terpentine 1000 ml",
    "category": "Huishouden en dieren",
    "price": 3.19,
    "promoPrice": null,
    "pricePerUnit": "3.19 l",
    "image": "https://www.jumbo.com/dam-images/fit-in/360x360/Products/09082023_1691584711245_1691584720993_8710744041000_1.png",
    "available": true,
    "promoUntil": null
  },
  {
    "id": "675549STK",
    "title": "Stickers Sint",
    "category": "Non-food en servicebalie",
    "price": 0.99,
    "promoPrice": null,
    "pricePerUnit": "0.2 pieces",
    "image": "https://www.jumbo.com/dam-images/fit-in/360x360/Products/01072025_1751383990607_1751383996554_8721225775161_1.png",
    "available": true,
    "promoUntil": null
  },
  {
    "id": "679365TRA",
    "title": "Mrs Crimble's Vegan Choc Macaroons 6 Stuks 195 g",
    "category": "Koek, snoep, chocolade en chips",
    "price": 2.49,
    "promoPrice": null,
    "pricePerUnit": "12.77 kg",
    "image": "https://www.jumbo.com/dam-images/fit-in/360x360/Products/26032025_1742988788066_1742988793288_5010822991207_1.png",
    "available": true,
    "promoUntil": null
  },
  {
    "id": "677232PAK",
    "title": "Vergeer Cheese Dog 200g",
    "category": "Vleeswaren, kaas en tapas",
    "price": 3.85,
    "promoPrice": null,
    "pricePerUnit": "19.25 kg",
    "image": "https://www.jumbo.com/dam-images/fit-in/360x360/Products/08710866061481C3C1aa665cda-5c36-4d5b-9940-34c3014f80a8-1744210610120.png",
    "available": true,
    "promoUntil": null
  },
  {
    "id": "690501PAK",
    "title": "Verkade Specials Reep Wit/Crisp 90 gram Fairtrade",
    "category": "Koek, snoep, chocolade en chips",
    "price": 2.33,
    "promoPrice": null,
    "pricePerUnit": "25.89 kg",
    "image": "https://www.jumbo.com/dam-images/fit-in/360x360/Products/07052025_1746581855210_1746581861085_690501_PAK_08710412045934_H1N1.png",
    "available": true,
    "promoUntil": null
  },
  {
    "id": "203750ZK",
    "title": "Verstegen Mix voor Gyros 30 g",
    "category": "Wereldkeukens, kruiden, pasta en rijst",
    "price": 1.49,
    "promoPrice": null,
    "pricePerUnit": "49.67 kg",
    "image": "https://www.jumbo.com/dam-images/fit-in/360x360/Products/02122023_1701489891461_1701489897832_203750_ZK_08712200982247_C1N1.png",
    "available": true,
    "promoUntil": null
  },
  {
    "id": "647419FLS",
    "title": "Sabor Dulce Licor Africano 0,7 L",
    "category": "Bier en wijn",
    "price": 5.99,
    "promoPrice": null,
    "pricePerUnit": "8.56 l",
    "image": "https://www.jumbo.com/dam-images/fit-in/360x360/Products/24102024_1729776787460_1729776791023_5414145032164_1.png",
    "available": true,
    "promoUntil": null
  },
  {
    "id": "510359POT",
    "title": "Verstegen World Spice Blend Tandoori Masala 34g",
    "category": "Wereldkeukens, kruiden, pasta en rijst",
    "price": 2.96,
    "promoPrice": null,
    "pricePerUnit": "87.06 kg",
    "image": "https://www.jumbo.com/dam-images/fit-in/360x360/Products/06022024_1707187641745_1707187648596_510359_POT_08712200098948_H1N1.png",
    "available": true,
    "promoUntil": null
  },
  {
    "id": "177870STK",
    "title": "Strepsils Strepfen Keelspray 8,75 mg, 15 ml",
    "category": "Drogisterij en baby",
    "price": 10.99,
    "promoPrice": null,
    "pricePerUnit": "732.67 l",
    "image": "https://www.jumbo.com/dam-images/fit-in/360x360/Products/24092025_1758672106954_1758672111808_5052197052534_1.png",
    "available": true,
    "promoUntil": null
  },
  {
    "id": "606579BLK",
    "title": "Two Chefs Brewing - Bon Chef - Blik - 330 ML",
    "category": "Bier en wijn",
    "price": 2.95,
    "promoPrice": null,
    "pricePerUnit": "8.94 l",
    "image": "https://www.jumbo.com/dam-images/fit-in/360x360/Products/12122024_1734014725429_1734014731456_8720726561068_1.png",
    "available": true,
    "promoUntil": null
  },
  {
    "id": "143488POT",
    "title": "Verstegen Mix voor Biefstuk 70 g",
    "category": "Wereldkeukens, kruiden, pasta en rijst",
    "price": 2.99,
    "promoPrice": null,
    "pricePerUnit": "42.71 kg",
    "image": "https://www.jumbo.com/dam-images/fit-in/360x360/Products/04072025_1751598029312_1751598034730_143488_POT_08712200573513_C1N1.png",
    "available": true,
    "promoUntil": null
  },
  {
    "id": "570549STK",
    "title": "Warsteiner - Pils - Blik - 6 x 500ML",
    "category": "Bier en wijn",
    "price": 8.7,
    "promoPrice": null,
    "pricePerUnit": "None None",
    "image": "https://www.jumbo.com/dam-images/fit-in/360x360/Products/570549_20222352_1_T1_570549STK1691076726033.png",
    "available": true,
    "promoUntil": null
  },
  {
    "id": "669495FLS",
    "title": "La Trappe - Tripel - Fles - 750ML",
    "category": "Bier en wijn",
    "price": 5.99,
    "promoPrice": null,
    "pricePerUnit": "7.99 l",
    "image": "https://www.jumbo.com/dam-images/fit-in/360x360/Products/09082023_1691588219781_1691588229583_8711406137192_1.png",
    "available": true,
    "promoUntil": null
  },
  {
    "id": "300879STK",
    "title": "Kleenex Balsam Aloe Vera & Vitamin E Zakdoeken 4-Laags 8 Stuks",
    "category": "Drogisterij en baby",
    "price": 2.27,
    "promoPrice": null,
    "pricePerUnit": "0.28 pieces",
    "image": "https://www.jumbo.com/dam-images/fit-in/360x360/Products/13092025_1757730814182_1757730828077_300879_STK_05029053002033_C1N1.png",
    "available": true,
    "promoUntil": null
  },
  {
    "id": "696483POT",
    "title": "Koningsvogel Sambal Trassi 270 g",
    "category": "Wereldkeukens, kruiden, pasta en rijst",
    "price": 3.99,
    "promoPrice": null,
    "pricePerUnit": "14.78 kg",
    "image": "https://www.jumbo.com/dam-images/fit-in/360x360/Products/22072025_1753146330544_1753146353601_696483_POT_08718719362068_C1N1.png",
    "available": true,
    "promoUntil": null
  },
  {
    "id": "439225DS",
    "title": "Lassie Pandanrijst Voordeelpak 750g",
    "category": "Wereldkeukens, kruiden, pasta en rijst",
    "price": 2.72,
    "promoPrice": null,
    "pricePerUnit": "3.63 kg",
    "image": "https://www.jumbo.com/dam-images/fit-in/360x360/Products/27032025_1743043418502_1743043424669_439225_DS_08410830022226_C1N1.png",
    "available": true,
    "promoUntil": null
  },
  {
    "id": "707531DS",
    "title": "Lindt Chocolade Excellence Puur Pistache 100g",
    "category": "Koek, snoep, chocolade en chips",
    "price": 4.35,
    "promoPrice": null,
    "pricePerUnit": "43.5 kg",
    "image": "https://www.jumbo.com/dam-images/fit-in/360x360/Products/01072025_1751368931800_1751368939690_707531_DS_03046920022071_H1N1.png",
    "available": true,
    "promoUntil": null
  },
  {
    "id": "460257DS",
    "title": "Made Good Chocolate Drizzled Granola Bars Birthday Cake Flavour 5 x 24 g",
    "category": "Koek, snoep, chocolade en chips",
    "price": 3.17,
    "promoPrice": null,
    "pricePerUnit": "26.42 kg",
    "image": "https://www.jumbo.com/dam-images/fit-in/360x360/Products/09052025_1746758549889_1746758550862_460257_DS_00687456214924_A1N1.png",
    "available": true,
    "promoUntil": null
  },
  {
    "id": "612854FLS",
    "title": "Mc Brown & Son Gin & Tonic Pomegranate & Rose 750 ml",
    "category": "Bier en wijn",
    "price": 5.99,
    "promoPrice": null,
    "pricePerUnit": "7.99 l",
    "image": "https://www.jumbo.com/dam-images/fit-in/360x360/Products/24032025_1742830392713_1742830396758_4062073013451_1.png",
    "available": true,
    "promoUntil": null
  },
  {
    "id": "578759DSL",
    "title": "Olvarit Knijpfruit Appel Banaan 6+ Maanden 6 x 100 g",
    "category": "Drogisterij en baby",
    "price": 6.84,
    "promoPrice": null,
    "pricePerUnit": "11.4 kg",
    "image": "https://www.jumbo.com/dam-images/fit-in/360x360/Products/11082023_1691746384500_1691746386774_5900852061004_1.png",
    "available": true,
    "promoUntil": null
  },
  {
    "id": "655413PAK",
    "title": "Pfanner Morning Boost 2 L",
    "category": "Frisdrank en sappen",
    "price": 2.79,
    "promoPrice": null,
    "pricePerUnit": "1.4 l",
    "image": "https://www.jumbo.com/dam-images/fit-in/360x360/Products/02122024_1733153596740_1733153601631_9006900227098_1.png",
    "available": true,
    "promoUntil": null
  },
  {
    "id": "680479DS",
    "title": "Philips LED Lamp Transparant - 40 W - E27 - warmwit licht",
    "category": "Non-food en servicebalie",
    "price": 9.49,
    "promoPrice": null,
    "pricePerUnit": "9.49 pieces",
    "image": "https://www.jumbo.com/dam-images/fit-in/360x360/Products/8718699665265T1a877e71c-f33d-4da2-9e3b-2b2ba7973c5f-1744621510412.png",
    "available": true,
    "promoUntil": null
  },
  {
    "id": "675843DS",
    "title": "Philips Led Kogel 40W E14",
    "category": "Non-food en servicebalie",
    "price": 8.19,
    "promoPrice": null,
    "pricePerUnit": "8.19 pieces",
    "image": "https://www.jumbo.com/dam-images/fit-in/360x360/Products/13092025_1757721720402_1757721726780_8718699665524_1.png",
    "available": true,
    "promoUntil": null
  },
  {
    "id": "89849ZK",
    "title": "SchÃ¤r Meergranenbroodjes Glutenvrij 5 Stuks 250 g",
    "category": "Diepvries",
    "price": 4.6,
    "promoPrice": null,
    "pricePerUnit": "18.4 kg",
    "image": "https://www.jumbo.com/dam-images/fit-in/360x360/Products/31072025_1753950851407_1753950859278_8008698007105_1.png",
    "available": true,
    "promoUntil": null
  },
  {
    "id": "506006FLS",
    "title": "NIVEA CrÃ¨me Protect DouchecrÃ¨me - 250ml",
    "category": "Drogisterij en baby",
    "price": 5.49,
    "promoPrice": null,
    "pricePerUnit": "21.96 l",
    "image": "https://www.jumbo.com/dam-images/fit-in/360x360/Products/21082025_1755790436916_1755790439930_4005900934819_1.png",
    "available": true,
    "promoUntil": null
  },
  {
    "id": "700782TUB",
    "title": "Syoss Power Hold Haargel 250 ML",
    "category": "Drogisterij en baby",
    "price": 8.49,
    "promoPrice": null,
    "pricePerUnit": "33.96 l",
    "image": "https://www.jumbo.com/dam-images/fit-in/360x360/Products/5410091775230C1N1S01V01SYOSSGelPowerHold250ml2987543frontCHc733635d-3189-4a43-a240-847589a5f6c8-1752662673430.png",
    "available": true,
    "promoUntil": null
  },
  {
    "id": "143252POT",
    "title": "Santa Maria Extra Fine Selection Roasted Garlic & Pepper 80 g",
    "category": "Wereldkeukens, kruiden, pasta en rijst",
    "price": 4.94,
    "promoPrice": null,
    "pricePerUnit": "61.75 kg",
    "image": "https://www.jumbo.com/dam-images/fit-in/360x360/Products/13092025_1757731245424_1757731257146_143252_POT_.png",
    "available": true,
    "promoUntil": null
  },
  {
    "id": "913308BAK",
    "title": "Kindly SÃ¦lmiak HÃ¤gel 120 g",
    "category": "Koek, snoep, chocolade en chips",
    "price": 1.95,
    "promoPrice": null,
    "pricePerUnit": "16.25 kg",
    "image": "https://www.jumbo.com/dam-images/fit-in/360x360/Products/09082023_1691585362630_1691585375893_8712514918758_1.png",
    "available": true,
    "promoUntil": null
  },
  {
    "id": "705472BLK",
    "title": "Viper Iced Tea Mango 250ML",
    "category": "Bier en wijn",
    "price": 2.19,
    "promoPrice": null,
    "pricePerUnit": "8.76 l",
    "image": "https://www.jumbo.com/dam-images/fit-in/360x360/Products/28072025_1753706821824_1753706827100_705472_BLK_08716700019588_H1N1.png",
    "available": true,
    "promoUntil": null
  },
  {
    "id": "573948STK",
    "title": "Koekjes Pakket",
    "category": "Koek, snoep, chocolade en chips",
    "price": 6.27,
    "promoPrice": null,
    "pricePerUnit": "None None",
    "image": "https://www.jumbo.com/dam-images/fit-in/360x360/Products/20222567caab736b-78cb-4f6d-ba4a-87b225d91cf1-1741159887890.png",
    "available": true,
    "promoUntil": null
  },
  {
    "id": "367067PAK",
    "title": "Mentos Rainbow Vegan 5-pack",
    "category": "Koek, snoep, chocolade en chips",
    "price": 3.02,
    "promoPrice": null,
    "pricePerUnit": "16.06 kg",
    "image": "https://www.jumbo.com/dam-images/fit-in/360x360/Products/07072025_1751902618411_1751902623501_8723400787174_1.png",
    "available": true,
    "promoUntil": null
  },
  {
    "id": "448034TAS",
    "title": "Noel Chorizo Spicy 225 g",
    "category": "Vleeswaren, kaas en tapas",
    "price": 3.39,
    "promoPrice": null,
    "pricePerUnit": "15.07 kg",
    "image": "https://www.jumbo.com/dam-images/fit-in/360x360/Products/448034_8410783013128_1_T1_448034TAS1691185477287.png",
    "available": true,
    "promoUntil": null
  },
  {
    "id": "633387ZK",
    "title": "Olvarit 6+ Maanden Rode Bietenstamppot met Kikkererwten 200 g",
    "category": "Drogisterij en baby",
    "price": 1.48,
    "promoPrice": null,
    "pricePerUnit": "7.4 kg",
    "image": "https://www.jumbo.com/dam-images/fit-in/360x360/Products/26082025_1756171195122_1756171198270_633387_ZK_05900852068195_C1N1_s01.png",
    "available": true,
    "promoUntil": null
  },
  {
    "id": "569837DS",
    "title": "Olvarit Up! Erwten Knabbels 15+ Maanden 20 g",
    "category": "Drogisterij en baby",
    "price": 1.28,
    "promoPrice": null,
    "pricePerUnit": "64.0 kg",
    "image": "https://www.jumbo.com/dam-images/fit-in/360x360/Products/14022024_1707872839878_1707872852008_8712400119887_1.png",
    "available": true,
    "promoUntil": null
  },
  {
    "id": "145313ZK",
    "title": "Rice Paper 200 g",
    "category": "Wereldkeukens, kruiden, pasta en rijst",
    "price": 1.85,
    "promoPrice": null,
    "pricePerUnit": "9.25 kg",
    "image": "https://www.jumbo.com/dam-images/fit-in/360x360/Products/26082025_1756173090930_1756173095650_145313_ZK_08728200404306_A1N1.png",
    "available": true,
    "promoUntil": null
  },
  {
    "id": "92638ZK",
    "title": "Silvo Mix voor Gehakt Stroganoff 40 g",
    "category": "Wereldkeukens, kruiden, pasta en rijst",
    "price": 1.88,
    "promoPrice": null,
    "pricePerUnit": "47.0 kg",
    "image": "https://www.jumbo.com/dam-images/fit-in/360x360/Products/24062024_1719235999037_1719236008565_8715500230124_1.png",
    "available": true,
    "promoUntil": null
  },
  {
    "id": "635520DS",
    "title": "Skittles Smoothies vegan snoepjes 152g",
    "category": "Koek, snoep, chocolade en chips",
    "price": 2.49,
    "promoPrice": null,
    "pricePerUnit": "16.38 kg",
    "image": "https://www.jumbo.com/dam-images/fit-in/360x360/Products/15052025_1747330436243_1747330447601_4009900532426_596.png",
    "available": true,
    "promoUntil": null
  },
  {
    "id": "687101FLS",
    "title": "Terre di Faiano - Primitivo - Biologisch 1,5L",
    "category": "Bier en wijn",
    "price": 12.99,
    "promoPrice": null,
    "pricePerUnit": "8.66 l",
    "image": "https://www.jumbo.com/dam-images/fit-in/360x360/Products/04062025_1749054769002_1749054775814_8052432833581_1.png",
    "available": true,
    "promoUntil": null
  },
  {
    "id": "633000ZK",
    "title": "Stegeman Fuet Oude Kaas 130 g",
    "category": "Vleeswaren, kaas en tapas",
    "price": 3.95,
    "promoPrice": null,
    "pricePerUnit": "30.38 kg",
    "image": "https://www.jumbo.com/dam-images/fit-in/360x360/Products/11092025_1757588653435_1757588660407_8710765967822_596.png",
    "available": true,
    "promoUntil": null
  },
  {
    "id": "578756DS",
    "title": "Steradent Active Fresh 30 Stuks",
    "category": "Drogisterij en baby",
    "price": 3.69,
    "promoPrice": null,
    "pricePerUnit": "0.12 pieces",
    "image": "https://www.jumbo.com/dam-images/fit-in/360x360/Products/578756DS-1692362429826.png",
    "available": true,
    "promoUntil": null
  },
  {
    "id": "544617ZK",
    "title": "Trolli Squiggle Twist 175 g",
    "category": "Koek, snoep, chocolade en chips",
    "price": 1.4,
    "promoPrice": null,
    "pricePerUnit": "8.0 kg",
    "image": "https://www.jumbo.com/dam-images/fit-in/360x360/Products/20122023_1703064470480_1703064476426_544617_ZK_04000512364962_C1N1.png",
    "available": true,
    "promoUntil": null
  },
  {
    "id": "584556KGR",
    "title": "Wapenaer Goudse Kaas 35+ Extra Belegen Stuk ca. 355 g",
    "category": "Vleeswaren, kaas en tapas",
    "price": 6.56,
    "promoPrice": null,
    "pricePerUnit": "18.49 kg",
    "image": "https://www.jumbo.com/dam-images/fit-in/360x360/Products/11112024_1731339257593_1731339277149_2348983000000_1.png",
    "available": true,
    "promoUntil": null
  },
  {
    "id": "657367DS",
    "title": "Scrub Daddy Spons Daddy 4 Stuks",
    "category": "Huishouden en dieren",
    "price": 4.99,
    "promoPrice": null,
    "pricePerUnit": "1.25 pieces",
    "image": "https://www.jumbo.com/dam-images/fit-in/360x360/Products/5060481022545e471caf2-410f-4318-b919-b3aa9f8d3e22-1751379614004.png",
    "available": true,
    "promoUntil": null
  },
  {
    "id": "682116STK",
    "title": "Kips Leverworst Hot & Spicy 200g",
    "category": "Vleeswaren, kaas en tapas",
    "price": 2.19,
    "promoPrice": null,
    "pricePerUnit": "10.95 kg",
    "image": "https://www.jumbo.com/dam-images/fit-in/360x360/Products/25062025_1750815492567_1750815499172_682116_STK_08710991005831_C1N1.png",
    "available": true,
    "promoUntil": null
  },
  {
    "id": "544718ZK",
    "title": "Klene Drop Grofgeld 210g",
    "category": "Koek, snoep, chocolade en chips",
    "price": 2.66,
    "promoPrice": null,
    "pricePerUnit": "12.67 kg",
    "image": "https://www.jumbo.com/dam-images/fit-in/360x360/Products/07072025_1751902619725_1751902626688_8723400798958_1.png",
    "available": true,
    "promoUntil": null
  },
  {
    "id": "145789STK",
    "title": "Maalox 200 mg/400 mg Kauwtabletten bij brandend maagzuur, 40 stuks",
    "category": "Drogisterij en baby",
    "price": 9.15,
    "promoPrice": null,
    "pricePerUnit": "0.23 pieces",
    "image": "https://www.jumbo.com/dam-images/fit-in/360x360/Products/24092025_1758672060640_1758672065722_8712172862639_1.png",
    "available": true,
    "promoUntil": null
  },
  {
    "id": "608690BAK",
    "title": "Merkx Boerenzult 250 g",
    "category": "Vleeswaren, kaas en tapas",
    "price": 2.19,
    "promoPrice": null,
    "pricePerUnit": "8.76 kg",
    "image": "https://www.jumbo.com/dam-images/fit-in/360x360/Products/12122024_1734014684057_1734014692031_8710507192185_1.png",
    "available": true,
    "promoUntil": null
  },
  {
    "id": "478494ZK",
    "title": "Red Band Real Fruit Candy Fruit & Berries 190 g",
    "category": "Koek, snoep, chocolade en chips",
    "price": 2.76,
    "promoPrice": null,
    "pricePerUnit": "14.53 kg",
    "image": "https://www.jumbo.com/dam-images/fit-in/360x360/Products/25032024_1711381335667_1711381351858_8713800138997_1.png",
    "available": true,
    "promoUntil": null
  },
  {
    "id": "672257ZK",
    "title": "NestlÃ© Sporty Fruits Peer Framboos Banaan 12m-36m 110 g ",
    "category": "Drogisterij en baby",
    "price": 1.57,
    "promoPrice": null,
    "pricePerUnit": "14.27 kg",
    "image": "https://www.jumbo.com/dam-images/fit-in/360x360/Products/16012025_1737012766513_1737012773422_8445290763921_1.png",
    "available": true,
    "promoUntil": null
  },
  {
    "id": "454898DSL",
    "title": "NestlÃ© LITTLE STEPSÂ® Peutermelk 3+ jaar 4 x 1 L",
    "category": "Drogisterij en baby",
    "price": 9.08,
    "promoPrice": null,
    "pricePerUnit": "2.27 l",
    "image": "https://www.jumbo.com/dam-images/fit-in/360x360/Products/454898DSL1e94a8db6-1933-4591-9d3d-744311bb53d1-1710857216848.png",
    "available": true,
    "promoUntil": null
  },
  {
    "id": "714542POT",
    "title": "Royal Mediterranean Groene Pepers 290 g",
    "category": "Wereldkeukens, kruiden, pasta en rijst",
    "price": 2.27,
    "promoPrice": null,
    "pricePerUnit": "7.83 kg",
    "image": "https://www.jumbo.com/dam-images/fit-in/360x360/Products/28082025_1756343377961_1756343395453_714542_POT_05201194000110_C1N1.png",
    "available": true,
    "promoUntil": null
  },
  {
    "id": "193153STK",
    "title": "Ritter Sport Puur Hele Hazelnoot 100 g",
    "category": "Koek, snoep, chocolade en chips",
    "price": 2.17,
    "promoPrice": null,
    "pricePerUnit": "21.7 kg",
    "image": "https://www.jumbo.com/dam-images/fit-in/360x360/Products/02062025_1748827171753_1748827187352_193153_STK_04000417702005_C1N1.png",
    "available": true,
    "promoUntil": null
  },
  {
    "id": "596009ZK",
    "title": "Snackgold Iberian Ham Gourmet Potato Crisps 125 g",
    "category": "Vleeswaren, kaas en tapas",
    "price": 2.99,
    "promoPrice": null,
    "pricePerUnit": "23.92 kg",
    "image": "https://www.jumbo.com/dam-images/fit-in/360x360/Products/12122024_1734014783954_1734014791017_8414139005010_1.png",
    "available": true,
    "promoUntil": null
  },
  {
    "id": "639297STK",
    "title": "Lezziz Lahmacun Turkse Pizza met Kip Kebab 240 g",
    "category": "Vleeswaren, kaas en tapas",
    "price": 3.99,
    "promoPrice": null,
    "pricePerUnit": "15.96 kg",
    "image": "https://www.jumbo.com/dam-images/fit-in/360x360/Products/04042025_1743766365377_1743766369776_8714798132530_1.png",
    "available": true,
    "promoUntil": null
  },
  {
    "id": "677585ZK",
    "title": "Pampers Night Pants Maat 4, 40 luierbroekjes",
    "category": "Drogisterij en baby",
    "price": 24.99,
    "promoPrice": null,
    "pricePerUnit": "0.62 pieces",
    "image": "https://www.jumbo.com/dam-images/fit-in/360x360/Products/14082025_1755196423136_1755196429862_8700216669696_1.png",
    "available": true,
    "promoUntil": null
  },
  {
    "id": "555551BLK",
    "title": "Red Bull Energy Drink Abrikoos-Aardbeismaak The Apricot Edition 250 ml",
    "category": "Frisdrank en sappen",
    "price": 1.69,
    "promoPrice": null,
    "pricePerUnit": "6.76 l",
    "image": "https://www.jumbo.com/dam-images/fit-in/360x360/Products/12122024_1734014860980_1734014864386_90454288_1.png",
    "available": true,
    "promoUntil": null
  },
  {
    "id": "191935ZK",
    "title": "Verstegen Mix voor Gehakt met Uitjes 40 g",
    "category": "Wereldkeukens, kruiden, pasta en rijst",
    "price": 1.59,
    "promoPrice": null,
    "pricePerUnit": "39.75 kg",
    "image": "https://www.jumbo.com/dam-images/fit-in/360x360/Products/26082025_1756170798888_1756170804493_191935_ZK_08712200976918_C1N1.png",
    "available": true,
    "promoUntil": null
  },
  {
    "id": "191934ZK",
    "title": "Verstegen Mix voor Gehakt Bretons 30 g",
    "category": "Wereldkeukens, kruiden, pasta en rijst",
    "price": 1.69,
    "promoPrice": null,
    "pricePerUnit": "56.33 kg",
    "image": "https://www.jumbo.com/dam-images/fit-in/360x360/Products/31012024_1706670836167_1706670842779_191934_ZK_08712200976925_C1N1.png",
    "available": true,
    "promoUntil": null
  },
  {
    "id": "203721ZK",
    "title": "Verstegen Mix voor Hamburger 30 g",
    "category": "Wereldkeukens, kruiden, pasta en rijst",
    "price": 1.48,
    "promoPrice": null,
    "pricePerUnit": "49.33 kg",
    "image": "https://www.jumbo.com/dam-images/fit-in/360x360/Products/31012024_1706672073100_1706672079701_203721_ZK_08712200982254_C1N1.png",
    "available": true,
    "promoUntil": null
  },
  {
    "id": "667140PAK",
    "title": "Van de Boom Siroop Groene Thee Citrus 750 ml",
    "category": "Frisdrank en sappen",
    "price": 2.99,
    "promoPrice": null,
    "pricePerUnit": "3.99 l",
    "image": "https://www.jumbo.com/dam-images/fit-in/360x360/Products/04092025_1756996412087_1756996423501_8720157402688_596.png",
    "available": true,
    "promoUntil": null
  },
  {
    "id": "191931ZK",
    "title": "Verstegen Mix voor Gehakt Tuinkruiden 40 g",
    "category": "Wereldkeukens, kruiden, pasta en rijst",
    "price": 1.59,
    "promoPrice": null,
    "pricePerUnit": "39.75 kg",
    "image": "https://www.jumbo.com/dam-images/fit-in/360x360/Products/26082025_1756170971266_1756170977415_191931_ZK_08712200976949_C1N1.png",
    "available": true,
    "promoUntil": null
  },
  {
    "id": "699822FLS",
    "title": "Vitamin Well Protect 500ML",
    "category": "Frisdrank en sappen",
    "price": 1.99,
    "promoPrice": null,
    "pricePerUnit": "3.98 l",
    "image": "https://www.jumbo.com/dam-images/fit-in/360x360/Products/20052025_1747715685444_1747715694412_699822_FLS_07350042719686_C1N1.png",
    "available": true,
    "promoUntil": null
  },
  {
    "id": "592805BAK",
    "title": "WiniaryÂ® Aardappelpuree met Croutons en Gebakken Uitjes 59 g",
    "category": "Wereldkeukens, kruiden, pasta en rijst",
    "price": 1.79,
    "promoPrice": null,
    "pricePerUnit": "30.34 kg",
    "image": "https://www.jumbo.com/dam-images/fit-in/360x360/Products/12122024_1734014485519_1734014495267_7613036106467_1.png",
    "available": true,
    "promoUntil": null
  },
  {
    "id": "647453BLK",
    "title": "Minute Maid Orange 330 ml",
    "category": "Frisdrank en sappen",
    "price": 1.99,
    "promoPrice": null,
    "pricePerUnit": "6.03 l",
    "image": "https://www.jumbo.com/dam-images/fit-in/360x360/Products/27082024_1724787196356_1724787200679_5000112507201_1.png",
    "available": true,
    "promoUntil": null
  },
  {
    "id": "543909BLK",
    "title": "Walhalla - Loki Golden IPA - Blik - 330ML",
    "category": "Bier en wijn",
    "price": 2.99,
    "promoPrice": null,
    "pricePerUnit": "9.06 l",
    "image": "https://www.jumbo.com/dam-images/fit-in/360x360/Products/20092025_1758337059792_1758337067667_543909_BLK_08720828365007_C1N1.png",
    "available": true,
    "promoUntil": null
  },
  {
    "id": "578739STK",
    "title": "Zwart Wit Zoet 30 g",
    "category": "Koek, snoep, chocolade en chips",
    "price": 0.79,
    "promoPrice": null,
    "pricePerUnit": "26.33 kg",
    "image": "https://www.jumbo.com/dam-images/fit-in/360x360/Products/12122024_1734014380605_1734014386941_87292350_1.png",
    "available": true,
    "promoUntil": null
  },
  {
    "id": "584945DS",
    "title": "Raffaello Kokosnoot & Amandelen 90 g",
    "category": "Koek, snoep, chocolade en chips",
    "price": 2.62,
    "promoPrice": null,
    "pricePerUnit": "29.11 kg",
    "image": "https://www.jumbo.com/dam-images/fit-in/360x360/Products/14022024_1707873216683_1707873220739_8000500359556_1.png",
    "available": true,
    "promoUntil": null
  },
  {
    "id": "454119RP",
    "title": "Jumbo Vegan Hondenkoppen Zoet & Zacht 200 g",
    "category": "Koek, snoep, chocolade en chips",
    "price": 1.99,
    "promoPrice": null,
    "pricePerUnit": "9.95 kg",
    "image": "https://www.jumbo.com/dam-images/fit-in/360x360/Products/10082023_1691675707550_1691675728546_8718452565375_1.png",
    "available": true,
    "promoUntil": null
  },
  {
    "id": "220113TRA",
    "title": "Jumbo Verse Roomkaas Komkommer Dille 125 g",
    "category": "Vleeswaren, kaas en tapas",
    "price": 2.15,
    "promoPrice": null,
    "pricePerUnit": "17.2 kg",
    "image": "https://www.jumbo.com/dam-images/fit-in/360x360/Products/29092023_1695996346094_1695996352823_8718452667031_1.png",
    "available": true,
    "promoUntil": null
  },
  {
    "id": "455558KGR",
    "title": "Jumbo Geitenkaas 48+ Naturel ca. 125 g",
    "category": "Vleeswaren, kaas en tapas",
    "price": 2.56,
    "promoPrice": null,
    "pricePerUnit": "20.49 kg",
    "image": "https://www.jumbo.com/dam-images/fit-in/360x360/Products/455558_2348689000000_1_T1_455558KGR1691161293833.png",
    "available": true,
    "promoUntil": null
  },
  {
    "id": "611350ZK",
    "title": "Ella's Kitchen Organic Bio Kipkerrie met Sperziebonen + Kokos 10 M+ 190 g",
    "category": "Drogisterij en baby",
    "price": 2.96,
    "promoPrice": null,
    "pricePerUnit": "15.58 kg",
    "image": "https://www.jumbo.com/dam-images/fit-in/360x360/Products/29022024_1709210107050_1709210112725_5060503505407_1.png",
    "available": true,
    "promoUntil": null
  },
  {
    "id": "26130ZK",
    "title": "Toko Lien Javaantjes 100 g",
    "category": "Wereldkeukens, kruiden, pasta en rijst",
    "price": 0.99,
    "promoPrice": null,
    "pricePerUnit": "9.9 kg",
    "image": "https://www.jumbo.com/dam-images/fit-in/360x360/Products/09082023_1691570566383_1691570576865_8712544900617_1.png",
    "available": true,
    "promoUntil": null
  },
  {
    "id": "545966BUS",
    "title": "Gillette Satin Care Scheergel, AloÃ« Vera, 200ml",
    "category": "Drogisterij en baby",
    "price": 5.19,
    "promoPrice": null,
    "pricePerUnit": "25.95 l",
    "image": "https://www.jumbo.com/dam-images/fit-in/360x360/Products/05092025_1757030526933_1757030529555_8006540768808_1.png",
    "available": true,
    "promoUntil": null
  },
  {
    "id": "711883TRA",
    "title": "Jumbo Familieschotel Tex Mex met Groenten, Pulled Pork en Cheddar 900 g",
    "category": "Verse maaltijden en gemak",
    "price": 7.99,
    "promoPrice": 5.99,
    "pricePerUnit": "6.66 kg",
    "image": "https://www.jumbo.com/dam-images/fit-in/360x360/Products/22092025_1758566030335_1758566037673_8718452951819_1.png",
    "available": true,
    "promoUntil": "di 7 okt"
  },
  {
    "id": "711989TRA",
    "title": "Jumbo Stamppot Andijvie met Gehaktballen in Jus 500 g",
    "category": "Verse maaltijden en gemak",
    "price": 4.45,
    "promoPrice": null,
    "pricePerUnit": "8.9 kg",
    "image": "https://www.jumbo.com/dam-images/fit-in/360x360/Products/22092025_1758555238455_1758555245998_8718452953073_1.png",
    "available": true,
    "promoUntil": null
  },
  {
    "id": "719320DS",
    "title": "Jan Vers Deeg voor Pizzapuntjes met Pizzasaus 8 Stuks",
    "category": "Wereldkeukens, kruiden, pasta en rijst",
    "price": 2.99,
    "promoPrice": null,
    "pricePerUnit": "9.97 kg",
    "image": "https://www.jumbo.com/dam-images/fit-in/360x360/Products/16092025_1758026038233_1758026059893_719320_DS_08712941614766_C1N1.png",
    "available": true,
    "promoUntil": null
  },
  {
    "id": "534070STK",
    "title": "Rosewood Kipfilet Large 150g",
    "category": "Huishouden en dieren",
    "price": 4.89,
    "promoPrice": null,
    "pricePerUnit": "32.6 kg",
    "image": "https://www.jumbo.com/dam-images/fit-in/360x360/Products/11042024_1712793693077_1712793703884_8712113454817_1.png",
    "available": true,
    "promoUntil": null
  },
  {
    "id": "691489STK",
    "title": "HEMA Schoenlepel",
    "category": "Non-food en servicebalie",
    "price": 3.0,
    "promoPrice": null,
    "pricePerUnit": "3.0 pieces",
    "image": "https://www.jumbo.com/dam-images/fit-in/360x360/Products/08042025_1744081777225_1744081780588_691489_STK_08718537118397_C1N1.png",
    "available": true,
    "promoUntil": null
  },
  {
    "id": "649204BLK",
    "title": "Pariba Cream Soda 320ML",
    "category": "Frisdrank en sappen",
    "price": 1.39,
    "promoPrice": null,
    "pricePerUnit": "4.34 l",
    "image": "https://www.jumbo.com/dam-images/fit-in/360x360/Products/05092024_1725540360849_1725540363857_649204_BLK_08720618801821_C1N1.png",
    "available": true,
    "promoUntil": null
  },
  {
    "id": "153808FLS",
    "title": "NIVEA SUN Babies & Kids Sensitive Zonnebrand Spray SPF 50 - 200ml",
    "category": "Drogisterij en baby",
    "price": 28.49,
    "promoPrice": null,
    "pricePerUnit": "142.45 l",
    "image": "https://www.jumbo.com/dam-images/fit-in/360x360/Products/11062025_1749627208507_1749627211266_4005900119773_1.png",
    "available": true,
    "promoUntil": null
  },
  {
    "id": "666034TUB",
    "title": "Jumbo Zonnebrand CrÃ¨me SPF 30 50ML",
    "category": "Drogisterij en baby",
    "price": 3.49,
    "promoPrice": null,
    "pricePerUnit": "69.8 l",
    "image": "https://www.jumbo.com/dam-images/fit-in/360x360/Products/22042025_1745321554332_1745321558485_8718452815708_1.png",
    "available": true,
    "promoUntil": null
  },
  {
    "id": "718906STK",
    "title": "Jumbo Biologisch Groente Little Gem 2 Stuks",
    "category": "Aardappelen, groente en fruit",
    "price": 2.19,
    "promoPrice": null,
    "pricePerUnit": "2.19 pieces",
    "image": "https://www.jumbo.com/dam-images/fit-in/360x360/Products/15092025_1757939586630_1757939594123_8718452757541_1.png",
    "available": true,
    "promoUntil": null
  },
  {
    "id": "624989FLS",
    "title": "Grand Sud - Chardonnay - <0.5% Alcoholvrij - 250ML",
    "category": "Bier en wijn",
    "price": 2.29,
    "promoPrice": null,
    "pricePerUnit": "9.16 l",
    "image": "https://www.jumbo.com/dam-images/fit-in/360x360/Products/22072024_1721655196958_1721655200361_3263280126403_1.png",
    "available": true,
    "promoUntil": null
  },
  {
    "id": "624981FLS",
    "title": "Grand Sud - Merlot - <0,5% Alcoholvrij - 250ML",
    "category": "Bier en wijn",
    "price": 2.29,
    "promoPrice": null,
    "pricePerUnit": "9.16 l",
    "image": "https://www.jumbo.com/dam-images/fit-in/360x360/Products/22072024_1721659043285_1721659047277_3263280126397_1.png",
    "available": true,
    "promoUntil": null
  },
  {
    "id": "550103ZK",
    "title": "TUC Bake Rolls Crackers Salt 150g",
    "category": "Koek, snoep, chocolade en chips",
    "price": 2.07,
    "promoPrice": null,
    "pricePerUnit": "13.8 kg",
    "image": "https://www.jumbo.com/dam-images/fit-in/360x360/Products/24092025_1758724489707_1758724500408_7622201748234_596.png",
    "available": true,
    "promoUntil": null
  },
  {
    "id": "165516STK",
    "title": "TUC Crackers Sour Cream & Onion 100g",
    "category": "Koek, snoep, chocolade en chips",
    "price": 1.38,
    "promoPrice": null,
    "pricePerUnit": "13.8 kg",
    "image": "https://www.jumbo.com/dam-images/fit-in/360x360/Products/24092025_1758724490163_1758724499066_5410041472509_596.png",
    "available": true,
    "promoUntil": null
  },
  {
    "id": "473129ZK",
    "title": "Milka Mini Wafers Chocolade Wafels 110g",
    "category": "Koek, snoep, chocolade en chips",
    "price": 2.69,
    "promoPrice": null,
    "pricePerUnit": "24.45 kg",
    "image": "https://www.jumbo.com/dam-images/fit-in/360x360/Products/24092025_1758724490943_1758724501349_7622201492786_596.png",
    "available": true,
    "promoUntil": null
  },
  {
    "id": "559734PAK",
    "title": "CÃ´te d'Or BonBonBloc Chocoladereep Melk PralinÃ© & Karamel 200g",
    "category": "Koek, snoep, chocolade en chips",
    "price": 5.73,
    "promoPrice": null,
    "pricePerUnit": "28.65 kg",
    "image": "https://www.jumbo.com/dam-images/fit-in/360x360/Products/24092025_1758724491560_1758724501927_7622201110321_596.png",
    "available": true,
    "promoUntil": null
  },
  {
    "id": "547750FLS",
    "title": "Dove Men+Care 3-in-1 Douchegel Extra Fresh 400 ml",
    "category": "Drogisterij en baby",
    "price": 6.99,
    "promoPrice": null,
    "pricePerUnit": "17.48 l",
    "image": "https://www.jumbo.com/dam-images/fit-in/360x360/Products/04092025_1756951402061_1756951428743_547750_FLS_08720181313424_C1N1.png",
    "available": true,
    "promoUntil": null
  },
  {
    "id": "185866STK",
    "title": "TUC Crackers Zout & Peper 100g",
    "category": "Koek, snoep, chocolade en chips",
    "price": 1.38,
    "promoPrice": null,
    "pricePerUnit": "13.8 kg",
    "image": "https://www.jumbo.com/dam-images/fit-in/360x360/Products/24092025_1758724490473_1758724498599_5410041332209_596.png",
    "available": true,
    "promoUntil": null
  },
  {
    "id": "476453ZK",
    "title": "Milka Mini Cookies Chocolade Koekjes 110g",
    "category": "Koek, snoep, chocolade en chips",
    "price": 2.3,
    "promoPrice": null,
    "pricePerUnit": "20.91 kg",
    "image": "https://www.jumbo.com/dam-images/fit-in/360x360/Products/24092025_1758724491141_1758724502967_7622201137052_596.png",
    "available": true,
    "promoUntil": null
  },
  {
    "id": "312333ZK",
    "title": "LU LULU Beertjes Chocolade Cakes ( 5 x 30 g) 150g",
    "category": "Koek, snoep, chocolade en chips",
    "price": 2.66,
    "promoPrice": null,
    "pricePerUnit": "17.73 kg",
    "image": "https://www.jumbo.com/dam-images/fit-in/360x360/Products/24092025_1758724490918_1758724497903_5410041138504_596.png",
    "available": true,
    "promoUntil": null
  },
  {
    "id": "214360DS",
    "title": "Toppits IJsblokzakjes 10 Stuks",
    "category": "Huishouden en dieren",
    "price": 1.87,
    "promoPrice": null,
    "pricePerUnit": "0.19 pieces",
    "image": "https://www.jumbo.com/dam-images/fit-in/360x360/Products/24092025_1758724490813_1758724496798_4008871213174_1.png",
    "available": true,
    "promoUntil": null
  },
  {
    "id": "554649TRA",
    "title": "Milka Sensations Chocolade Koekjes Oreo 8 stuks 208 g",
    "category": "Koek, snoep, chocolade en chips",
    "price": 3.46,
    "promoPrice": null,
    "pricePerUnit": "16.63 kg",
    "image": "https://www.jumbo.com/dam-images/fit-in/360x360/Products/24092025_1758724491332_1758724495003_7622201751685_1.png",
    "available": true,
    "promoUntil": null
  },
  {
    "id": "685485DS",
    "title": "Jumbo Chocoladeletter Puur Sinaasappel Smaak S 135 g",
    "category": "",
    "price": 2.89,
    "promoPrice": null,
    "pricePerUnit": "21.41 kg",
    "image": "https://www.jumbo.com/dam-images/fit-in/360x360/Products/17062025_1750178009515_1750178022356_8718452915316_596.png",
    "available": true,
    "promoUntil": null
  },
  {
    "id": "684962DS",
    "title": "Jumbo Chocoladeletter Melk S 65 g",
    "category": "",
    "price": 1.19,
    "promoPrice": null,
    "pricePerUnit": "18.31 kg",
    "image": "https://www.jumbo.com/dam-images/fit-in/360x360/Products/27052025_1748360091072_1748360109694_8718452914623_596.png",
    "available": true,
    "promoUntil": null
  },
  {
    "id": "684931DS",
    "title": "Jumbo Chocoladeletter Puur S 65 g",
    "category": "",
    "price": 1.19,
    "promoPrice": null,
    "pricePerUnit": "18.31 kg",
    "image": "https://www.jumbo.com/dam-images/fit-in/360x360/Products/27052025_1748360090630_1748360107718_8718452914715_596.png",
    "available": true,
    "promoUntil": null
  },
  {
    "id": "685472DS",
    "title": "Jumbo Chocoladeletter Melk Zeezout Karamel S 135 g",
    "category": "",
    "price": 2.89,
    "promoPrice": null,
    "pricePerUnit": "21.41 kg",
    "image": "https://www.jumbo.com/dam-images/fit-in/360x360/Products/17062025_1750178008469_1750178021680_8718452915293_596.png",
    "available": true,
    "promoUntil": null
  },
  {
    "id": "685481DS",
    "title": "Jumbo Gevulde Chocoladeletter Melk PralinÃ© S 150 g",
    "category": "",
    "price": 2.99,
    "promoPrice": null,
    "pricePerUnit": "19.93 kg",
    "image": "https://www.jumbo.com/dam-images/fit-in/360x360/Products/17062025_1750178009142_1750178022707_8718452915729_596.png",
    "available": true,
    "promoUntil": null
  },
  {
    "id": "685479DS",
    "title": "Jumbo Gevulde Chocoladeletter Puur Kokos S 150 g",
    "category": "",
    "price": 2.99,
    "promoPrice": null,
    "pricePerUnit": "19.93 kg",
    "image": "https://www.jumbo.com/dam-images/fit-in/360x360/Products/17062025_1750178009125_1750178022200_8718452910489_596.png",
    "available": true,
    "promoUntil": null
  },
  {
    "id": "685484DS",
    "title": "Jumbo Chocoladeletter Wit Kruidnoot S 135 g",
    "category": "",
    "price": 2.89,
    "promoPrice": null,
    "pricePerUnit": "21.41 kg",
    "image": "https://www.jumbo.com/dam-images/fit-in/360x360/Products/17062025_1750178009333_1750178023136_8718452915330_596.png",
    "available": true,
    "promoUntil": null
  },
  {
    "id": "685473DS",
    "title": "Jumbo Chocoladeletter Melk Hazelnoot S 135 g",
    "category": "",
    "price": 2.89,
    "promoPrice": null,
    "pricePerUnit": "21.41 kg",
    "image": "https://www.jumbo.com/dam-images/fit-in/360x360/Products/17062025_1750178008568_1750178021278_8718452915286_596.png",
    "available": true,
    "promoUntil": null
  },
  {
    "id": "684946DS",
    "title": "Jumbo Chocoladeletter Hazelnoot Melk S 65 g",
    "category": "",
    "price": 1.29,
    "promoPrice": null,
    "pricePerUnit": "19.85 kg",
    "image": "https://www.jumbo.com/dam-images/fit-in/360x360/Products/27052025_1748360090928_1748360106567_8718452914708_596.png",
    "available": true,
    "promoUntil": null
  },
  {
    "id": "684944DS",
    "title": "Jumbo Chocoladeletter Banoffee Smaak Melk S 65 g",
    "category": "",
    "price": 1.29,
    "promoPrice": null,
    "pricePerUnit": "19.85 kg",
    "image": "https://www.jumbo.com/dam-images/fit-in/360x360/Products/27052025_1748360090798_1748360104749_8718452915705_596.png",
    "available": true,
    "promoUntil": null
  },
  {
    "id": "684930DS",
    "title": "Jumbo Chocoladeletter Wit S 65 g",
    "category": "",
    "price": 1.19,
    "promoPrice": null,
    "pricePerUnit": "18.31 kg",
    "image": "https://www.jumbo.com/dam-images/fit-in/360x360/Products/27052025_1748360090499_1748360104748_8718452914722_596.png",
    "available": true,
    "promoUntil": null
  },
  {
    "id": "708567FLS",
    "title": "Club-Mate Cola 330ml",
    "category": "Frisdrank en sappen",
    "price": 1.69,
    "promoPrice": null,
    "pricePerUnit": "5.12 l",
    "image": "https://www.jumbo.com/dam-images/fit-in/360x360/Products/07072025_1751888559569_1751888563174_708567_FLS_04029764001883_C1N1.png",
    "available": true,
    "promoUntil": null
  },
  {
    "id": "685477DS",
    "title": "Jumbo Gevulde Chocoladeletter Melk Browniesmaak S 150 g",
    "category": "",
    "price": 2.99,
    "promoPrice": null,
    "pricePerUnit": "19.93 kg",
    "image": "https://www.jumbo.com/dam-images/fit-in/360x360/Products/17062025_1750178008934_1750178021450_8718452915798_596.png",
    "available": true,
    "promoUntil": null
  },
  {
    "id": "643836BLK",
    "title": "Jumbo Ananasstukjes op Sap 567g",
    "category": "Conserven, soepen, sauzen, oliÃ«n",
    "price": 1.99,
    "promoPrice": null,
    "pricePerUnit": "5.85 kg",
    "image": "https://www.jumbo.com/dam-images/fit-in/360x360/Products/26082024_1724675598762_1724675614012_8718452839452_596.png",
    "available": false,
    "promoUntil": null
  },
  {
    "id": "693581PAK",
    "title": "Jumbo KnÃ¤ckebrÃ¶d Sesam 5 x 5 Stuks",
    "category": "Ontbijt, broodbeleg en bakproducten",
    "price": 1.25,
    "promoPrice": null,
    "pricePerUnit": "3.33 kg",
    "image": "https://www.jumbo.com/dam-images/fit-in/360x360/Products/12052025_1747008016373_1747008039441_8718452924134_596.png",
    "available": false,
    "promoUntil": null
  },
  {
    "id": "543299ZK",
    "title": "Jumbo Gepofte Wafel Kikkererwt 12 Stuks",
    "category": "Ontbijt, broodbeleg en bakproducten",
    "price": 3.29,
    "promoPrice": null,
    "pricePerUnit": "47.0 kg",
    "image": "https://www.jumbo.com/dam-images/fit-in/360x360/Products/10082023_1691677823335_1691677826426_8718452708802_1.png",
    "available": false,
    "promoUntil": null
  },
  {
    "id": "672220ZK",
    "title": "Favor Regular 36 Stuks 250 g",
    "category": "Koffie en thee",
    "price": 3.39,
    "promoPrice": null,
    "pricePerUnit": "0.09 pieces",
    "image": "https://www.jumbo.com/dam-images/fit-in/360x360/Products/20022025_1740061966698_1740061974796_8710435132109_1.png",
    "available": false,
    "promoUntil": null
  },
  {
    "id": "560627DS",
    "title": "CaffÃ¨ Perrucci Lungo 112 g",
    "category": "Koffie en thee",
    "price": 3.59,
    "promoPrice": null,
    "pricePerUnit": "0.22 pieces",
    "image": "https://www.jumbo.com/dam-images/fit-in/360x360/Products/09082023_1691593427389_1691593448173_8720938111051_1.png",
    "available": false,
    "promoUntil": null
  },
  {
    "id": "173253KST",
    "title": "Jumbo Mix voor Pannenkoeken Naturel 400 g",
    "category": "Ontbijt, broodbeleg en bakproducten",
    "price": 0.65,
    "promoPrice": null,
    "pricePerUnit": "1.63 kg",
    "image": "https://www.jumbo.com/dam-images/fit-in/360x360/Products/01082024_1722504868155_1722504888618_8718452794317_596.png",
    "available": false,
    "promoUntil": null
  },
  {
    "id": "76858DS",
    "title": "Venz Rimboe tijger vlokken melk/vanille 200 g",
    "category": "Ontbijt, broodbeleg en bakproducten",
    "price": 3.46,
    "promoPrice": null,
    "pricePerUnit": "17.3 kg",
    "image": "https://www.jumbo.com/dam-images/fit-in/360x360/Products/23082024_1724381188658_1724381198403_76858_DS_08710391937343_H1N1.png",
    "available": false,
    "promoUntil": null
  },
  {
    "id": "684753TRA",
    "title": "Jumbo Barbecueworst Kip Smokey 320 g",
    "category": "Vlees, vis en vega",
    "price": 3.49,
    "promoPrice": null,
    "pricePerUnit": "10.91 kg",
    "image": "https://www.jumbo.com/dam-images/fit-in/360x360/Products/10072025_1752154383878_1752154390282_8718452901944_1.png",
    "available": false,
    "promoUntil": null
  },
  {
    "id": "224654FLS",
    "title": "Jumbo Tomatenketchup 890ML",
    "category": "Conserven, soepen, sauzen, oliÃ«n",
    "price": 1.03,
    "promoPrice": null,
    "pricePerUnit": "1.16 l",
    "image": "https://www.jumbo.com/dam-images/fit-in/360x360/Products/09092025_1757421319482_1757421325777_8718452659265_1.png",
    "available": false,
    "promoUntil": null
  },
  {
    "id": "134422DS",
    "title": "NescafÃ© Cappuccino Decaf 10 x 12,5 g",
    "category": "Koffie en thee",
    "price": 3.59,
    "promoPrice": null,
    "pricePerUnit": "0.36 pieces",
    "image": "https://www.jumbo.com/dam-images/fit-in/360x360/Products/27062024_1719484371936_1719484378515_7613034641342_1.png",
    "available": false,
    "promoUntil": null
  },
  {
    "id": "577155DS",
    "title": "Epic Coffee Lungo Dark koffiecups 20 Stuks",
    "category": "Koffie en thee",
    "price": 3.99,
    "promoPrice": null,
    "pricePerUnit": "0.2 pieces",
    "image": "https://www.jumbo.com/dam-images/fit-in/360x360/Products/07112023_1699378468436_1699378475614_8720391700571_1.png",
    "available": false,
    "promoUntil": null
  },
  {
    "id": "681121STK",
    "title": "Jumbo Biologisch Noorse Zalm Hout Gerookt 100 g",
    "category": "Vlees, vis en vega",
    "price": 5.09,
    "promoPrice": null,
    "pricePerUnit": "50.9 kg",
    "image": "https://www.jumbo.com/dam-images/fit-in/360x360/Products/10082023_1691675707607_1691675714626_8718452593101_1.png",
    "available": false,
    "promoUntil": null
  },
  {
    "id": "529151BLK",
    "title": "John West Sardines in Olijfolie 120g",
    "category": "Conserven, soepen, sauzen, oliÃ«n",
    "price": 2.17,
    "promoPrice": null,
    "pricePerUnit": "18.08 kg",
    "image": "https://www.jumbo.com/dam-images/fit-in/360x360/Products/25052024_1716603178696_1716603187854_529151_BLK_05000171061225_C1N1.png",
    "available": false,
    "promoUntil": null
  },
  {
    "id": "178676ZK",
    "title": "Jumbo Gepofte Tarwewafel Naturel 12 Stuks",
    "category": "Ontbijt, broodbeleg en bakproducten",
    "price": 3.08,
    "promoPrice": null,
    "pricePerUnit": "44.0 kg",
    "image": "https://www.jumbo.com/dam-images/fit-in/360x360/Products/29092023_1695996129065_1695996131633_8718452677542_1.png",
    "available": false,
    "promoUntil": null
  },
  {
    "id": "685679DS",
    "title": "NescafÃ© Double Choc Mocha 8 x 18,5 g",
    "category": "Koffie en thee",
    "price": 3.59,
    "promoPrice": null,
    "pricePerUnit": "0.45 pieces",
    "image": "https://www.jumbo.com/dam-images/fit-in/360x360/Products/24062025_1750779246288_1750779253314_7613034635617_1.png",
    "available": false,
    "promoUntil": null
  },
  {
    "id": "144568PAK",
    "title": "Alpro Sojadrink  Zonder Suikers Houdbaar 1L",
    "category": "Zuivel, eieren, boter",
    "price": 1.99,
    "promoPrice": null,
    "pricePerUnit": "1.99 l",
    "image": "https://www.jumbo.com/dam-images/fit-in/360x360/Products/09102024_1728441264754_1728441270698_144568_PAK_05411188115496_H1N1.png",
    "available": false,
    "promoUntil": null
  },
  {
    "id": "621142DS",
    "title": "Quaker Cruesli Rozijn & Hazelnoot Ontbijtgranen Voordeelverpakking 900 gr",
    "category": "Ontbijt, broodbeleg en bakproducten",
    "price": 5.99,
    "promoPrice": null,
    "pricePerUnit": "6.66 kg",
    "image": "https://www.jumbo.com/dam-images/fit-in/360x360/Products/02072025_1751452425167_1751452431702_8710398530639_1.png",
    "available": false,
    "promoUntil": null
  },
  {
    "id": "377353ZK",
    "title": "Jumbo Gedroogde Dadels Zonder Pit 250 g",
    "category": "Ontbijt, broodbeleg en bakproducten",
    "price": 1.87,
    "promoPrice": null,
    "pricePerUnit": "7.48 kg",
    "image": "https://www.jumbo.com/dam-images/fit-in/360x360/Products/09082023_1691587016090_1691587026343_8718452468713_1.png",
    "available": false,
    "promoUntil": null
  },
  {
    "id": "474375DS",
    "title": "L'OR Espresso Supremo Gemalen Koffie 20 Stuks 104 g",
    "category": "Koffie en thee",
    "price": 7.79,
    "promoPrice": null,
    "pricePerUnit": "0.39 pieces",
    "image": "https://www.jumbo.com/dam-images/fit-in/360x360/Products/18042025_1744942472142_1744942480341_474375_DS_08711000360828_C1N1.png",
    "available": false,
    "promoUntil": null
  },
  {
    "id": "187034ZK",
    "title": "L'OR Crema Classique Koffiebonen 500 g",
    "category": "Koffie en thee",
    "price": 11.89,
    "promoPrice": null,
    "pricePerUnit": "23.78 kg",
    "image": "https://www.jumbo.com/dam-images/fit-in/360x360/Products/19062025_1750329226241_1750329229865_8711000369852_1.png",
    "available": false,
    "promoUntil": null
  },
  {
    "id": "624744DS",
    "title": "Douwe Egberts Excellent Mocca Lungo 9 Gemalen Koffie 20 Capsules 104 g",
    "category": "Koffie en thee",
    "price": 6.29,
    "promoPrice": null,
    "pricePerUnit": "0.31 pieces",
    "image": "https://www.jumbo.com/dam-images/fit-in/360x360/Products/02042025_1743554014299_1743554024957_8711000571439_1.png",
    "available": false,
    "promoUntil": null
  },
  {
    "id": "191902DS",
    "title": "L'OR Espresso Forza Ground Coffee 20 Stuks 104 g",
    "category": "Koffie en thee",
    "price": 7.79,
    "promoPrice": null,
    "pricePerUnit": "0.39 pieces",
    "image": "https://www.jumbo.com/dam-images/fit-in/360x360/Products/02042025_1743554032094_1743554038616_8711000360811_1.png",
    "available": false,
    "promoUntil": null
  },
  {
    "id": "607487ZK",
    "title": "L'OR Espresso Supremo Roasty & Sweet Coffee Beans 500 g",
    "category": "Koffie en thee",
    "price": 11.89,
    "promoPrice": null,
    "pricePerUnit": "23.78 kg",
    "image": "https://www.jumbo.com/dam-images/fit-in/360x360/Products/06032024_1709693473135_1709693478391_607487_ZK_08711000568484_C1N1.png",
    "available": false,
    "promoUntil": null
  },
  {
    "id": "474376DS",
    "title": "L'OR Espresso Splendente Ground Coffee 20 Stuks 104 g",
    "category": "Koffie en thee",
    "price": 7.79,
    "promoPrice": null,
    "pricePerUnit": "0.39 pieces",
    "image": "https://www.jumbo.com/dam-images/fit-in/360x360/Products/02042025_1743554013313_1743554023221_8711000360804_1.png",
    "available": false,
    "promoUntil": null
  },
  {
    "id": "372130DS",
    "title": "L'OR Espresso Decaffeinato 20 Stuks 104 g",
    "category": "Koffie en thee",
    "price": 7.79,
    "promoPrice": null,
    "pricePerUnit": "0.39 pieces",
    "image": "https://www.jumbo.com/dam-images/fit-in/360x360/Products/08062025_1749347324370_1749347331361_372130_DS_08711000419724_C1N1.png",
    "available": false,
    "promoUntil": null
  },
  {
    "id": "52627PAK",
    "title": "De Ruijter Kleintjes Strooibaar 140 g",
    "category": "Ontbijt, broodbeleg en bakproducten",
    "price": 3.56,
    "promoPrice": null,
    "pricePerUnit": "25.43 kg",
    "image": "https://www.jumbo.com/dam-images/fit-in/360x360/Products/27082025_1756257150698_1756257158277_52627_PAK_08710496978722_C1N1.png",
    "available": false,
    "promoUntil": null
  },
  {
    "id": "509697DS",
    "title": "L'OR Espresso Caramel Smaak 10 Capsules 52 g",
    "category": "Koffie en thee",
    "price": 4.39,
    "promoPrice": null,
    "pricePerUnit": "0.44 pieces",
    "image": "https://www.jumbo.com/dam-images/fit-in/360x360/Products/02042025_1743554013657_1743554022059_8711000488225_1.png",
    "available": false,
    "promoUntil": null
  },
  {
    "id": "220698PAK",
    "title": "Douwe Egberts Aroma Rood Filterkoffie 250 g",
    "category": "Koffie en thee",
    "price": 4.45,
    "promoPrice": null,
    "pricePerUnit": "17.8 kg",
    "image": "https://www.jumbo.com/dam-images/fit-in/360x360/Products/13012024_1705114310067_1705114316697_220698_PAK_08711000003145_C1N1.png",
    "available": false,
    "promoUntil": null
  },
  {
    "id": "191920DS",
    "title": "L'OR Espresso Lungo Profondo 10 Stuks 52 g",
    "category": "Koffie en thee",
    "price": 4.19,
    "promoPrice": null,
    "pricePerUnit": "0.42 pieces",
    "image": "https://www.jumbo.com/dam-images/fit-in/360x360/Products/22082025_1755825469723_1755825476290_191920_DS_08711000360569_C1N1.png",
    "available": false,
    "promoUntil": null
  },
  {
    "id": "390417DS",
    "title": "Douwe Egberts Espresso 12 Ristretto 20 Stuks 104 g",
    "category": "Koffie en thee",
    "price": 5.6,
    "promoPrice": null,
    "pricePerUnit": "0.28 pieces",
    "image": "https://www.jumbo.com/dam-images/fit-in/360x360/Products/02042025_1743554013082_1743554020096_8711000473788_1.png",
    "available": false,
    "promoUntil": null
  },
  {
    "id": "624743DSL",
    "title": "Douwe Egberts Excellent Gold Lungo 7 Gemalen Koffie 20 Capsules 104 g",
    "category": "Koffie en thee",
    "price": 62.9,
    "promoPrice": null,
    "pricePerUnit": "0.31 pieces",
    "image": "https://www.jumbo.com/dam-images/fit-in/360x360/Products/87110005713236cc5a715-2df8-4703-9c78-fac7ea2d92b9-1751886355176.png",
    "available": false,
    "promoUntil": null
  },
  {
    "id": "191904DS",
    "title": "L'OR Espresso Decaffeinato 10 Capsules 52 g",
    "category": "Koffie en thee",
    "price": 4.19,
    "promoPrice": null,
    "pricePerUnit": "0.42 pieces",
    "image": "https://www.jumbo.com/dam-images/fit-in/360x360/Products/02042025_1743554012220_1743554026650_8711000357965_1.png",
    "available": false,
    "promoUntil": null
  },
  {
    "id": "488240DS",
    "title": "L'OR Espresso Lungo Estremo Capsules Maxi Pack 40 Stuks 208 g",
    "category": "Koffie en thee",
    "price": 14.99,
    "promoPrice": null,
    "pricePerUnit": "0.37 pieces",
    "image": "https://www.jumbo.com/dam-images/fit-in/360x360/Products/22082025_1755826052081_1755826059808_488240_DS_08711000495506_C1N1.png",
    "available": false,
    "promoUntil": null
  },
  {
    "id": "624743DS",
    "title": "Douwe Egberts Excellent Gold Lungo 7 Gemalen Koffie 20 Capsules 104 g",
    "category": "Koffie en thee",
    "price": 6.29,
    "promoPrice": null,
    "pricePerUnit": "0.31 pieces",
    "image": "https://www.jumbo.com/dam-images/fit-in/360x360/Products/02042025_1743554014300_1743554024931_8711000571446_1.png",
    "available": false,
    "promoUntil": null
  },
  {
    "id": "624939DS",
    "title": "Douwe Egberts Verwenkoffie Latte Baileys 8 x 11,5 g",
    "category": "Koffie en thee",
    "price": 3.29,
    "promoPrice": null,
    "pricePerUnit": "0.41 pieces",
    "image": "https://www.jumbo.com/dam-images/fit-in/360x360/Products/02042025_1743554014603_1743554021729_8711000567524_1.png",
    "available": false,
    "promoUntil": null
  },
  {
    "id": "297839PAK",
    "title": "Jacqmotte Creations Koffiebonen Moka Absolu 500 g",
    "category": "Koffie en thee",
    "price": 9.49,
    "promoPrice": null,
    "pricePerUnit": "18.98 kg",
    "image": "https://www.jumbo.com/dam-images/fit-in/360x360/Products/05410138004828C1N1f4d4e1c2-d45a-487a-b598-ff9bad3d7d93-1744621708014.png",
    "available": false,
    "promoUntil": null
  },
  {
    "id": "422546ZK",
    "title": "Senseo Espresso Coffee Pads 36 Stuks 250 g",
    "category": "Koffie en thee",
    "price": 6.49,
    "promoPrice": null,
    "pricePerUnit": "0.18 pieces",
    "image": "https://www.jumbo.com/dam-images/fit-in/360x360/Products/02042025_1743554013220_1743554018388_8711000344842_1.png",
    "available": false,
    "promoUntil": null
  },
  {
    "id": "658967DS",
    "title": "L'OR Espresso Passione Rossa Imola Ristretto 10 Capsules 52 g",
    "category": "Koffie en thee",
    "price": 4.39,
    "promoPrice": null,
    "pricePerUnit": "0.44 pieces",
    "image": "https://www.jumbo.com/dam-images/fit-in/360x360/Products/06082025_1754445660171_1754445666012_658967_DS_08711000579145_C1N1.png",
    "available": false,
    "promoUntil": null
  },
  {
    "id": "191899DSL",
    "title": "L'OR Espresso Ristretto Ground Coffee 20 Stuks 104 g",
    "category": "Koffie en thee",
    "price": 77.9,
    "promoPrice": null,
    "pricePerUnit": "0.39 pieces",
    "image": "https://www.jumbo.com/dam-images/fit-in/360x360/Products/871100036088026d7d5fc-53b7-48d0-9fb7-9c9577c4b3a2-1751886355184.png",
    "available": false,
    "promoUntil": null
  },
  {
    "id": "607491DS",
    "title": "L'OR Espresso Decaffeinato Lungo Profondo 10 Capsules 52 g",
    "category": "Koffie en thee",
    "price": 4.19,
    "promoPrice": null,
    "pricePerUnit": "0.42 pieces",
    "image": "https://www.jumbo.com/dam-images/fit-in/360x360/Products/02042025_1743554032971_1743554037163_8711000709405_1.png",
    "available": false,
    "promoUntil": null
  },
  {
    "id": "607488ZK",
    "title": "L'OR Espresso Origins Colombia Koffiebonen 500 g",
    "category": "Koffie en thee",
    "price": 11.99,
    "promoPrice": null,
    "pricePerUnit": "23.98 kg",
    "image": "https://www.jumbo.com/dam-images/fit-in/360x360/Products/26082025_1756171575518_1756171582739_607488_ZK_08711000464625_C1N1.png",
    "available": false,
    "promoUntil": null
  },
  {
    "id": "140129ZK",
    "title": "L'OR Espresso Onyx Koffiebonen 500 g",
    "category": "Koffie en thee",
    "price": 11.89,
    "promoPrice": null,
    "pricePerUnit": "23.78 kg",
    "image": "https://www.jumbo.com/dam-images/fit-in/360x360/Products/23082025_1755911173741_1755911178672_140129_ZK_08711000333075_C1N1.png",
    "available": false,
    "promoUntil": null
  },
  {
    "id": "108211ZK",
    "title": "L'OR Espresso Fortissimo Koffiebonen 500 g",
    "category": "Koffie en thee",
    "price": 11.89,
    "promoPrice": null,
    "pricePerUnit": "23.78 kg",
    "image": "https://www.jumbo.com/dam-images/fit-in/360x360/Products/19062025_1750329226097_1750329229922_8711000324172_1.png",
    "available": false,
    "promoUntil": null
  },
  {
    "id": "167705FLS",
    "title": "Lemondor Limoensap 125 ml",
    "category": "Ontbijt, broodbeleg en bakproducten",
    "price": 0.9,
    "promoPrice": null,
    "pricePerUnit": "7.2 l",
    "image": "https://www.jumbo.com/dam-images/fit-in/360x360/Products/18092023_1695032051268_1695032056552_8031301885210_1.png",
    "available": false,
    "promoUntil": null
  }
]