[
  {
    "id": "63244FLS",
    "title": "Yildriz Turkse Shoarmasaus 265 ml",
    "category": "Conserven, soepen, sauzen, oliën",
    "price": 2.49,
    "promoPrice": null,
    "pricePerUnit": "9.4 l",
    "image": "https://www.jumbo.com/dam-images/fit-in/360x360/Products/14022024_1707872752987_1707872756189_8717903961254_1.png",
    "available": true,
    "promoUntil": null
  },
  {
    "id": "688802DS",
    "title": "Twinings Groene Thee Granaatappel, Framboos & Aardbei 37,5g",
    "category": "Koffie en thee",
    "price": 3.06,
    "promoPrice": null,
    "pricePerUnit": "0.12 pieces",
    "image": "https://www.jumbo.com/dam-images/fit-in/360x360/Products/5c533571d3b545f78eaa1047e849262b62572420c5be4787b63b55ddc923c5b0067c55a0-1c5d-4584-a054-74d17ba8d1c2-1747040765402.png",
    "available": true,
    "promoUntil": null
  },
  {
    "id": "624073ZK",
    "title": "Raw Organic Food Lijnzaadmix Goji 250 g",
    "category": "Ontbijt, broodbeleg en bakproducten",
    "price": 2.49,
    "promoPrice": null,
    "pricePerUnit": "9.96 kg",
    "image": "https://www.jumbo.com/dam-images/fit-in/360x360/Products/04092025_1756999992063_1756999998143_8719153034283_1.png",
    "available": true,
    "promoUntil": null
  },
  {
    "id": "623760DS",
    "title": "Simon Lévelt Masterblend Supreme Gemalen Koffie in Capsules 10 Stuks 57 g",
    "category": "Koffie en thee",
    "price": 4.89,
    "promoPrice": null,
    "pricePerUnit": "0.49 pieces",
    "image": "https://www.jumbo.com/dam-images/fit-in/360x360/Products/08711138180473C1N1c52b1fa1-de07-4305-8a21-72b6d3255df2-1726581652151.png",
    "available": true,
    "promoUntil": null
  },
  {
    "id": "609204PAK",
    "title": "Kalverliefde Biologische Half Volle Melk 1 L",
    "category": "Zuivel, eieren, boter",
    "price": 2.39,
    "promoPrice": null,
    "pricePerUnit": "2.39 l",
    "image": "https://www.jumbo.com/dam-images/fit-in/360x360/Products/29102024_1730197986630_1730197989691_8714811178545_1.png",
    "available": true,
    "promoUntil": null
  },
  {
    "id": "703582DS",
    "title": "Maggi Bouillon Italiaans met Tomaat en Zongerijpte Groenten 8 Stuks 80 g",
    "category": "Conserven, soepen, sauzen, oliën",
    "price": 1.69,
    "promoPrice": null,
    "pricePerUnit": "21.13 kg",
    "image": "https://www.jumbo.com/dam-images/fit-in/360x360/Products/06062025_1749234829887_1749234837398_8585002444363_1.png",
    "available": true,
    "promoUntil": null
  },
  {
    "id": "208255DS",
    "title": "Pickwick Spijsvertering Kruiden Thee 20 Stuks",
    "category": "Koffie en thee",
    "price": 2.39,
    "promoPrice": null,
    "pricePerUnit": "0.12 pieces",
    "image": "https://www.jumbo.com/dam-images/fit-in/360x360/Products/09082023_1691590025368_1691590140996_8711000306604_1.png",
    "available": true,
    "promoUntil": null
  },
  {
    "id": "717423FLS",
    "title": "Upfront Eiwit Limonade Appel Kiwi 500ML",
    "category": "Zuivel, eieren, boter",
    "price": 2.49,
    "promoPrice": null,
    "pricePerUnit": "4.98 l",
    "image": "https://www.jumbo.com/dam-images/fit-in/360x360/Products/27062025_1751028956043_1751028957584_707026_FLS_08720986892650_A1N1.png",
    "available": true,
    "promoUntil": null
  },
  {
    "id": "558569POT",
    "title": "Verstegen World Spice Blend Pumpkin Spice 37 g",
    "category": "Wereldkeukens, kruiden, pasta en rijst",
    "price": 3.39,
    "promoPrice": null,
    "pricePerUnit": "91.62 kg",
    "image": "https://www.jumbo.com/dam-images/fit-in/360x360/Products/06022024_1707185219653_1707185225673_558569_POT_08712200104281_H1N1.png",
    "available": true,
    "promoUntil": null
  },
  {
    "id": "158123DS",
    "title": "Zonnatura Bio Ideaal Gewicht 20 Zakjes 32 g",
    "category": "Koffie en thee",
    "price": 2.59,
    "promoPrice": null,
    "pricePerUnit": "0.13 pieces",
    "image": "https://www.jumbo.com/dam-images/fit-in/360x360/Products/19092025_1758288802419_1758288807025_8711812406660_1.png",
    "available": true,
    "promoUntil": null
  },
  {
    "id": "541521DS",
    "title": "illy Lungo Intenso Koffiecups 10 Stuks",
    "category": "Koffie en thee",
    "price": 5.49,
    "promoPrice": null,
    "pricePerUnit": "0.55 pieces",
    "image": "https://www.jumbo.com/dam-images/fit-in/360x360/Products/15042025_1744685508015_1744685510091_541521_DS_08003753199009_A1N1.png",
    "available": true,
    "promoUntil": null
  },
  {
    "id": "69807FLS",
    "title": "Koh Thai Zoete Chilisaus 200 ml",
    "category": "Conserven, soepen, sauzen, oliën",
    "price": 2.65,
    "promoPrice": null,
    "pricePerUnit": "13.25 l",
    "image": "https://www.jumbo.com/dam-images/fit-in/360x360/Products/20062024_1718851876782_1718851884311_69807_FLS_08717662260964_C1N1.png",
    "available": true,
    "promoUntil": null
  },
  {
    "id": "686988DSL",
    "title": "Nescafé Latte ijskoffie 12 x 250 ml",
    "category": "Zuivel, eieren, boter",
    "price": 22.68,
    "promoPrice": null,
    "pricePerUnit": "7.56 l",
    "image": "https://www.jumbo.com/dam-images/fit-in/360x360/Products/8715000002528a0113e59-c89c-4c11-ae7d-91352ff66717-1751543768442.png",
    "available": true,
    "promoUntil": null
  },
  {
    "id": "301020DS",
    "title": "Maggi Tuinkruiden Bouillon 81,6 g",
    "category": "Conserven, soepen, sauzen, oliën",
    "price": 1.59,
    "promoPrice": null,
    "pricePerUnit": "19.88 kg",
    "image": "https://www.jumbo.com/dam-images/fit-in/360x360/Products/18122024_1734521561854_1734521570124_8585002443533_1.png",
    "available": true,
    "promoUntil": null
  },
  {
    "id": "694360ZK",
    "title": "Quaker Zero Sugar Added Granola Pecan- & Paranoten 400 gr",
    "category": "Ontbijt, broodbeleg en bakproducten",
    "price": 4.15,
    "promoPrice": null,
    "pricePerUnit": "10.38 kg",
    "image": "https://www.jumbo.com/dam-images/fit-in/360x360/Products/18082025_1755520454830_1755520461042_8710398533036_1.png",
    "available": true,
    "promoUntil": null
  },
  {
    "id": "702482DS",
    "title": "Wester Rietsuikerklontjes 500g",
    "category": "Koffie en thee",
    "price": 2.29,
    "promoPrice": null,
    "pricePerUnit": "4.58 kg",
    "image": "https://www.jumbo.com/dam-images/fit-in/360x360/Products/03062025_1748936070586_1748936072235_702482_DS_08710437007184_A1N1.png",
    "available": true,
    "promoUntil": null
  },
  {
    "id": "391419DS",
    "title": "Zonnatura Bio Groene Thee Ginseng 20 Zakjes 36 g",
    "category": "Koffie en thee",
    "price": 2.59,
    "promoPrice": null,
    "pricePerUnit": "0.13 pieces",
    "image": "https://www.jumbo.com/dam-images/fit-in/360x360/Products/05062025_1749087279110_1749087290464_391419_DS_08711812425906_H1N1.png",
    "available": true,
    "promoUntil": null
  },
  {
    "id": "594400DS",
    "title": "twinings lemon&ginger 20st",
    "category": "Koffie en thee",
    "price": 4.29,
    "promoPrice": null,
    "pricePerUnit": "0.21 pieces",
    "image": "https://www.jumbo.com/dam-images/fit-in/360x360/Products/05092025_1757034831555_1757034835224_594400_DS_.png",
    "available": true,
    "promoUntil": null
  },
  {
    "id": "138094STK",
    "title": "Knorr Soep Croutons Knapperbollen 100 g",
    "category": "Conserven, soepen, sauzen, oliën",
    "price": 1.15,
    "promoPrice": null,
    "pricePerUnit": "11.5 kg",
    "image": "https://www.jumbo.com/dam-images/fit-in/360x360/Products/17042025_1744862133621_1744862156755_138094_STK_08712100541049_C1N1.png",
    "available": true,
    "promoUntil": null
  },
  {
    "id": "509119DS",
    "title": "La Place Rooibos Sinaasappel 15 Stuks",
    "category": "Koffie en thee",
    "price": 2.19,
    "promoPrice": null,
    "pricePerUnit": "0.15 pieces",
    "image": "https://www.jumbo.com/dam-images/fit-in/360x360/Products/09082023_1691591082675_1691591117593_8718452643899_1.png",
    "available": true,
    "promoUntil": null
  },
  {
    "id": "301037DS",
    "title": "Maggi Rundvlees Bouillon Minder Zout Meer Kruiden 72 g",
    "category": "Conserven, soepen, sauzen, oliën",
    "price": 1.69,
    "promoPrice": null,
    "pricePerUnit": "23.47 kg",
    "image": "https://www.jumbo.com/dam-images/fit-in/360x360/Products/23092025_1758593211269_1758593220246_301037_DS_08585002443915_H1N1_s01.png",
    "available": true,
    "promoUntil": null
  },
  {
    "id": "363955POT",
    "title": "Nissin Soba Teriyaki Gebakken Noedels 110 g",
    "category": "Conserven, soepen, sauzen, oliën",
    "price": 1.49,
    "promoPrice": null,
    "pricePerUnit": "13.55 kg",
    "image": "https://www.jumbo.com/dam-images/fit-in/360x360/Products/17012024_1705461434992_1705461447696_363955_POT_05997523324315_C1N1.png",
    "available": true,
    "promoUntil": null
  },
  {
    "id": "163395PAK",
    "title": "Saimin Japanse Bamie met Garnalensmaak 85 g",
    "category": "Conserven, soepen, sauzen, oliën",
    "price": 1.19,
    "promoPrice": null,
    "pricePerUnit": "14.0 kg",
    "image": "https://www.jumbo.com/dam-images/fit-in/360x360/Products/12122024_1734014361455_1734014367889_71093110334_1.png",
    "available": true,
    "promoUntil": null
  },
  {
    "id": "671529ZK",
    "title": "Knorr Sausmix Bearnaise 19 g",
    "category": "Conserven, soepen, sauzen, oliën",
    "price": 1.0,
    "promoPrice": null,
    "pricePerUnit": "52.63 kg",
    "image": "https://www.jumbo.com/dam-images/fit-in/360x360/Products/08062025_1749346686073_1749346703830_671529_ZK_08721201941054_C1N1.png",
    "available": true,
    "promoUntil": null
  },
  {
    "id": "167706FLS",
    "title": "Lemondor Citroensap 125 ml",
    "category": "Ontbijt, broodbeleg en bakproducten",
    "price": 0.99,
    "promoPrice": null,
    "pricePerUnit": "7.92 l",
    "image": "https://www.jumbo.com/dam-images/fit-in/360x360/Products/18092023_1695032109026_1695032114570_8031301885203_1.png",
    "available": true,
    "promoUntil": null
  },
  {
    "id": "577346BKR",
    "title": "Starbucks Chilled Coffee Cappuccino ijskoffie 330ml",
    "category": "Zuivel, eieren, boter",
    "price": 2.99,
    "promoPrice": null,
    "pricePerUnit": "9.06 l",
    "image": "https://www.jumbo.com/dam-images/fit-in/360x360/Products/18092025_1758160200402_1758160202194_577346_BKR_05711953163333_C1N1.png",
    "available": true,
    "promoUntil": null
  },
  {
    "id": "634945DS",
    "title": "Zonnatura Biologische Citrus & Maté Infusie - Fris & Fruitig 20 Zakjes 34 g",
    "category": "Koffie en thee",
    "price": 2.59,
    "promoPrice": null,
    "pricePerUnit": "0.13 pieces",
    "image": "https://www.jumbo.com/dam-images/fit-in/360x360/Products/25072025_1753436037615_1753436043324_8711812410971_1.png",
    "available": true,
    "promoUntil": null
  },
  {
    "id": "673195FLS",
    "title": "Jumbo's Sla Twist Dressing Saté Smaak 265ML",
    "category": "Conserven, soepen, sauzen, oliën",
    "price": 2.19,
    "promoPrice": null,
    "pricePerUnit": "8.26 l",
    "image": "https://www.jumbo.com/dam-images/fit-in/360x360/Products/02062025_1748882048556_1748882052518_8718452814558_1.png",
    "available": true,
    "promoUntil": null
  },
  {
    "id": "447911PAK",
    "title": "Koopmans Boterkoek Bakmix 400 g",
    "category": "Ontbijt, broodbeleg en bakproducten",
    "price": 1.67,
    "promoPrice": null,
    "pricePerUnit": "4.18 kg",
    "image": "https://www.jumbo.com/dam-images/fit-in/360x360/Products/17042025_1744854613242_1744854620180_447911_PAK_08710466312921_C1N1_s03.png",
    "available": true,
    "promoUntil": null
  },
  {
    "id": "586273PAK",
    "title": "Melkunie Protein Chocolate Flavoured Milk Drink 1 L",
    "category": "Zuivel, eieren, boter",
    "price": 3.79,
    "promoPrice": null,
    "pricePerUnit": "3.79 l",
    "image": "https://www.jumbo.com/dam-images/fit-in/360x360/Products/16052024_1715844911923_1715844914896_5711953173547_1.png",
    "available": true,
    "promoUntil": null
  },
  {
    "id": "624058DS",
    "title": "Raw Organic Food Raw Cracker Kikkererwten Zeewier 125 g",
    "category": "Ontbijt, broodbeleg en bakproducten",
    "price": 5.39,
    "promoPrice": null,
    "pricePerUnit": "43.12 kg",
    "image": "https://www.jumbo.com/dam-images/fit-in/360x360/Products/14022025_1739539215837_1739539224523_8719153027988_1.png",
    "available": true,
    "promoUntil": null
  },
  {
    "id": "155349FLS",
    "title": "Remia Smokey Hot Cocktail The Real Blazing Luke 450 ml",
    "category": "Conserven, soepen, sauzen, oliën",
    "price": 3.89,
    "promoPrice": null,
    "pricePerUnit": "8.64 l",
    "image": "https://www.jumbo.com/dam-images/fit-in/360x360/Products/13062024_1718248965816_1718248970527_155349_FLS_08710448696940_C1N1.png",
    "available": true,
    "promoUntil": null
  },
  {
    "id": "652181FLS",
    "title": "Red Phoenix Wasabi Mayonaise 250ml",
    "category": "Conserven, soepen, sauzen, oliën",
    "price": 2.99,
    "promoPrice": null,
    "pricePerUnit": "11.96 l",
    "image": "https://www.jumbo.com/dam-images/fit-in/360x360/Products/17092024_1726579470251_1726579475556_652181_FLS_08720604471182_C1N1.png",
    "available": true,
    "promoUntil": null
  },
  {
    "id": "751154POT",
    "title": "Knorr Aromat Smaakverfijner Natriumarm 80 g",
    "category": "Conserven, soepen, sauzen, oliën",
    "price": 2.66,
    "promoPrice": null,
    "pricePerUnit": "33.25 kg",
    "image": "https://www.jumbo.com/dam-images/fit-in/360x360/Products/30052025_1748567299649_1748567344499_751154_POT_00000087111200_H1N1.png",
    "available": true,
    "promoUntil": null
  },
  {
    "id": "368498POT",
    "title": "Kühne Cocktailuitjes Zoetzuur 170 g",
    "category": "Conserven, soepen, sauzen, oliën",
    "price": 1.29,
    "promoPrice": null,
    "pricePerUnit": "11.73 kg",
    "image": "https://www.jumbo.com/dam-images/fit-in/360x360/Products/08082025_1754618946736_1754618957029_368498_POT_00000040804729_C1N1.png",
    "available": true,
    "promoUntil": null
  },
  {
    "id": "690054FLS",
    "title": "Remia American BBQ Hot Honey",
    "category": "Conserven, soepen, sauzen, oliën",
    "price": 3.89,
    "promoPrice": null,
    "pricePerUnit": "8.64 l",
    "image": "https://www.jumbo.com/dam-images/fit-in/360x360/Products/31032025_1743418131848_1743418137528_690054_FLS_08710448641919_C1N1.png",
    "available": true,
    "promoUntil": null
  },
  {
    "id": "624143ZK",
    "title": "Smaakt Bio Cornflakes Ongezoet 300 g",
    "category": "Ontbijt, broodbeleg en bakproducten",
    "price": 2.99,
    "promoPrice": null,
    "pricePerUnit": "9.97 kg",
    "image": "https://www.jumbo.com/dam-images/fit-in/360x360/Products/08092025_1757338395515_1757338401992_8719153027339_1.png",
    "available": true,
    "promoUntil": null
  },
  {
    "id": "690050TUB",
    "title": "Zaanse Metchup 200ml",
    "category": "Conserven, soepen, sauzen, oliën",
    "price": 1.49,
    "promoPrice": null,
    "pricePerUnit": "7.45 l",
    "image": "https://www.jumbo.com/dam-images/fit-in/360x360/Products/22052025_1747876190997_1747876197530_690050_TUB_08710716017439_C1N1.png",
    "available": true,
    "promoUntil": null
  },
  {
    "id": "646918STK",
    "title": "Melkunie Havermoutpap 4 x 1L",
    "category": "Zuivel, eieren, boter",
    "price": 9.16,
    "promoPrice": null,
    "pricePerUnit": "None None",
    "image": "https://www.jumbo.com/dam-images/fit-in/360x360/Products/202300981091b8ea-3728-49f1-a399-f93b40d41ab3-1725526832027.png",
    "available": true,
    "promoUntil": null
  },
  {
    "id": "638567STK",
    "title": "Mozzarisella Classic - Plantaardig Alternatief voor Mozzarella - 125 g",
    "category": "Zuivel, eieren, boter",
    "price": 2.49,
    "promoPrice": null,
    "pricePerUnit": "19.92 kg",
    "image": "https://www.jumbo.com/dam-images/fit-in/360x360/Products/20012025_1737383547121_1737383550700_8032754341735_1.png",
    "available": true,
    "promoUntil": null
  },
  {
    "id": "587063POT",
    "title": "NXT Level Pre-Workout Kersensmaak 300 g",
    "category": "Ontbijt, broodbeleg en bakproducten",
    "price": 19.95,
    "promoPrice": null,
    "pricePerUnit": "66.5 kg",
    "image": "https://www.jumbo.com/dam-images/fit-in/360x360/Products/12122024_1734014802033_1734014808410_8720828215067_1.png",
    "available": true,
    "promoUntil": null
  },
  {
    "id": "680654POT",
    "title": "Nesquik Yoghurt Chocoballs 240g",
    "category": "Zuivel, eieren, boter",
    "price": 1.99,
    "promoPrice": null,
    "pricePerUnit": "8.29 kg",
    "image": "https://www.jumbo.com/dam-images/fit-in/360x360/Products/09042025_1744171057161_1744171061614_680654_POT_03023290093528_C1N1.png",
    "available": true,
    "promoUntil": null
  },
  {
    "id": "689620DS",
    "title": "Tea of Life Gember & Citroen Focus Blend 20 Stuks 30 g",
    "category": "Koffie en thee",
    "price": 3.29,
    "promoPrice": null,
    "pricePerUnit": "0.16 pieces",
    "image": "https://www.jumbo.com/dam-images/fit-in/360x360/Products/28032025_1743190389349_1743190395620_8719375009069_1.png",
    "available": true,
    "promoUntil": null
  },
  {
    "id": "448036DSL",
    "title": "Unox Good Pasta 4-Kazensaus",
    "category": "Conserven, soepen, sauzen, oliën",
    "price": 17.52,
    "promoPrice": null,
    "pricePerUnit": "33.18 kg",
    "image": "https://www.jumbo.com/dam-images/fit-in/360x360/Products/8720182035677d8eb8ed5-a31e-405f-8a08-29c16c860fb7-1743771605449.png",
    "available": true,
    "promoUntil": null
  },
  {
    "id": "676686STK",
    "title": "Spruitjes met Jumbo's Knoflook Smaak Olie",
    "category": "Conserven, soepen, sauzen, oliën",
    "price": 4.78,
    "promoPrice": null,
    "pricePerUnit": "None None",
    "image": "https://www.jumbo.com/dam-images/fit-in/360x360/Products/676686STKe77b797e-b266-4a9f-97a0-b5131373f7de-1738916443729.png",
    "available": true,
    "promoUntil": null
  },
  {
    "id": "655664STK",
    "title": "Jumbo's Confiture Aardbei Vanille 330g",
    "category": "Ontbijt, broodbeleg en bakproducten",
    "price": 1.99,
    "promoPrice": null,
    "pricePerUnit": "6.03 kg",
    "image": "https://www.jumbo.com/dam-images/fit-in/360x360/Products/10122024_1733830368667_1733830387477_8718452872046_1.png",
    "available": true,
    "promoUntil": null
  },
  {
    "id": "650005POT",
    "title": "Trouble & Spice Yum Phrik Thai Crispy Chilli Oil 200 ml",
    "category": "Conserven, soepen, sauzen, oliën",
    "price": 6.99,
    "promoPrice": null,
    "pricePerUnit": "34.95 l",
    "image": "https://www.jumbo.com/dam-images/fit-in/360x360/Products/24102024_1729787648149_1729787658719_8720865697079_1.png",
    "available": true,
    "promoUntil": null
  },
  {
    "id": "695657FLS",
    "title": "YFood Drinkmaaltijd Fruity Strawberry 500ML",
    "category": "Zuivel, eieren, boter",
    "price": 4.39,
    "promoPrice": null,
    "pricePerUnit": "8.78 l",
    "image": "https://www.jumbo.com/dam-images/fit-in/360x360/Products/23052025_1747966057848_1747966059997_695657_FLS_04260556639499_C1N1.png",
    "available": true,
    "promoUntil": null
  },
  {
    "id": "688157DS",
    "title": "Twinings Groene Thee Citroen 25 Stuks",
    "category": "Koffie en thee",
    "price": 4.49,
    "promoPrice": null,
    "pricePerUnit": "0.18 pieces",
    "image": "https://www.jumbo.com/dam-images/fit-in/360x360/Products/36ab6fff0c4b4b489c78ba4949268169fe2bc33890214507857b2e46fe20d750d8e89b98-6375-4d09-93eb-57abf3ff8630-1743757515242.png",
    "available": true,
    "promoUntil": null
  },
  {
    "id": "565898STK",
    "title": "Yum Yum Instant Noedels Groentensmaak 4 x 60 g",
    "category": "Conserven, soepen, sauzen, oliën",
    "price": 2.6,
    "promoPrice": null,
    "pricePerUnit": "None None",
    "image": "https://www.jumbo.com/dam-images/fit-in/360x360/Products/565898_20221980_1_T1_565898STK1691077414933.png",
    "available": true,
    "promoUntil": null
  },
  {
    "id": "611356ZK",
    "title": "Zonnatura Bio Havermout Naturel 375 g",
    "category": "Ontbijt, broodbeleg en bakproducten",
    "price": 1.97,
    "promoPrice": null,
    "pricePerUnit": "5.25 kg",
    "image": "https://www.jumbo.com/dam-images/fit-in/360x360/Products/21102024_1729514108307_1729514116887_8711812409005_1.png",
    "available": true,
    "promoUntil": null
  },
  {
    "id": "509117DS",
    "title": "La Place Groene Thee Framboos 15 Stuks",
    "category": "Koffie en thee",
    "price": 2.19,
    "promoPrice": null,
    "pricePerUnit": "0.15 pieces",
    "image": "https://www.jumbo.com/dam-images/fit-in/360x360/Products/09082023_1691590436794_1691590553478_8718452643936_1.png",
    "available": true,
    "promoUntil": null
  },
  {
    "id": "509110DS",
    "title": "La Place Rooibos Appel Kaneel 15 Stuks",
    "category": "Koffie en thee",
    "price": 2.19,
    "promoPrice": null,
    "pricePerUnit": "0.15 pieces",
    "image": "https://www.jumbo.com/dam-images/fit-in/360x360/Products/10082023_1691677308934_1691677323145_8718452644001_1.png",
    "available": true,
    "promoUntil": null
  },
  {
    "id": "94825FLS",
    "title": "Marne Milde Franse Mosterdsaus 350 ml",
    "category": "Conserven, soepen, sauzen, oliën",
    "price": 2.39,
    "promoPrice": null,
    "pricePerUnit": "6.83 l",
    "image": "https://www.jumbo.com/dam-images/fit-in/360x360/Products/20032025_1742437175622_1742437182982_94825_FLS_08710638001349_C1N1.png",
    "available": true,
    "promoUntil": null
  },
  {
    "id": "561311POT",
    "title": "Marne Zoete Mosterd Honing 235 g",
    "category": "Conserven, soepen, sauzen, oliën",
    "price": 1.59,
    "promoPrice": null,
    "pricePerUnit": "6.77 kg",
    "image": "https://www.jumbo.com/dam-images/fit-in/360x360/Products/09082023_1691593166162_1691593187545_8710638002261_1.png",
    "available": true,
    "promoUntil": null
  },
  {
    "id": "636149PAK",
    "title": "Mars Protein chocolade caramel reep 50g",
    "category": "Ontbijt, broodbeleg en bakproducten",
    "price": 2.79,
    "promoPrice": null,
    "pricePerUnit": "55.8 kg",
    "image": "https://www.jumbo.com/dam-images/fit-in/360x360/Products/15052025_1747330436566_1747330454017_5000159516198_596.png",
    "available": true,
    "promoUntil": null
  },
  {
    "id": "708602TUB",
    "title": "Upfront Gel Pro Cassis 50g",
    "category": "Ontbijt, broodbeleg en bakproducten",
    "price": 1.99,
    "promoPrice": null,
    "pricePerUnit": "39.8 kg",
    "image": "https://www.jumbo.com/dam-images/fit-in/360x360/Products/07072025_1751894830847_1751894834901_708602_TUB_08720986891417_A1N1.png",
    "available": true,
    "promoUntil": null
  },
  {
    "id": "441135STK",
    "title": "Pickwick Fruit Thee 3 x 20 Stuks",
    "category": "Koffie en thee",
    "price": 5.27,
    "promoPrice": null,
    "pricePerUnit": "None None",
    "image": "https://www.jumbo.com/dam-images/fit-in/360x360/Products/441135STKfd4832ff-4497-49af-8d3b-aba9a9545aa4-1705505988723.png",
    "available": true,
    "promoUntil": null
  },
  {
    "id": "549593DS",
    "title": "Pickwick Herbal Super Blends Relax 15 x 1,5 g",
    "category": "Koffie en thee",
    "price": 2.39,
    "promoPrice": null,
    "pricePerUnit": "0.16 pieces",
    "image": "https://www.jumbo.com/dam-images/fit-in/360x360/Products/24122024_1735009447988_1735009455783_549593_DS_08711000704660_C1N1.png",
    "available": true,
    "promoUntil": null
  },
  {
    "id": "509676DS",
    "title": "Smit & Dorlas Dark Roast Koffiecups 10 Stuks",
    "category": "Koffie en thee",
    "price": 4.39,
    "promoPrice": null,
    "pricePerUnit": "0.44 pieces",
    "image": "https://www.jumbo.com/dam-images/fit-in/360x360/Products/10082023_1691677396010_1691677415848_8710435138262_1.png",
    "available": true,
    "promoUntil": null
  },
  {
    "id": "517309ZK",
    "title": "Unox Rookworst Pittig 275 g",
    "category": "Conserven, soepen, sauzen, oliën",
    "price": 4.5,
    "promoPrice": null,
    "pricePerUnit": "16.36 kg",
    "image": "https://www.jumbo.com/dam-images/fit-in/360x360/Products/27082024_1724727947932_1724727977256_517309_ZK_08720182373328_C1N1.png",
    "available": true,
    "promoUntil": null
  },
  {
    "id": "623491FLS",
    "title": "WeCare Flavour Classic Vanilla Meal Replacement Drink 236 ml",
    "category": "Zuivel, eieren, boter",
    "price": 2.59,
    "promoPrice": null,
    "pricePerUnit": "10.97 l",
    "image": "https://www.jumbo.com/dam-images/fit-in/360x360/Products/02062025_1748867607597_1748867611608_5410063042018_1.png",
    "available": true,
    "promoUntil": null
  },
  {
    "id": "158161DS",
    "title": "Zonnatura Biologische Thee - Detox Citroengras",
    "category": "Koffie en thee",
    "price": 2.59,
    "promoPrice": null,
    "pricePerUnit": "0.13 pieces",
    "image": "https://www.jumbo.com/dam-images/fit-in/360x360/Products/28072025_1753713236571_1753713243592_8711812414696_596.png",
    "available": true,
    "promoUntil": null
  },
  {
    "id": "703299DS",
    "title": "Pickwick Mint Kruiden Thee 20 Stuks",
    "category": "Koffie en thee",
    "price": 1.99,
    "promoPrice": null,
    "pricePerUnit": "0.1 pieces",
    "image": "https://www.jumbo.com/dam-images/fit-in/360x360/Products/05062025_1749148349269_1749148354156_8711000336434_1.png",
    "available": true,
    "promoUntil": null
  },
  {
    "id": "623943ZK",
    "title": "Smaakt Bio Sesamzaad Gepeld 250 g",
    "category": "Ontbijt, broodbeleg en bakproducten",
    "price": 3.51,
    "promoPrice": null,
    "pricePerUnit": "14.04 kg",
    "image": "https://www.jumbo.com/dam-images/fit-in/360x360/Products/04092025_1756999992017_1756999997318_8719153014773_1.png",
    "available": true,
    "promoUntil": null
  },
  {
    "id": "460273POT",
    "title": "Jumbo Zoetjes Dispenser Sucralose 100 Stuks",
    "category": "Koffie en thee",
    "price": 1.39,
    "promoPrice": null,
    "pricePerUnit": "0.01 pieces",
    "image": "https://www.jumbo.com/dam-images/fit-in/360x360/Products/22092025_1758533566501_1758533572130_8718452565023_1.png",
    "available": true,
    "promoUntil": null
  },
  {
    "id": "464850ZK",
    "title": "Smaakt Bio Amandelmeel Mix 200 g",
    "category": "Ontbijt, broodbeleg en bakproducten",
    "price": 5.73,
    "promoPrice": null,
    "pricePerUnit": "28.65 kg",
    "image": "https://www.jumbo.com/dam-images/fit-in/360x360/Products/09092025_1757406805230_1757406810910_8719153032487_1.png",
    "available": true,
    "promoUntil": null
  },
  {
    "id": "655790STK",
    "title": "Jumbo's Confiture Abrikoos Passievrucht 330g",
    "category": "Ontbijt, broodbeleg en bakproducten",
    "price": 1.99,
    "promoPrice": null,
    "pricePerUnit": "6.03 kg",
    "image": "https://www.jumbo.com/dam-images/fit-in/360x360/Products/10122024_1733830368862_1733830388773_8718452872060_1.png",
    "available": true,
    "promoUntil": null
  },
  {
    "id": "620691STK",
    "title": "Jumbo vlaatje flip 4 x 200g",
    "category": "Zuivel, eieren, boter",
    "price": 5.96,
    "promoPrice": null,
    "pricePerUnit": "None None",
    "image": "https://www.jumbo.com/dam-images/fit-in/360x360/Products/620691STK114303507-d82a-4ee3-a2dd-7cf74d8071e1-1745828748522.png",
    "available": true,
    "promoUntil": null
  },
  {
    "id": "509121DS",
    "title": "La PLace Gember Kurkuma 15 Stuks",
    "category": "Koffie en thee",
    "price": 2.19,
    "promoPrice": null,
    "pricePerUnit": "0.15 pieces",
    "image": "https://www.jumbo.com/dam-images/fit-in/360x360/Products/09082023_1691590664530_1691590685661_8718452643912_1.png",
    "available": true,
    "promoUntil": null
  },
  {
    "id": "708620DS",
    "title": "Quaker Cruesli Zero Sugar Rozijn Hazelnoot 400g",
    "category": "Ontbijt, broodbeleg en bakproducten",
    "price": 3.5,
    "promoPrice": null,
    "pricePerUnit": "8.75 kg",
    "image": "https://www.jumbo.com/dam-images/fit-in/360x360/Products/13092025_1757726578508_1757726592559_708620_DS_08710398533852_C1N1.png",
    "available": true,
    "promoUntil": null
  },
  {
    "id": "367244BLK",
    "title": "Rio Mare Insalatissime Mais 2x160g MSC",
    "category": "Conserven, soepen, sauzen, oliën",
    "price": 7.49,
    "promoPrice": null,
    "pricePerUnit": "23.41 kg",
    "image": "https://www.jumbo.com/dam-images/fit-in/360x360/Products/30052025_1748569035415_1748569038797_367244_BLK_08004030352513_C1N1.png",
    "available": true,
    "promoUntil": null
  },
  {
    "id": "505090BLK",
    "title": "Rio Mare Insalatissime Messicana 160g MSC",
    "category": "Conserven, soepen, sauzen, oliën",
    "price": 3.99,
    "promoPrice": null,
    "pricePerUnit": "24.94 kg",
    "image": "https://www.jumbo.com/dam-images/fit-in/360x360/Products/30052025_1748568895254_1748568896914_505090_BLK_08004030026018_A1N1.png",
    "available": true,
    "promoUntil": null
  },
  {
    "id": "509677DS",
    "title": "Smit & Dorlas Extra Dark Roast Koffiecups 10 Stuks",
    "category": "Koffie en thee",
    "price": 4.39,
    "promoPrice": null,
    "pricePerUnit": "0.44 pieces",
    "image": "https://www.jumbo.com/dam-images/fit-in/360x360/Products/10082023_1691677396226_1691677415739_8710435138279_1.png",
    "available": true,
    "promoUntil": null
  },
  {
    "id": "673411FLS",
    "title": "Red Phoenix Sesam Soja Dressing 250 ML",
    "category": "Conserven, soepen, sauzen, oliën",
    "price": 2.96,
    "promoPrice": null,
    "pricePerUnit": "11.84 l",
    "image": "https://www.jumbo.com/dam-images/fit-in/360x360/Products/15012025_1736951777824_1736951783949_673411_FLS_08720604470901_C1N1.png",
    "available": true,
    "promoUntil": null
  },
  {
    "id": "182616STK",
    "title": "Koopmans Boekweitgrutten Biologisch 400 g",
    "category": "Ontbijt, broodbeleg en bakproducten",
    "price": 2.19,
    "promoPrice": null,
    "pricePerUnit": "5.48 kg",
    "image": "https://www.jumbo.com/dam-images/fit-in/360x360/Products/17042025_1744855161393_1744855166717_182616_STK_08710466280121_C1N1_s02.png",
    "available": true,
    "promoUntil": null
  },
  {
    "id": "623685DS",
    "title": "Localtea Speculaas Chai Zwarte Thee met Kaneel, Kardemom & Kruidnagel 18 x 1,5 g",
    "category": "Koffie en thee",
    "price": 3.69,
    "promoPrice": null,
    "pricePerUnit": "0.21 pieces",
    "image": "https://www.jumbo.com/dam-images/fit-in/360x360/Products/23122024_1734967976018_1734967984780_8721082724043_1.png",
    "available": true,
    "promoUntil": null
  },
  {
    "id": "487419STK",
    "title": "Rio Mare Insalatissime Linzen 160g MSC",
    "category": "Conserven, soepen, sauzen, oliën",
    "price": 3.99,
    "promoPrice": null,
    "pricePerUnit": "24.94 kg",
    "image": "https://www.jumbo.com/dam-images/fit-in/360x360/Products/30052025_1748569349142_1748569354755_487419_STK_08004030475021_C1N1.png",
    "available": true,
    "promoUntil": null
  },
  {
    "id": "688151DS",
    "title": "Twinings Pure Groene Thee 525 Stuks",
    "category": "Koffie en thee",
    "price": 4.49,
    "promoPrice": null,
    "pricePerUnit": "0.18 pieces",
    "image": "https://www.jumbo.com/dam-images/fit-in/360x360/Products/b3cd78667afa4fb3bffb04989849ffe378d9155f69604f048b37cf06833ff023a6458997-bc72-45e5-9a77-e462d3e5fd49-1744200568506.png",
    "available": true,
    "promoUntil": null
  },
  {
    "id": "627803DSL",
    "title": "YumYum Thai Spicy Soup with Shrimp & Lemongrass (Tom Yum) - 10 x 100 g",
    "category": "Conserven, soepen, sauzen, oliën",
    "price": 12.5,
    "promoPrice": 10.62,
    "pricePerUnit": "10.62 kg",
    "image": "https://www.jumbo.com/dam-images/fit-in/360x360/Products/88520188000882bdeb630-001f-44a0-94c7-33bc8390b3f8-1755258099774.png",
    "available": true,
    "promoUntil": "di 7 okt"
  },
  {
    "id": "649992FLS",
    "title": "Monin Siroop Hazelnoot 250ML",
    "category": "Koffie en thee",
    "price": 5.44,
    "promoPrice": null,
    "pricePerUnit": "21.76 l",
    "image": "https://www.jumbo.com/dam-images/fit-in/360x360/Products/02082025_1754098604218_1754098607131_649992_FLS_03052910013745_C1N1.png",
    "available": true,
    "promoUntil": null
  },
  {
    "id": "586268RP",
    "title": "NXT Level Peanut Boost Nuts & Dark Chocolate 60 g",
    "category": "Ontbijt, broodbeleg en bakproducten",
    "price": 1.89,
    "promoPrice": 1.41,
    "pricePerUnit": "23.5 kg",
    "image": "https://www.jumbo.com/dam-images/fit-in/360x360/Products/31012025_1738295422522_1738295426724_586268_RP_08718836394065_C1N1.png",
    "available": true,
    "promoUntil": "di 7 okt"
  },
  {
    "id": "677767FLS",
    "title": "Jumbo's Sweet Pickle Relish 250ML",
    "category": "Conserven, soepen, sauzen, oliën",
    "price": 2.99,
    "promoPrice": null,
    "pricePerUnit": "11.96 l",
    "image": "https://www.jumbo.com/dam-images/fit-in/360x360/Products/02042025_1743586390589_1743586395367_8718452893010_1.png",
    "available": true,
    "promoUntil": null
  },
  {
    "id": "235881POT",
    "title": "Marmite Yeast Extract 125 g",
    "category": "Ontbijt, broodbeleg en bakproducten",
    "price": 2.95,
    "promoPrice": null,
    "pricePerUnit": "23.6 kg",
    "image": "https://www.jumbo.com/dam-images/fit-in/360x360/Products/12122024_1734014422104_1734014428553_96116845_1.png",
    "available": true,
    "promoUntil": null
  },
  {
    "id": "642185PAK",
    "title": "Raw Organic Food Rawbar Cacao-Sinaasappel 40 g",
    "category": "Ontbijt, broodbeleg en bakproducten",
    "price": 1.75,
    "promoPrice": null,
    "pricePerUnit": "43.75 kg",
    "image": "https://www.jumbo.com/dam-images/fit-in/360x360/Products/14022025_1739539177328_1739539183306_8719153033422_1.png",
    "available": true,
    "promoUntil": null
  },
  {
    "id": "428504FLS",
    "title": "Remia Frietje Bikkelsaus 500 ml",
    "category": "Conserven, soepen, sauzen, oliën",
    "price": 2.49,
    "promoPrice": null,
    "pricePerUnit": "4.98 l",
    "image": "https://www.jumbo.com/dam-images/fit-in/360x360/Products/20012025_1737339227675_1737339231637_428504_FLS_08710448636991_C1N1.png",
    "available": true,
    "promoUntil": null
  },
  {
    "id": "182392FLS",
    "title": "Van Gilse Schenkstroop Karamel 600 g",
    "category": "Ontbijt, broodbeleg en bakproducten",
    "price": 2.15,
    "promoPrice": null,
    "pricePerUnit": "3.58 kg",
    "image": "https://www.jumbo.com/dam-images/fit-in/360x360/Products/14022024_1707873314950_1707873318898_8710437003520_1.png",
    "available": true,
    "promoUntil": null
  },
  {
    "id": "629765CUP",
    "title": "Yopokki Instant Topokki Sweet & Spicy 140g",
    "category": "Conserven, soepen, sauzen, oliën",
    "price": 2.69,
    "promoPrice": null,
    "pricePerUnit": "19.21 kg",
    "image": "https://www.jumbo.com/dam-images/fit-in/360x360/Products/08809054403476A1N15175d88d-6f74-4506-9c49-c8807e3502be-1727416138397.png",
    "available": true,
    "promoUntil": null
  },
  {
    "id": "578249DSL",
    "title": "Ísey Skyr Toffee",
    "category": "Zuivel, eieren, boter",
    "price": 15.12,
    "promoPrice": null,
    "pricePerUnit": "13.5 kg",
    "image": "https://www.jumbo.com/dam-images/fit-in/360x360/Products/578249_65690845001149_1_T1_488059DSL1691150199270.png",
    "available": true,
    "promoUntil": null
  },
  {
    "id": "669292POT",
    "title": "Jumbo's Pindakaas Proteïne 350 g",
    "category": "Ontbijt, broodbeleg en bakproducten",
    "price": 2.99,
    "promoPrice": null,
    "pricePerUnit": "8.54 kg",
    "image": "https://www.jumbo.com/dam-images/fit-in/360x360/Products/12122024_1734003202119_1734003212564_8718452861316_1.png",
    "available": true,
    "promoUntil": null
  },
  {
    "id": "503608PAK",
    "title": "Koopmans Oliebollen Gemak Bakmix 465 g",
    "category": "Ontbijt, broodbeleg en bakproducten",
    "price": 3.16,
    "promoPrice": null,
    "pricePerUnit": "6.8 kg",
    "image": "https://www.jumbo.com/dam-images/fit-in/360x360/Products/24052024_1716579316272_1716579322358_8710466316424_1.png",
    "available": true,
    "promoUntil": null
  },
  {
    "id": "628621STK",
    "title": "Jumbo paddenstoelen bouillonblokjes 3 x 8 stuks",
    "category": "Conserven, soepen, sauzen, oliën",
    "price": 1.56,
    "promoPrice": null,
    "pricePerUnit": "None None",
    "image": "https://www.jumbo.com/dam-images/fit-in/360x360/Products/628621STKc68d5230-fae2-4bbd-b6f1-8799d34ac7bf-1745828747072.png",
    "available": true,
    "promoUntil": null
  },
  {
    "id": "612480PAK",
    "title": "Kalverliefde Biologische Volle Melk 1 L",
    "category": "Zuivel, eieren, boter",
    "price": 2.49,
    "promoPrice": null,
    "pricePerUnit": "2.49 l",
    "image": "https://www.jumbo.com/dam-images/fit-in/360x360/Products/25092024_1727278475984_1727278481671_8714811178569_1.png",
    "available": true,
    "promoUntil": null
  },
  {
    "id": "618298STK",
    "title": "Neuburger Coupe Danube Chocoladesmaak 4 x 200 g",
    "category": "Zuivel, eieren, boter",
    "price": 1.36,
    "promoPrice": null,
    "pricePerUnit": "None None",
    "image": "https://www.jumbo.com/dam-images/fit-in/360x360/Products/618298STK14fa9c244-50c0-4b1b-9f2a-97198283fa85-1745828748661.png",
    "available": true,
    "promoUntil": null
  },
  {
    "id": "583110ZK",
    "title": "Unox Good Noodles Oosterse Kip 70 g",
    "category": "Conserven, soepen, sauzen, oliën",
    "price": 1.15,
    "promoPrice": null,
    "pricePerUnit": "16.43 kg",
    "image": "https://www.jumbo.com/dam-images/fit-in/360x360/Products/29032025_1743222048297_1743222082542_583110_ZK_08710604786980_C1N1.png",
    "available": true,
    "promoUntil": null
  },
  {
    "id": "582432DS",
    "title": "Peijnenburg ontbijtkoek naturel zonder toegevoegde suikers 4-pack per stuk verpakt",
    "category": "Ontbijt, broodbeleg en bakproducten",
    "price": 1.97,
    "promoPrice": null,
    "pricePerUnit": "17.59 kg",
    "image": "https://www.jumbo.com/dam-images/fit-in/360x360/Products/28052025_1748424768640_1748424771935_8710397231537_1.png",
    "available": true,
    "promoUntil": null
  },
  {
    "id": "623748DS",
    "title": "Simon Lévelt Masterblend Smooth Gemalen Koffie in Capsules 10 Stuks 57 g",
    "category": "Koffie en thee",
    "price": 4.89,
    "promoPrice": null,
    "pricePerUnit": "0.49 pieces",
    "image": "https://www.jumbo.com/dam-images/fit-in/360x360/Products/08711138180466C1N188a9df3f-48bf-4d6d-8259-83bdeb93c606-1727791369076.png",
    "available": true,
    "promoUntil": null
  },
  {
    "id": "214571ZK",
    "title": "Knorr Vis Dille Saus Mix 42 g",
    "category": "Conserven, soepen, sauzen, oliën",
    "price": 1.0,
    "promoPrice": null,
    "pricePerUnit": "23.81 kg",
    "image": "https://www.jumbo.com/dam-images/fit-in/360x360/Products/19092025_1758288802702_1758288811293_8711200399178_1.png",
    "available": true,
    "promoUntil": null
  },
  {
    "id": "576885DS",
    "title": "Taylor & Colledge Vanillestokjes biologisch 2 stuks",
    "category": "Ontbijt, broodbeleg en bakproducten",
    "price": 13.58,
    "promoPrice": null,
    "pricePerUnit": "1697.5 kg",
    "image": "https://www.jumbo.com/dam-images/fit-in/360x360/Products/17042025_1744861619817_1744861624604_576885_DS_08710466314222_C1N1_s01.png",
    "available": true,
    "promoUntil": null
  },
  {
    "id": "672465STK",
    "title": "VegArt Dream Cake Dessert 130 g",
    "category": "Zuivel, eieren, boter",
    "price": 2.19,
    "promoPrice": null,
    "pricePerUnit": "18.25 kg",
    "image": "https://www.jumbo.com/dam-images/fit-in/360x360/Products/11032025_1741666642121_1741666656534_672465_STK_05999073304410_C1N1.png",
    "available": true,
    "promoUntil": null
  },
  {
    "id": "387042FLS",
    "title": "Koopmans Schudfles pannenkoeken meergranen 175 g",
    "category": "Ontbijt, broodbeleg en bakproducten",
    "price": 2.29,
    "promoPrice": null,
    "pricePerUnit": "13.09 kg",
    "image": "https://www.jumbo.com/dam-images/fit-in/360x360/Products/07062025_1749259440810_1749259447381_387042_FLS_08710466301727_C1N1_s02.png",
    "available": true,
    "promoUntil": null
  },
  {
    "id": "679083POT",
    "title": "Ponti Zero Olio Carciofi Artisjokken 300 g",
    "category": "Vleeswaren, kaas en tapas",
    "price": 4.99,
    "promoPrice": null,
    "pricePerUnit": "16.63 kg",
    "image": "https://www.jumbo.com/dam-images/fit-in/360x360/Products/11022025_1739267564959_1739267569374_679083_POT_08001010039501_C1N1.png",
    "available": true,
    "promoUntil": null
  },
  {
    "id": "18673BLK",
    "title": "Norda Haringfilets in Mosterdsaus 200 g",
    "category": "Conserven, soepen, sauzen, oliën",
    "price": 1.79,
    "promoPrice": null,
    "pricePerUnit": "8.95 kg",
    "image": "https://www.jumbo.com/dam-images/fit-in/360x360/Products/28082024_1724841193713_1724841201390_4039300058264_1.png",
    "available": true,
    "promoUntil": null
  },
  {
    "id": "637908FLS",
    "title": "Zonnatura Biologische Kombucha Lavendel 250 ml",
    "category": "Ontbijt, broodbeleg en bakproducten",
    "price": 2.47,
    "promoPrice": null,
    "pricePerUnit": "9.88 l",
    "image": "https://www.jumbo.com/dam-images/fit-in/360x360/Products/26082025_1756215315651_1756215318824_8711812411114_1.png",
    "available": true,
    "promoUntil": null
  },
  {
    "id": "646530ZK",
    "title": "Jumbo's Medium Roast Rwanda Cacao & Roodfruit 500 g",
    "category": "Koffie en thee",
    "price": 11.79,
    "promoPrice": null,
    "pricePerUnit": "23.58 kg",
    "image": "https://www.jumbo.com/dam-images/fit-in/360x360/Products/12122024_1734003202785_1734003209800_8718452850143_1.png",
    "available": true,
    "promoUntil": null
  },
  {
    "id": "711463STK",
    "title": "Lay's Dipsaus Paté Royal Romige Patésmaak 4 x 6 gr",
    "category": "Conserven, soepen, sauzen, oliën",
    "price": 2.6,
    "promoPrice": null,
    "pricePerUnit": "None None",
    "image": "https://www.jumbo.com/dam-images/fit-in/360x360/Products/20258603a68df27e-af8f-4e70-8203-26eb0a0effd4-1753712034275.png",
    "available": true,
    "promoUntil": null
  },
  {
    "id": "680585FLS",
    "title": "Melkunie Breaker Drinkyoghurt Mango Banana 0,5% Vet 350 ml",
    "category": "Zuivel, eieren, boter",
    "price": 1.69,
    "promoPrice": null,
    "pricePerUnit": "4.83 l",
    "image": "https://www.jumbo.com/dam-images/fit-in/360x360/Products/04062025_1749044026657_1749044031455_8718166008496_1.png",
    "available": true,
    "promoUntil": null
  },
  {
    "id": "135071PAK",
    "title": "Snelle Jelle (Te) Krachtige Kruidkoek 216 g",
    "category": "Ontbijt, broodbeleg en bakproducten",
    "price": 2.81,
    "promoPrice": null,
    "pricePerUnit": "13.01 kg",
    "image": "https://www.jumbo.com/dam-images/fit-in/360x360/Products/15062024_1718414940675_1718414946139_135071_PAK_08710432281930_C1N1.png",
    "available": true,
    "promoUntil": null
  },
  {
    "id": "708587TUB",
    "title": "Upfront Gel Framboos 50g",
    "category": "Ontbijt, broodbeleg en bakproducten",
    "price": 1.99,
    "promoPrice": null,
    "pricePerUnit": "39.8 kg",
    "image": "https://www.jumbo.com/dam-images/fit-in/360x360/Products/07072025_1751893375775_1751893379451_708587_TUB_08720986891400_A1N1.png",
    "available": true,
    "promoUntil": null
  },
  {
    "id": "694348ZK",
    "title": "Quaker Zero Sugar Added Granola Nuts & Seeds 400 gr",
    "category": "Ontbijt, broodbeleg en bakproducten",
    "price": 3.85,
    "promoPrice": null,
    "pricePerUnit": "9.63 kg",
    "image": "https://www.jumbo.com/dam-images/fit-in/360x360/Products/10092025_1757470893339_1757470898590_694348_ZK_08710398507990_C1N1.png",
    "available": true,
    "promoUntil": null
  },
  {
    "id": "454440POT",
    "title": "Taylor & Colledge biologische vanillepasta 65 g",
    "category": "Ontbijt, broodbeleg en bakproducten",
    "price": 7.7,
    "promoPrice": null,
    "pricePerUnit": "118.46 kg",
    "image": "https://www.jumbo.com/dam-images/fit-in/360x360/Products/17042025_1744856269646_1744856276026_454440_POT_08710466314123_C1N1_s01.png",
    "available": true,
    "promoUntil": null
  },
  {
    "id": "699367CUP",
    "title": "Namdong Snack Kimchi Jjigae 83 g",
    "category": "Conserven, soepen, sauzen, oliën",
    "price": 1.99,
    "promoPrice": null,
    "pricePerUnit": "23.98 kg",
    "image": "https://www.jumbo.com/dam-images/fit-in/360x360/Products/28072025_1753695194084_1753695199290_8721201997402_1.png",
    "available": true,
    "promoUntil": null
  },
  {
    "id": "207507STK",
    "title": "Remia Salata Balsamico Dressing 250 ml",
    "category": "Conserven, soepen, sauzen, oliën",
    "price": 1.5,
    "promoPrice": null,
    "pricePerUnit": "6.0 l",
    "image": "https://www.jumbo.com/dam-images/fit-in/360x360/Products/14022024_1707873434255_1707873439725_8710448696261_1.png",
    "available": true,
    "promoUntil": null
  },
  {
    "id": "79864ZK",
    "title": "Wijko Satésaus ketjap kant en klaar 250 g",
    "category": "Conserven, soepen, sauzen, oliën",
    "price": 2.59,
    "promoPrice": null,
    "pricePerUnit": "10.36 kg",
    "image": "https://www.jumbo.com/dam-images/fit-in/360x360/Products/02102024_1727835356310_1727835361602_79864_ZK_08718053070285_H1N1.png",
    "available": true,
    "promoUntil": null
  },
  {
    "id": "159538ZK",
    "title": "Quaker Muesli Multifruit Ontbijtgranen 450 gr",
    "category": "Ontbijt, broodbeleg en bakproducten",
    "price": 2.79,
    "promoPrice": null,
    "pricePerUnit": "6.2 kg",
    "image": "https://www.jumbo.com/dam-images/fit-in/360x360/Products/27032025_1743089667102_1743089674644_8710398503244_1.png",
    "available": true,
    "promoUntil": null
  },
  {
    "id": "515345POT",
    "title": "Pindakaas Creamy",
    "category": "Ontbijt, broodbeleg en bakproducten",
    "price": 4.74,
    "promoPrice": null,
    "pricePerUnit": "13.94 kg",
    "image": "https://www.jumbo.com/dam-images/fit-in/360x360/Products/12122024_1734014640783_1734014647548_37600106009_1.png",
    "available": true,
    "promoUntil": null
  },
  {
    "id": "214569ZK",
    "title": "Knorr Basilicum Room Saus Mix 45 g",
    "category": "Conserven, soepen, sauzen, oliën",
    "price": 1.0,
    "promoPrice": null,
    "pricePerUnit": "22.22 kg",
    "image": "https://www.jumbo.com/dam-images/fit-in/360x360/Products/17052025_1747452015354_1747452065095_214569_ZK_08711200399154_H1N1.png",
    "available": true,
    "promoUntil": null
  },
  {
    "id": "602796POT",
    "title": "MAGGI Jus Vloeibaar Naturel 160g",
    "category": "Conserven, soepen, sauzen, oliën",
    "price": 3.16,
    "promoPrice": null,
    "pricePerUnit": "19.75 kg",
    "image": "https://www.jumbo.com/dam-images/fit-in/360x360/Products/23122023_1703302469192_1703302487294_602796_POT_08445291000278_C1N1_s01.png",
    "available": true,
    "promoUntil": null
  },
  {
    "id": "707453FLS",
    "title": "Upfront Eiwit Milkshake Mango 330ML",
    "category": "Zuivel, eieren, boter",
    "price": 2.29,
    "promoPrice": null,
    "pricePerUnit": "6.94 l",
    "image": "https://www.jumbo.com/dam-images/fit-in/360x360/Products/01072025_1751358775514_1751358777205_707453_FLS_08720986895064_A1N1.png",
    "available": true,
    "promoUntil": null
  },
  {
    "id": "708601PAK",
    "title": "Upfront Eiwitreep Choco Zeezout 60g",
    "category": "Ontbijt, broodbeleg en bakproducten",
    "price": 2.69,
    "promoPrice": 2.01,
    "pricePerUnit": "33.5 kg",
    "image": "https://www.jumbo.com/dam-images/fit-in/360x360/Products/01082025_1754013233211_1754013235138_708601_PAK_08720828249406_A1N1.png",
    "available": true,
    "promoUntil": "di 7 okt"
  },
  {
    "id": "317452DS",
    "title": "Zonnatura Biologische Thee - 100% Munt",
    "category": "Koffie en thee",
    "price": 2.59,
    "promoPrice": null,
    "pricePerUnit": "0.13 pieces",
    "image": "https://www.jumbo.com/dam-images/fit-in/360x360/Products/28072025_1753713236422_1753713243849_8711812423582_596.png",
    "available": true,
    "promoUntil": null
  },
  {
    "id": "509113DS",
    "title": "La Place Kruiden Munt 15 Stuks",
    "category": "Koffie en thee",
    "price": 2.19,
    "promoPrice": null,
    "pricePerUnit": "0.15 pieces",
    "image": "https://www.jumbo.com/dam-images/fit-in/360x360/Products/09082023_1691590436607_1691590557886_8718452643905_1.png",
    "available": true,
    "promoUntil": null
  },
  {
    "id": "509120DS",
    "title": "La Place Kruidenthee Kamille Venkel 15 Stuks",
    "category": "Koffie en thee",
    "price": 2.19,
    "promoPrice": null,
    "pricePerUnit": "0.15 pieces",
    "image": "https://www.jumbo.com/dam-images/fit-in/360x360/Products/09082023_1691590436961_1691590547966_8718452643929_1.png",
    "available": true,
    "promoUntil": null
  },
  {
    "id": "673415FLS",
    "title": "Red Phoenix Geroosterde Sesam Dressing 250 ML",
    "category": "Conserven, soepen, sauzen, oliën",
    "price": 2.96,
    "promoPrice": null,
    "pricePerUnit": "11.84 l",
    "image": "https://www.jumbo.com/dam-images/fit-in/360x360/Products/15012025_1736951932389_1736951938599_673415_FLS_08720604470949_C1N1.png",
    "available": true,
    "promoUntil": null
  },
  {
    "id": "367601POT",
    "title": "Rio Mare Tonijn filets in Olijfolie 180g",
    "category": "Conserven, soepen, sauzen, oliën",
    "price": 6.69,
    "promoPrice": null,
    "pricePerUnit": "57.18 kg",
    "image": "https://www.jumbo.com/dam-images/fit-in/360x360/Products/30052025_1748567133740_1748567139441_367601_POT_08004030655003_C1N1.png",
    "available": true,
    "promoUntil": null
  },
  {
    "id": "846929POT",
    "title": "St Dalfour Aardbeien vruchtenspread",
    "category": "Ontbijt, broodbeleg en bakproducten",
    "price": 3.66,
    "promoPrice": null,
    "pricePerUnit": "12.89 kg",
    "image": "https://www.jumbo.com/dam-images/fit-in/360x360/Products/14062024_1718333276614_1718333282781_846929_POT_05014271400426_C1N1.png",
    "available": true,
    "promoUntil": null
  },
  {
    "id": "460275POT",
    "title": "Jumbo Zoetjes Dispenser met Stevia Extract 100 Stuks",
    "category": "Koffie en thee",
    "price": 1.32,
    "promoPrice": null,
    "pricePerUnit": "0.01 pieces",
    "image": "https://www.jumbo.com/dam-images/fit-in/360x360/Products/22092025_1758537187157_1758537193500_8718452565016_1.png",
    "available": true,
    "promoUntil": null
  },
  {
    "id": "59574ZK",
    "title": "Knorr Mix Vissaus 48 g",
    "category": "Conserven, soepen, sauzen, oliën",
    "price": 1.0,
    "promoPrice": null,
    "pricePerUnit": "20.83 kg",
    "image": "https://www.jumbo.com/dam-images/fit-in/360x360/Products/28032025_1743157973169_1743157984130_8712566167272_1.png",
    "available": true,
    "promoUntil": null
  },
  {
    "id": "699763DS",
    "title": "Yogi Tea Biologisch Lime Mint 17 Stuks",
    "category": "Koffie en thee",
    "price": 3.99,
    "promoPrice": null,
    "pricePerUnit": "128.71 kg",
    "image": "https://www.jumbo.com/dam-images/fit-in/360x360/Products/19052025_1747662190888_1747662197152_699763_DS_04012824400511_C1N1.png",
    "available": true,
    "promoUntil": null
  },
  {
    "id": "198476STK",
    "title": "Remia Frisse & Zoete Hawaïsaus 250 ml",
    "category": "Conserven, soepen, sauzen, oliën",
    "price": 1.85,
    "promoPrice": null,
    "pricePerUnit": "7.4 l",
    "image": "https://www.jumbo.com/dam-images/fit-in/360x360/Products/27022025_1740632784150_1740632791156_198476_STK_08710448632856_C1N1.png",
    "available": true,
    "promoUntil": null
  },
  {
    "id": "583418ZK",
    "title": "Samyang Ramen 120 g",
    "category": "Conserven, soepen, sauzen, oliën",
    "price": 1.59,
    "promoPrice": null,
    "pricePerUnit": "13.25 kg",
    "image": "https://www.jumbo.com/dam-images/fit-in/360x360/Products/14022024_1707873497424_1707873511677_8801073115606_1.png",
    "available": true,
    "promoUntil": null
  },
  {
    "id": "612470BLK",
    "title": "Unox Vegetarische Party Knaks 400 g",
    "category": "Conserven, soepen, sauzen, oliën",
    "price": 4.94,
    "promoPrice": null,
    "pricePerUnit": "24.7 kg",
    "image": "https://www.jumbo.com/dam-images/fit-in/360x360/Products/18012025_1737172183902_1737172225838_612470_BLK_08720182711717_H1N1.png",
    "available": true,
    "promoUntil": null
  },
  {
    "id": "933058PAK",
    "title": "Yum Yum Instant Noedels Garnalensmaak 60 g",
    "category": "Conserven, soepen, sauzen, oliën",
    "price": 0.65,
    "promoPrice": null,
    "pricePerUnit": "10.83 kg",
    "image": "https://www.jumbo.com/dam-images/fit-in/360x360/Products/22122023_1703219465140_1703219472986_933058_PAK_08852018101055_C1N1.png",
    "available": true,
    "promoUntil": null
  },
  {
    "id": "85792DS",
    "title": "MinusL Slagroom Lactosevrij 30 % Vet 200 ml",
    "category": "Zuivel, eieren, boter",
    "price": 1.99,
    "promoPrice": null,
    "pricePerUnit": "9.95 l",
    "image": "https://www.jumbo.com/dam-images/fit-in/360x360/Products/18042025_1744944060953_1744944072376_85792_DS_04062800011743_C1N1.png",
    "available": true,
    "promoUntil": null
  },
  {
    "id": "540435DS",
    "title": "La Place Koffiecups Lungo Dark 10 Stuks",
    "category": "Koffie en thee",
    "price": 3.29,
    "promoPrice": null,
    "pricePerUnit": "0.33 pieces",
    "image": "https://www.jumbo.com/dam-images/fit-in/360x360/Products/10052024_1715351713156_1715351718442_8718452560523_1.png",
    "available": true,
    "promoUntil": null
  },
  {
    "id": "652394CUP",
    "title": "Lindahls Protein Smaak Aardbei Melkdrank 500 ml",
    "category": "Zuivel, eieren, boter",
    "price": 1.99,
    "promoPrice": null,
    "pricePerUnit": "3.98 l",
    "image": "https://www.jumbo.com/dam-images/fit-in/360x360/Products/03092025_1756902768418_1756902771714_5413209993274_1.png",
    "available": true,
    "promoUntil": null
  },
  {
    "id": "347892DS",
    "title": "Pickwick Original English 20 x 4 g",
    "category": "Koffie en thee",
    "price": 1.59,
    "promoPrice": null,
    "pricePerUnit": "0.08 pieces",
    "image": "https://www.jumbo.com/dam-images/fit-in/360x360/Products/02042025_1743554031884_1743554040089_8711000008041_1.png",
    "available": true,
    "promoUntil": null
  },
  {
    "id": "510840DS",
    "title": "Van Gilse Geleipoeder Jam 50 g",
    "category": "Ontbijt, broodbeleg en bakproducten",
    "price": 2.79,
    "promoPrice": null,
    "pricePerUnit": "55.8 kg",
    "image": "https://www.jumbo.com/dam-images/fit-in/360x360/Products/09082023_1691585790146_1691585803684_8710437004152_1.png",
    "available": true,
    "promoUntil": null
  },
  {
    "id": "456928ZK",
    "title": "Zùsto Suikervervanger 300 g",
    "category": "Koffie en thee",
    "price": 3.79,
    "promoPrice": null,
    "pricePerUnit": "12.63 kg",
    "image": "https://www.jumbo.com/dam-images/fit-in/360x360/Products/10082023_1691675622706_1691675638905_5430000576024_1.png",
    "available": true,
    "promoUntil": null
  },
  {
    "id": "300854DS",
    "title": "Maggi Rundvlees Bouillon 82 g",
    "category": "Conserven, soepen, sauzen, oliën",
    "price": 1.59,
    "promoPrice": null,
    "pricePerUnit": "19.39 kg",
    "image": "https://www.jumbo.com/dam-images/fit-in/360x360/Products/23092025_1758598783543_1758598792565_300854_DS_08585002443892_C1N1_s01.png",
    "available": true,
    "promoUntil": null
  },
  {
    "id": "703844ZK",
    "title": "Maggi Jus Pikant 18 g",
    "category": "Conserven, soepen, sauzen, oliën",
    "price": 0.79,
    "promoPrice": null,
    "pricePerUnit": "43.89 kg",
    "image": "https://www.jumbo.com/dam-images/fit-in/360x360/Products/23092025_1758593261089_1758593273746_703844_ZK_08445290408754_C1N1_s01.png",
    "available": true,
    "promoUntil": null
  },
  {
    "id": "163393PAK",
    "title": "Saimin Japanse Bamie met Kipsmaak 85 g",
    "category": "Conserven, soepen, sauzen, oliën",
    "price": 1.19,
    "promoPrice": null,
    "pricePerUnit": "14.0 kg",
    "image": "https://www.jumbo.com/dam-images/fit-in/360x360/Products/12122024_1734014361409_1734014369002_71093110327_1.png",
    "available": true,
    "promoUntil": null
  },
  {
    "id": "636288STK",
    "title": "Starbucks Chilled Coffee Caramel Macchiato ijskoffie 3 x 330ml",
    "category": "Zuivel, eieren, boter",
    "price": 8.97,
    "promoPrice": null,
    "pricePerUnit": "None None",
    "image": "https://www.jumbo.com/dam-images/fit-in/360x360/Products/20229757edacbd71-a70a-492a-a042-afd667ad37d7-1718891844988.png",
    "available": true,
    "promoUntil": null
  },
  {
    "id": "637353ZK",
    "title": "Mama  Instant Noedels Hot Korean 85g",
    "category": "Conserven, soepen, sauzen, oliën",
    "price": 1.29,
    "promoPrice": null,
    "pricePerUnit": "15.18 kg",
    "image": "https://www.jumbo.com/dam-images/fit-in/360x360/Products/24042025_1745461201094_1745461207429_637353_ZK_08850987150432_C1N1.png",
    "available": true,
    "promoUntil": null
  },
  {
    "id": "234667DSL",
    "title": "Starbucks® by Nespresso® Pike place Lungo - 12 x 10 Koffiecups",
    "category": "Koffie en thee",
    "price": 56.28,
    "promoPrice": null,
    "pricePerUnit": "0.47 pieces",
    "image": "https://www.jumbo.com/dam-images/fit-in/360x360/Products/761303704834620dd5ecb-0848-4635-92bb-ac3da7c110fe-1752833011531.png",
    "available": true,
    "promoUntil": null
  },
  {
    "id": "650001FLS",
    "title": "Van Wijngaarden's Zaanse Curry Ketchup 325ml",
    "category": "Conserven, soepen, sauzen, oliën",
    "price": 2.49,
    "promoPrice": null,
    "pricePerUnit": "7.66 l",
    "image": "https://www.jumbo.com/dam-images/fit-in/360x360/Products/12092024_1726125618746_1726125622070_650001_FLS_08710716029647_C1N1.png",
    "available": true,
    "promoUntil": null
  },
  {
    "id": "158102STK",
    "title": "Zonnatura Bio 100% Zoethout Kruideninfusie 20 Zakjes 35 g",
    "category": "Koffie en thee",
    "price": 2.59,
    "promoPrice": null,
    "pricePerUnit": "0.13 pieces",
    "image": "https://www.jumbo.com/dam-images/fit-in/360x360/Products/09082023_1691594832915_1691594835362_8711812407018_1.png",
    "available": true,
    "promoUntil": null
  },
  {
    "id": "125471ZK",
    "title": "Zonnatura Haverzemelen 350 g",
    "category": "Ontbijt, broodbeleg en bakproducten",
    "price": 2.99,
    "promoPrice": null,
    "pricePerUnit": "8.54 kg",
    "image": "https://www.jumbo.com/dam-images/fit-in/360x360/Products/08122023_1702013571692_1702013576658_125471_ZK_08710863806238_C1N1.png",
    "available": true,
    "promoUntil": null
  },
  {
    "id": "623527DS",
    "title": "Localtea Gember Kick Groene Thee met Gember, Citroen & Hop 18 x 1,5 g",
    "category": "Koffie en thee",
    "price": 3.69,
    "promoPrice": null,
    "pricePerUnit": "0.21 pieces",
    "image": "https://www.jumbo.com/dam-images/fit-in/360x360/Products/23122024_1734967975961_1734967983303_8721082724029_1.png",
    "available": true,
    "promoUntil": null
  },
  {
    "id": "358689DSL",
    "title": "Unox Good Noodles Kip 11 x 70 g",
    "category": "Conserven, soepen, sauzen, oliën",
    "price": 12.65,
    "promoPrice": null,
    "pricePerUnit": "16.43 kg",
    "image": "https://www.jumbo.com/dam-images/fit-in/360x360/Products/87201828744298495c109-9a06-4eca-bc04-e3e7a812e691-1743766262909.png",
    "available": true,
    "promoUntil": null
  },
  {
    "id": "609546DS",
    "title": "Pickwick Super Blends Focus Rooibos met Citroensmaak 15 x 1,5 g",
    "category": "Koffie en thee",
    "price": 2.39,
    "promoPrice": null,
    "pricePerUnit": "0.16 pieces",
    "image": "https://www.jumbo.com/dam-images/fit-in/360x360/Products/25032024_1711381578086_1711381585171_8711000551721_1.png",
    "available": true,
    "promoUntil": null
  },
  {
    "id": "648674FLS",
    "title": "Ponti Balsamico Aceto di Modena Bio 250ml",
    "category": "Conserven, soepen, sauzen, oliën",
    "price": 3.99,
    "promoPrice": null,
    "pricePerUnit": "15.96 l",
    "image": "https://www.jumbo.com/dam-images/fit-in/360x360/Products/02092024_1725284696515_1725284699521_648674_FLS_08001010105633_C1N1.png",
    "available": true,
    "promoUntil": null
  },
  {
    "id": "633659DS",
    "title": "Koopmans Brood uit de Pan Naanbrood flatbread bakmix",
    "category": "Ontbijt, broodbeleg en bakproducten",
    "price": 2.66,
    "promoPrice": null,
    "pricePerUnit": "6.65 kg",
    "image": "https://www.jumbo.com/dam-images/fit-in/360x360/Products/17042025_1744861817238_1744861824902_633659_DS_08710466325228_C1N1_s02.png",
    "available": true,
    "promoUntil": null
  },
  {
    "id": "441300PAK",
    "title": "Koopmans Broodmix Fijn Volkoren Brood 450 g",
    "category": "Ontbijt, broodbeleg en bakproducten",
    "price": 2.27,
    "promoPrice": null,
    "pricePerUnit": "5.04 kg",
    "image": "https://www.jumbo.com/dam-images/fit-in/360x360/Products/17042025_1744857282753_1744857290584_441300_PAK_08710466311825_C1N1_s01.png",
    "available": true,
    "promoUntil": null
  },
  {
    "id": "578871DSL",
    "title": "Ísey Skyr Vanille 140g",
    "category": "Zuivel, eieren, boter",
    "price": 15.12,
    "promoPrice": null,
    "pricePerUnit": "13.5 kg",
    "image": "https://www.jumbo.com/dam-images/fit-in/360x360/Products/384989DSL-1692362437057.png",
    "available": true,
    "promoUntil": null
  },
  {
    "id": "388077ZK",
    "title": "Kоорmans Kristalbloem Patent 500 g",
    "category": "Ontbijt, broodbeleg en bakproducten",
    "price": 0.89,
    "promoPrice": null,
    "pricePerUnit": "1.78 kg",
    "image": "https://www.jumbo.com/dam-images/fit-in/360x360/Products/17042025_1744857251217_1744857255857_388077_ZK_08710466302526_C1N1_s03.png",
    "available": true,
    "promoUntil": null
  },
  {
    "id": "198470STK",
    "title": "Remia Pittige & Pikante Chilisaus Tafelsaus 250 ml",
    "category": "Conserven, soepen, sauzen, oliën",
    "price": 1.85,
    "promoPrice": null,
    "pricePerUnit": "7.4 l",
    "image": "https://www.jumbo.com/dam-images/fit-in/360x360/Products/28022025_1740714665454_1740714672572_198470_STK_08710448632870_C1N1.png",
    "available": true,
    "promoUntil": null
  },
  {
    "id": "120904KST",
    "title": "Quaker Oats Express Havermout Naturel 324 gr",
    "category": "Ontbijt, broodbeleg en bakproducten",
    "price": 3.15,
    "promoPrice": null,
    "pricePerUnit": "9.72 kg",
    "image": "https://www.jumbo.com/dam-images/fit-in/360x360/Products/30052025_1748608426521_1748608431724_8710398168764_1.png",
    "available": true,
    "promoUntil": null
  },
  {
    "id": "134322FLS",
    "title": "Remia Dalton Smokey BBQ Honey Sauce  450ml",
    "category": "Conserven, soepen, sauzen, oliën",
    "price": 3.89,
    "promoPrice": null,
    "pricePerUnit": "8.64 l",
    "image": "https://www.jumbo.com/dam-images/fit-in/360x360/Products/09022024_1707445258907_1707445265560_134322_FLS_08710448696742_C1N1.png",
    "available": true,
    "promoUntil": null
  },
  {
    "id": "703460FLS",
    "title": "Santa Maria Chipotle Chili Mayo 246 g",
    "category": "Conserven, soepen, sauzen, oliën",
    "price": 3.26,
    "promoPrice": null,
    "pricePerUnit": "13.04 l",
    "image": "https://www.jumbo.com/dam-images/fit-in/360x360/Products/13092025_1757731715258_1757731723877_703460_FLS_07311312009241_C1N1.png",
    "available": true,
    "promoUntil": null
  },
  {
    "id": "386955PAK",
    "title": "Koopmans Pannenkoeken Bio Meergranen 400 g",
    "category": "Ontbijt, broodbeleg en bakproducten",
    "price": 1.5,
    "promoPrice": null,
    "pricePerUnit": "3.75 kg",
    "image": "https://www.jumbo.com/dam-images/fit-in/360x360/Products/17042025_1744860174963_1744860179506_386955_PAK_08710466301529_C1N1_s02.png",
    "available": true,
    "promoUntil": null
  },
  {
    "id": "712587BLK",
    "title": "XXL Nutrition Protein Lemonade Ice Tea Lemon 330ml",
    "category": "Ontbijt, broodbeleg en bakproducten",
    "price": 1.99,
    "promoPrice": null,
    "pricePerUnit": "6.03 l",
    "image": "https://www.jumbo.com/dam-images/fit-in/360x360/Products/08719881036696A1N134d17e0c-5828-4ecc-a131-f45a4e373225-1754567329097.png",
    "available": true,
    "promoUntil": null
  },
  {
    "id": "689065DS",
    "title": "Twinings Wilde Bessen Thee 50g",
    "category": "Koffie en thee",
    "price": 4.29,
    "promoPrice": null,
    "pricePerUnit": "0.17 pieces",
    "image": "https://www.jumbo.com/dam-images/fit-in/360x360/Products/d24f998939d841719df79b5d4b429065e11cd6bea8c64328a5be24faad267172e44e6df8-26d7-4173-953f-b78c9f8b3ee5-1747040764203.png",
    "available": true,
    "promoUntil": null
  },
  {
    "id": "652243FLS",
    "title": "Verstegen Guilt Free Hot Chili Sauce 285 ml",
    "category": "Conserven, soepen, sauzen, oliën",
    "price": 3.39,
    "promoPrice": null,
    "pricePerUnit": "11.89 l",
    "image": "https://www.jumbo.com/dam-images/fit-in/360x360/Products/26102024_1729906406995_1729906409783_652243_FLS_08712200117854_C1N1.png",
    "available": true,
    "promoUntil": null
  },
  {
    "id": "623747DS",
    "title": "Simon Lévelt Masterblend Sparkle Gemalen Koffie in Capsules 10 Stuks 55 g",
    "category": "Koffie en thee",
    "price": 4.89,
    "promoPrice": null,
    "pricePerUnit": "0.49 pieces",
    "image": "https://www.jumbo.com/dam-images/fit-in/360x360/Products/08711138180459C1N1e2f66205-255d-488c-8f6e-ac12cefa9ebf-1727790872774.png",
    "available": true,
    "promoUntil": null
  },
  {
    "id": "705755DS",
    "title": "Lavazza Tales of Napoli 10 stuks",
    "category": "Koffie en thee",
    "price": 4.99,
    "promoPrice": null,
    "pricePerUnit": "0.5 pieces",
    "image": "https://www.jumbo.com/dam-images/fit-in/360x360/Products/19062025_1750324969257_1750324980965_705755_DS_08000070075214_C1N1.png",
    "available": true,
    "promoUntil": null
  },
  {
    "id": "711453STK",
    "title": "Lay's Dipsaus Fiesta Pepersmaak 4 x 6 gr",
    "category": "Conserven, soepen, sauzen, oliën",
    "price": 2.6,
    "promoPrice": null,
    "pricePerUnit": "None None",
    "image": "https://www.jumbo.com/dam-images/fit-in/360x360/Products/202592110d784d23-7b27-40cf-b628-a6afaab28506-1753711347244.png",
    "available": true,
    "promoUntil": null
  },
  {
    "id": "624749ZK",
    "title": "Wayang Premium Coffee Beans Indonesia 500 g",
    "category": "Koffie en thee",
    "price": 10.99,
    "promoPrice": null,
    "pricePerUnit": "21.98 kg",
    "image": "https://www.jumbo.com/dam-images/fit-in/360x360/Products/14062024_1718350405463_1718350408906_8720938527005_1.png",
    "available": true,
    "promoUntil": null
  },
  {
    "id": "687491POT",
    "title": "Roots Gember Cranberry 220g",
    "category": "Koffie en thee",
    "price": 5.49,
    "promoPrice": null,
    "pricePerUnit": "24.95 kg",
    "image": "https://www.jumbo.com/dam-images/fit-in/360x360/Products/20032025_1742472487834_1742472492714_687491_POT_08711271119019_C1N1.png",
    "available": true,
    "promoUntil": null
  },
  {
    "id": "382581PAK",
    "title": "Schär Fette Croccanti  Glutenvrij 150 g",
    "category": "Ontbijt, broodbeleg en bakproducten",
    "price": 2.17,
    "promoPrice": null,
    "pricePerUnit": "14.47 kg",
    "image": "https://www.jumbo.com/dam-images/fit-in/360x360/Products/03042025_1743665587151_1743665596873_8008698007303_1.png",
    "available": true,
    "promoUntil": null
  },
  {
    "id": "215361STK",
    "title": "Schär Knusperbrot Dunkel  Glutenvrij 125 g",
    "category": "Ontbijt, broodbeleg en bakproducten",
    "price": 2.15,
    "promoPrice": null,
    "pricePerUnit": "17.2 kg",
    "image": "https://www.jumbo.com/dam-images/fit-in/360x360/Products/29072025_1753799573412_1753799580311_8008698011294_1.png",
    "available": true,
    "promoUntil": null
  },
  {
    "id": "509354DS",
    "title": "Twinings Cold Infuse BLauwe Bes, Appel, Zwarte Bes 10 Stuks",
    "category": "Koffie en thee",
    "price": 5.29,
    "promoPrice": null,
    "pricePerUnit": "0.53 pieces",
    "image": "https://www.jumbo.com/dam-images/fit-in/360x360/Products/05055953903170C1N1s11ac8d7a42-78bf-4371-b3c4-c0114f52d54a-1739542967037.png",
    "available": true,
    "promoUntil": null
  },
  {
    "id": "478564POT",
    "title": "Penotti Uno Praliné Hazelnootpasta 380 g",
    "category": "Ontbijt, broodbeleg en bakproducten",
    "price": 3.0,
    "promoPrice": null,
    "pricePerUnit": "7.89 kg",
    "image": "https://www.jumbo.com/dam-images/fit-in/360x360/Products/15052025_1747272583568_1747272590097_478564_POT_08717200010884_C1N1.png",
    "available": true,
    "promoUntil": null
  },
  {
    "id": "643581PAK",
    "title": "NXT Level Energy Bar Cream & Cappuccino 65 g",
    "category": "Ontbijt, broodbeleg en bakproducten",
    "price": 1.75,
    "promoPrice": 1.31,
    "pricePerUnit": "21.83 kg",
    "image": "https://www.jumbo.com/dam-images/fit-in/360x360/Products/01022025_1738384734414_1738384738905_643581_PAK_08718836394072_C1N1.png",
    "available": true,
    "promoUntil": "di 7 okt"
  },
  {
    "id": "68625TUB",
    "title": "Marne Franse Mosterd Mild 200 g",
    "category": "Conserven, soepen, sauzen, oliën",
    "price": 1.49,
    "promoPrice": null,
    "pricePerUnit": "7.45 kg",
    "image": "https://www.jumbo.com/dam-images/fit-in/360x360/Products/14062024_1718330194064_1718330197428_68625_TUB_08710638001073_C1N1.png",
    "available": true,
    "promoUntil": null
  },
  {
    "id": "525759STK",
    "title": "Verstegen Kant & Klare Satésaus Hot 5 x 80 ml",
    "category": "Conserven, soepen, sauzen, oliën",
    "price": 3.59,
    "promoPrice": null,
    "pricePerUnit": "8.98 l",
    "image": "https://www.jumbo.com/dam-images/fit-in/360x360/Products/26022025_1740541074492_1740541081019_525759_STK_08712200101822_C1N1.png",
    "available": true,
    "promoUntil": null
  },
  {
    "id": "175417POT",
    "title": "Kühne Zoetzuur 180 g",
    "category": "Conserven, soepen, sauzen, oliën",
    "price": 1.56,
    "promoPrice": null,
    "pricePerUnit": "14.18 kg",
    "image": "https://www.jumbo.com/dam-images/fit-in/360x360/Products/18092025_1758216749010_1758216756244_40804637_1.png",
    "available": true,
    "promoUntil": null
  },
  {
    "id": "706825ZK",
    "title": "Smit & Dorlas Mild Roast bonen 500g",
    "category": "Koffie en thee",
    "price": 11.29,
    "promoPrice": null,
    "pricePerUnit": "22.58 kg",
    "image": "https://www.jumbo.com/dam-images/fit-in/360x360/Products/05082025_1754356224543_1754356229193_706825_ZK_08710435138750_C1N1.png",
    "available": true,
    "promoUntil": null
  },
  {
    "id": "637072DS",
    "title": "Nairn's Gluten Free Sourdough Flatbreads 125 g",
    "category": "Ontbijt, broodbeleg en bakproducten",
    "price": 3.36,
    "promoPrice": null,
    "pricePerUnit": "26.88 kg",
    "image": "https://www.jumbo.com/dam-images/fit-in/360x360/Products/14072025_1752455828457_1752455840218_637072_DS_00612322001629_C1N1.png",
    "available": true,
    "promoUntil": null
  },
  {
    "id": "649893FLS",
    "title": "Van Wijngaarden's Zaanse Yoghurt Mayonaise 325ml",
    "category": "Conserven, soepen, sauzen, oliën",
    "price": 2.39,
    "promoPrice": null,
    "pricePerUnit": "7.35 l",
    "image": "https://www.jumbo.com/dam-images/fit-in/360x360/Products/11092024_1726047237867_1726047242375_649893_FLS_08710716029470_C1N1.png",
    "available": true,
    "promoUntil": null
  },
  {
    "id": "686987BLK",
    "title": "Nescafé Cappuccino ijskoffie 250 ml",
    "category": "Zuivel, eieren, boter",
    "price": 1.89,
    "promoPrice": null,
    "pricePerUnit": "7.56 l",
    "image": "https://www.jumbo.com/dam-images/fit-in/360x360/Products/26032025_1743003191629_1743003196952_8715000002535_1.png",
    "available": true,
    "promoUntil": null
  },
  {
    "id": "705756ZK",
    "title": "Lavazza Tales of Napoli Bonen 250g",
    "category": "Koffie en thee",
    "price": 8.19,
    "promoPrice": null,
    "pricePerUnit": "32.76 kg",
    "image": "https://www.jumbo.com/dam-images/fit-in/360x360/Products/19062025_1750325031593_1750325034213_705756_ZK_08000070072534_C1N1.png",
    "available": true,
    "promoUntil": null
  },
  {
    "id": "705766DS",
    "title": "Lavazza Qualità Oro Maxi Pack 30 stuks",
    "category": "Koffie en thee",
    "price": 12.79,
    "promoPrice": null,
    "pricePerUnit": "0.43 pieces",
    "image": "https://www.jumbo.com/dam-images/fit-in/360x360/Products/19062025_1750325113049_1750325116445_705766_DS_08000070074736_C1N1.png",
    "available": true,
    "promoUntil": null
  },
  {
    "id": "648673FLS",
    "title": "Ponti Creme met Aceto Balsamico di Modena 250g",
    "category": "Conserven, soepen, sauzen, oliën",
    "price": 3.99,
    "promoPrice": null,
    "pricePerUnit": "15.96 kg",
    "image": "https://www.jumbo.com/dam-images/fit-in/360x360/Products/02092024_1725284690619_1725284693256_648673_FLS_08001010076568_C1N1.png",
    "available": true,
    "promoUntil": null
  },
  {
    "id": "634946DS",
    "title": "Zonnatura Tijm & Verveine Adem Vrij Kruideninfusie 20 Zakjes 35 g",
    "category": "Koffie en thee",
    "price": 2.59,
    "promoPrice": null,
    "pricePerUnit": "0.13 pieces",
    "image": "https://www.jumbo.com/dam-images/fit-in/360x360/Products/25072025_1753436037481_1753436043348_8711812410698_1.png",
    "available": true,
    "promoUntil": null
  },
  {
    "id": "491259ZK",
    "title": "Smaakt Bio Mango Reepjes 250 g",
    "category": "Ontbijt, broodbeleg en bakproducten",
    "price": 6.89,
    "promoPrice": null,
    "pricePerUnit": "27.56 kg",
    "image": "https://www.jumbo.com/dam-images/fit-in/360x360/Products/04092025_1756996411021_1756996416184_8719153042165_1.png",
    "available": true,
    "promoUntil": null
  },
  {
    "id": "677768FLS",
    "title": "Jumbo's Spicy Mango Chutney 250ML",
    "category": "Conserven, soepen, sauzen, oliën",
    "price": 2.99,
    "promoPrice": null,
    "pricePerUnit": "11.96 l",
    "image": "https://www.jumbo.com/dam-images/fit-in/360x360/Products/02042025_1743586390597_1743586394900_8718452893003_1.png",
    "available": true,
    "promoUntil": null
  },
  {
    "id": "524289DS",
    "title": "Kellogg's All-Bran Fruit'n Fibre 375 g",
    "category": "Ontbijt, broodbeleg en bakproducten",
    "price": 4.15,
    "promoPrice": null,
    "pricePerUnit": "11.07 kg",
    "image": "https://www.jumbo.com/dam-images/fit-in/360x360/Products/11082025_1754912035378_1754912042054_5059319014210_1.png",
    "available": true,
    "promoUntil": null
  },
  {
    "id": "164265STK",
    "title": "Koopmans Tarwebloem Biologisch 1 kg",
    "category": "Ontbijt, broodbeleg en bakproducten",
    "price": 1.99,
    "promoPrice": null,
    "pricePerUnit": "1.99 kg",
    "image": "https://www.jumbo.com/dam-images/fit-in/360x360/Products/17042025_1744862656535_1744862662264_164265_STK_08710466207722_C1N1_s02.png",
    "available": true,
    "promoUntil": null
  },
  {
    "id": "464825CUP",
    "title": "Smaakt Bio Viergranen Vlokken 500 g",
    "category": "Ontbijt, broodbeleg en bakproducten",
    "price": 2.39,
    "promoPrice": null,
    "pricePerUnit": "4.78 kg",
    "image": "https://www.jumbo.com/dam-images/fit-in/360x360/Products/12082025_1754994819983_1754994824548_8718215063186_1.png",
    "available": true,
    "promoUntil": null
  },
  {
    "id": "454688STK",
    "title": "Nescafé Dolce Gusto Verwen Koffie Cups 3 x 16 Stuks",
    "category": "Koffie en thee",
    "price": 17.97,
    "promoPrice": null,
    "pricePerUnit": "None None",
    "image": "https://www.jumbo.com/dam-images/fit-in/360x360/Products/454688_20039837_1_T1_454688STK1691074103589.png",
    "available": true,
    "promoUntil": null
  },
  {
    "id": "607567CUP",
    "title": "Oddlygood Dreamy Lemon Dessert 130g",
    "category": "Zuivel, eieren, boter",
    "price": 1.79,
    "promoPrice": null,
    "pricePerUnit": "13.77 kg",
    "image": "https://www.jumbo.com/dam-images/fit-in/360x360/Products/24042024_1713921748175_1713921752295_607567_CUP_06408432000232_C1N1.png",
    "available": true,
    "promoUntil": null
  },
  {
    "id": "699145POT",
    "title": "The Flower Farm Duopasta zonder Palmolie met Shea 375g",
    "category": "Ontbijt, broodbeleg en bakproducten",
    "price": 3.95,
    "promoPrice": null,
    "pricePerUnit": "10.53 kg",
    "image": "https://www.jumbo.com/dam-images/fit-in/360x360/Products/23092025_1758600050083_1758600056693_699145_POT_08710472001093_C1N1.png",
    "available": true,
    "promoUntil": null
  },
  {
    "id": "609544DS",
    "title": "Pickwick Rooibos Pure 20 x 1,5 g",
    "category": "Koffie en thee",
    "price": 1.99,
    "promoPrice": null,
    "pricePerUnit": "0.1 pieces",
    "image": "https://www.jumbo.com/dam-images/fit-in/360x360/Products/02042025_1743554033124_1743554043689_8711000565513_1.png",
    "available": true,
    "promoUntil": null
  },
  {
    "id": "638343PAK",
    "title": "Nxt Level Proteine Raspberry Cheesecake 55g",
    "category": "Ontbijt, broodbeleg en bakproducten",
    "price": 2.47,
    "promoPrice": 1.85,
    "pricePerUnit": "33.64 kg",
    "image": "https://www.jumbo.com/dam-images/fit-in/360x360/Products/08718836394034C1N1d6f292c4-20d4-4c5c-aed1-e089f7525270-1724322298180.png",
    "available": true,
    "promoUntil": "di 7 okt"
  },
  {
    "id": "624129ZK",
    "title": "Smaakt Bio Boekweit Pannenkoekenmix 400 g ",
    "category": "Ontbijt, broodbeleg en bakproducten",
    "price": 3.95,
    "promoPrice": null,
    "pricePerUnit": "9.88 kg",
    "image": "https://www.jumbo.com/dam-images/fit-in/360x360/Products/05062025_1749112366764_1749112370959_8718924017241_1.png",
    "available": true,
    "promoUntil": null
  },
  {
    "id": "657511ZK",
    "title": "Mama Oosterse Stijl Instant Noedels Gestoofd Rundvleessmaak 60 g",
    "category": "Conserven, soepen, sauzen, oliën",
    "price": 0.69,
    "promoPrice": null,
    "pricePerUnit": "11.5 kg",
    "image": "https://www.jumbo.com/dam-images/fit-in/360x360/Products/12122024_1734014788748_1734014794783_8850987141508_1.png",
    "available": true,
    "promoUntil": null
  },
  {
    "id": "652143FLS",
    "title": "Jumbo's Basilicum Smaak Olie 250ML",
    "category": "Conserven, soepen, sauzen, oliën",
    "price": 2.19,
    "promoPrice": null,
    "pricePerUnit": "8.76 l",
    "image": "https://www.jumbo.com/dam-images/fit-in/360x360/Products/13122024_1734107580482_1734107585421_8718452856923_1.png",
    "available": true,
    "promoUntil": null
  },
  {
    "id": "458510DS",
    "title": "Killerbody Protein Pancakes 225 g",
    "category": "Ontbijt, broodbeleg en bakproducten",
    "price": 2.49,
    "promoPrice": null,
    "pricePerUnit": "11.07 kg",
    "image": "https://www.jumbo.com/dam-images/fit-in/360x360/Products/23032024_1711164886060_1711164907175_458510_DS_08719325551532_C1N1.png",
    "available": true,
    "promoUntil": null
  },
  {
    "id": "548008DS",
    "title": "Leev® bio LOWCARB crackers rosemary 80g",
    "category": "Ontbijt, broodbeleg en bakproducten",
    "price": 2.99,
    "promoPrice": null,
    "pricePerUnit": "37.38 kg",
    "image": "https://www.jumbo.com/dam-images/fit-in/360x360/Products/16072025_1752633799106_1752633811761_548008_DS_08718215837190_C1N1.png",
    "available": true,
    "promoUntil": null
  },
  {
    "id": "717441STK",
    "title": "Optimel Proteïne Drinkyoghurt Aardbei Banaan 0% Vet 2 x 1L",
    "category": "Zuivel, eieren, boter",
    "price": 5.38,
    "promoPrice": null,
    "pricePerUnit": "None None",
    "image": "https://www.jumbo.com/dam-images/fit-in/360x360/Products/717441STK753ceb75-ad29-4ffc-b483-65f58d2d6b85-1756979930161.png",
    "available": true,
    "promoUntil": null
  },
  {
    "id": "582451PAK",
    "title": "Peijnenburg ontbijtkoek parelkandij 4-pack per stuk verpakt",
    "category": "Ontbijt, broodbeleg en bakproducten",
    "price": 2.37,
    "promoPrice": null,
    "pricePerUnit": "16.46 kg",
    "image": "https://www.jumbo.com/dam-images/fit-in/360x360/Products/14022024_1707873743014_1707873750381_8710397161643_1.png",
    "available": true,
    "promoUntil": null
  },
  {
    "id": "686988BLK",
    "title": "Nescafé Latte ijskoffie 250 ml",
    "category": "Zuivel, eieren, boter",
    "price": 1.89,
    "promoPrice": null,
    "pricePerUnit": "7.56 l",
    "image": "https://www.jumbo.com/dam-images/fit-in/360x360/Products/26032025_1743003191617_1743003196639_8715000002511_1.png",
    "available": true,
    "promoUntil": null
  },
  {
    "id": "655665STK",
    "title": "Jumbo's Confiture Kers Yuzu 330g",
    "category": "Ontbijt, broodbeleg en bakproducten",
    "price": 1.99,
    "promoPrice": null,
    "pricePerUnit": "6.03 kg",
    "image": "https://www.jumbo.com/dam-images/fit-in/360x360/Products/10122024_1733830368744_1733830389453_8718452872053_1.png",
    "available": true,
    "promoUntil": null
  },
  {
    "id": "514180POT",
    "title": "Vegan spread Tomaat Courgette  270 g",
    "category": "Ontbijt, broodbeleg en bakproducten",
    "price": 2.99,
    "promoPrice": null,
    "pricePerUnit": "11.07 kg",
    "image": "https://www.jumbo.com/dam-images/fit-in/360x360/Products/20022025_1740023032086_1740023045221_514180_POT_08717662263972_C1N1.png",
    "available": true,
    "promoUntil": null
  },
  {
    "id": "147522BLK",
    "title": "Rio Mare Insalatissime Couscous 160g MSC",
    "category": "Conserven, soepen, sauzen, oliën",
    "price": 3.99,
    "promoPrice": null,
    "pricePerUnit": "24.94 kg",
    "image": "https://www.jumbo.com/dam-images/fit-in/360x360/Products/17052025_1747445574414_1747445576457_147522_BLK_08004030860001_A1N1.png",
    "available": true,
    "promoUntil": null
  },
  {
    "id": "237973STK",
    "title": "Verstegen Vanille 2 g",
    "category": "Wereldkeukens, kruiden, pasta en rijst",
    "price": 4.94,
    "promoPrice": null,
    "pricePerUnit": "4.94 pieces",
    "image": "https://www.jumbo.com/dam-images/fit-in/360x360/Products/12122024_1734014781199_1734014784857_8712200104632_1.png",
    "available": true,
    "promoUntil": null
  },
  {
    "id": "448035DS",
    "title": "Knorr Bouillontabletten Groente 80 g",
    "category": "Conserven, soepen, sauzen, oliën",
    "price": 1.15,
    "promoPrice": null,
    "pricePerUnit": "14.38 kg",
    "image": "https://www.jumbo.com/dam-images/fit-in/360x360/Products/31032024_1711851829323_1711851866897_448035_DS_08720182045751_C1N1.png",
    "available": true,
    "promoUntil": null
  },
  {
    "id": "677850STK",
    "title": "Leev® bio LOWCARB soy snack soy sauce 45g",
    "category": "Ontbijt, broodbeleg en bakproducten",
    "price": 1.89,
    "promoPrice": null,
    "pricePerUnit": "42.0 kg",
    "image": "https://www.jumbo.com/dam-images/fit-in/360x360/Products/24072025_1753363991525_1753363998869_8718215838067_1.png",
    "available": true,
    "promoUntil": null
  },
  {
    "id": "690053FLS",
    "title": "Remia Frites & Snacksaus",
    "category": "Conserven, soepen, sauzen, oliën",
    "price": 2.59,
    "promoPrice": null,
    "pricePerUnit": "5.18 l",
    "image": "https://www.jumbo.com/dam-images/fit-in/360x360/Products/31032025_1743418114087_1743418117960_690053_FLS_08710448641995_C1N1.png",
    "available": true,
    "promoUntil": null
  },
  {
    "id": "301036DS",
    "title": "Maggi Groente Bouillon Minder Zout Meer Kruiden 72 g",
    "category": "Conserven, soepen, sauzen, oliën",
    "price": 1.69,
    "promoPrice": null,
    "pricePerUnit": "23.47 kg",
    "image": "https://www.jumbo.com/dam-images/fit-in/360x360/Products/18122024_1734521562073_1734521573849_8585002438461_1.png",
    "available": true,
    "promoUntil": null
  },
  {
    "id": "638768ZK",
    "title": "Smaakt Bio Volkoren Havermout 500 g",
    "category": "Ontbijt, broodbeleg en bakproducten",
    "price": 2.86,
    "promoPrice": null,
    "pricePerUnit": "5.72 kg",
    "image": "https://www.jumbo.com/dam-images/fit-in/360x360/Products/14022025_1739539196790_1739539203898_8718469771042_1.png",
    "available": true,
    "promoUntil": null
  },
  {
    "id": "577343PAK",
    "title": "Starbucks Chilled Coffee Vanilla Bean Macchiato ijskoffie 220ml",
    "category": "Zuivel, eieren, boter",
    "price": 1.99,
    "promoPrice": null,
    "pricePerUnit": "9.05 l",
    "image": "https://www.jumbo.com/dam-images/fit-in/360x360/Products/12122024_1733992439859_1733992446190_5711953067723_1.png",
    "available": true,
    "promoUntil": null
  },
  {
    "id": "703389RP",
    "title": "XXL N'Joy Protein bar White choco/Blueberry 55g",
    "category": "Ontbijt, broodbeleg en bakproducten",
    "price": 2.49,
    "promoPrice": 1.86,
    "pricePerUnit": "33.82 kg",
    "image": "https://www.jumbo.com/dam-images/fit-in/360x360/Products/10072025_1752138420634_1752138423018_703389_RP_08719881005487_A1N1.png",
    "available": true,
    "promoUntil": "di 7 okt"
  },
  {
    "id": "142356ZK",
    "title": "Knorr Mix Roomsaus 46 g",
    "category": "Conserven, soepen, sauzen, oliën",
    "price": 1.0,
    "promoPrice": null,
    "pricePerUnit": "21.74 kg",
    "image": "https://www.jumbo.com/dam-images/fit-in/360x360/Products/28032025_1743135556996_1743135601977_142356_ZK_08712100625244_H1N1.png",
    "available": true,
    "promoUntil": null
  },
  {
    "id": "515062DS",
    "title": "Koopmans Boekweitmeel 400 g",
    "category": "Ontbijt, broodbeleg en bakproducten",
    "price": 2.49,
    "promoPrice": null,
    "pricePerUnit": "6.23 kg",
    "image": "https://www.jumbo.com/dam-images/fit-in/360x360/Products/17042025_1744858717946_1744858726345_515062_DS_08710466317421_C1N1_s02.png",
    "available": true,
    "promoUntil": null
  },
  {
    "id": "12339PAK",
    "title": "Koopmans Tulband met Vanille 465 g",
    "category": "Ontbijt, broodbeleg en bakproducten",
    "price": 2.96,
    "promoPrice": null,
    "pricePerUnit": "6.37 kg",
    "image": "https://www.jumbo.com/dam-images/fit-in/360x360/Products/17042025_1744860407427_1744860413611_12339_PAK_08710466251428_C1N1_s03.png",
    "available": true,
    "promoUntil": null
  },
  {
    "id": "554056FLS",
    "title": "Remia Salata Honing Mosterd Dressing 450 ml",
    "category": "Conserven, soepen, sauzen, oliën",
    "price": 1.97,
    "promoPrice": null,
    "pricePerUnit": "4.38 l",
    "image": "https://www.jumbo.com/dam-images/fit-in/360x360/Products/02022024_1706841152043_1706841155827_554056_FLS_08710448539155_C1N1.png",
    "available": true,
    "promoUntil": null
  },
  {
    "id": "198425STK",
    "title": "Remia Romige & Frisse Tzatziki Tafelsaus 250 ml",
    "category": "Conserven, soepen, sauzen, oliën",
    "price": 1.83,
    "promoPrice": null,
    "pricePerUnit": "7.32 l",
    "image": "https://www.jumbo.com/dam-images/fit-in/360x360/Products/20012025_1737339292517_1737339298957_198425_STK_08710448632894_C1N1.png",
    "available": true,
    "promoUntil": null
  },
  {
    "id": "439260DS",
    "title": "The Noodle Poodle Thai Green Curry 250 g",
    "category": "Conserven, soepen, sauzen, oliën",
    "price": 2.59,
    "promoPrice": null,
    "pricePerUnit": "10.36 kg",
    "image": "https://www.jumbo.com/dam-images/fit-in/360x360/Products/08032024_1709864407033_1709864413333_439260_DS_08712857979409_C1N1.png",
    "available": true,
    "promoUntil": null
  },
  {
    "id": "679305PAK",
    "title": "Zonnatura Maïswafels Pure Chocolade Bio 6 Stuks 75 g",
    "category": "Ontbijt, broodbeleg en bakproducten",
    "price": 2.29,
    "promoPrice": null,
    "pricePerUnit": "30.53 kg",
    "image": "https://www.jumbo.com/dam-images/fit-in/360x360/Products/15022025_1739589489953_1739589495286_679305_PAK_08711812410353_C1N1.png",
    "available": true,
    "promoUntil": null
  },
  {
    "id": "673414FLS",
    "title": "Juulz+ Ananas-Chili Dressing 250 ml",
    "category": "Conserven, soepen, sauzen, oliën",
    "price": 3.99,
    "promoPrice": null,
    "pricePerUnit": "15.96 kg",
    "image": "https://www.jumbo.com/dam-images/fit-in/360x360/Products/27032025_1743068014300_1743068018828_8717953112927_1.png",
    "available": true,
    "promoUntil": null
  },
  {
    "id": "701321ZK",
    "title": "PerfectTed Ceremonial Matcha Pods 10 stuks",
    "category": "Koffie en thee",
    "price": 6.49,
    "promoPrice": null,
    "pricePerUnit": "0.65 pieces",
    "image": "https://www.jumbo.com/dam-images/fit-in/360x360/Products/27052025_1748341357986_1748341362464_701321_ZK_05060941970485_C1N1.png",
    "available": true,
    "promoUntil": null
  },
  {
    "id": "441145STK",
    "title": "Pickwick Fruit Variatie Mix",
    "category": "Koffie en thee",
    "price": 5.97,
    "promoPrice": null,
    "pricePerUnit": "None None",
    "image": "https://www.jumbo.com/dam-images/fit-in/360x360/Products/441145_20034443_1_T1_441145STK1691073885634.png",
    "available": true,
    "promoUntil": null
  },
  {
    "id": "108218DS",
    "title": "Lavazza Espresso Italiano Classico filterkoffie blik 250g",
    "category": "Koffie en thee",
    "price": 5.99,
    "promoPrice": null,
    "pricePerUnit": "23.96 kg",
    "image": "https://www.jumbo.com/dam-images/fit-in/360x360/Products/16052025_1747365280251_1747365292860_108218_DS_08000070012875_C1N1.png",
    "available": true,
    "promoUntil": null
  },
  {
    "id": "207506STK",
    "title": "Remia Salata Mosterd Honing Dressing 250 ml",
    "category": "Conserven, soepen, sauzen, oliën",
    "price": 1.5,
    "promoPrice": null,
    "pricePerUnit": "6.0 l",
    "image": "https://www.jumbo.com/dam-images/fit-in/360x360/Products/28032024_1711643587889_1711643590992_8710448696254_1.png",
    "available": true,
    "promoUntil": null
  },
  {
    "id": "682769FLS",
    "title": "Remia Vloeibaar Bak en Braad 500 ml",
    "category": "Zuivel, eieren, boter",
    "price": 3.49,
    "promoPrice": null,
    "pricePerUnit": "6.98 l",
    "image": "https://www.jumbo.com/dam-images/fit-in/360x360/Products/26022025_1740592478429_1740592481255_682769_FLS_08710448704003_C1N1.png",
    "available": true,
    "promoUntil": null
  },
  {
    "id": "598308ZK",
    "title": "Mama Oosterse Stijl Instant Noedels Garnalen-Tom Yum-Smaak 60 g",
    "category": "Conserven, soepen, sauzen, oliën",
    "price": 0.65,
    "promoPrice": null,
    "pricePerUnit": "10.83 kg",
    "image": "https://www.jumbo.com/dam-images/fit-in/360x360/Products/28032025_1743157976117_1743157984728_8850987101083_1.png",
    "available": true,
    "promoUntil": null
  },
  {
    "id": "624107ZK",
    "title": "Smaakt Bio Gepofte Tarwe 150 g",
    "category": "Ontbijt, broodbeleg en bakproducten",
    "price": 1.75,
    "promoPrice": null,
    "pricePerUnit": "11.67 kg",
    "image": "https://www.jumbo.com/dam-images/fit-in/360x360/Products/08092025_1757338395387_1757338400717_8719153022532_1.png",
    "available": true,
    "promoUntil": null
  },
  {
    "id": "202378DS",
    "title": "Servero Appelmoesjes 100% Appel Original",
    "category": "Conserven, soepen, sauzen, oliën",
    "price": 2.29,
    "promoPrice": null,
    "pricePerUnit": "5.73 kg",
    "image": "https://www.jumbo.com/dam-images/fit-in/360x360/Products/13112024_1731490415493_1731490429501_4008596502218_596.png",
    "available": true,
    "promoUntil": null
  },
  {
    "id": "563533BAK",
    "title": "Wijko Satésaus Geconcentreerd 250 g",
    "category": "Conserven, soepen, sauzen, oliën",
    "price": 2.19,
    "promoPrice": null,
    "pricePerUnit": "8.76 kg",
    "image": "https://www.jumbo.com/dam-images/fit-in/360x360/Products/22082024_1724297219948_1724297228940_563533_BAK_08718053070827_H1N1.png",
    "available": true,
    "promoUntil": null
  },
  {
    "id": "676481FLS",
    "title": "Jumbo's Zongedroogde Tomaat Smaak Olie 250ML",
    "category": "Conserven, soepen, sauzen, oliën",
    "price": 2.19,
    "promoPrice": null,
    "pricePerUnit": "8.76 l",
    "image": "https://www.jumbo.com/dam-images/fit-in/360x360/Products/31032025_1743417164478_1743417168045_8718452883288_1.png",
    "available": true,
    "promoUntil": null
  },
  {
    "id": "587023POT",
    "title": "NXT Level Pre-Workout Mango-Orange Flavor 300 g",
    "category": "Ontbijt, broodbeleg en bakproducten",
    "price": 19.95,
    "promoPrice": null,
    "pricePerUnit": "66.5 kg",
    "image": "https://www.jumbo.com/dam-images/fit-in/360x360/Products/12122024_1734014801899_1734014808234_8720828215074_1.png",
    "available": true,
    "promoUntil": null
  },
  {
    "id": "666185POT",
    "title": "NXT Level Sports Nutrition Clear whey Tropical 300g",
    "category": "Ontbijt, broodbeleg en bakproducten",
    "price": 22.99,
    "promoPrice": null,
    "pricePerUnit": "76.63 kg",
    "image": "https://www.jumbo.com/dam-images/fit-in/360x360/Products/11022025_1739243525847_1739243529472_666185_POT_08721008440446_C1N1.png",
    "available": true,
    "promoUntil": null
  },
  {
    "id": "609545DS",
    "title": "Pickwick Herbal Super Blends Calm 15 x 2 g",
    "category": "Koffie en thee",
    "price": 2.39,
    "promoPrice": null,
    "pricePerUnit": "0.16 pieces",
    "image": "https://www.jumbo.com/dam-images/fit-in/360x360/Products/25032024_1711381578039_1711381594837_8711000551707_1.png",
    "available": true,
    "promoUntil": null
  },
  {
    "id": "492365FLS",
    "title": "Remia Naturel Dressing 250 ml",
    "category": "Conserven, soepen, sauzen, oliën",
    "price": 1.5,
    "promoPrice": null,
    "pricePerUnit": "6.0 l",
    "image": "https://www.jumbo.com/dam-images/fit-in/360x360/Products/14022024_1707873434854_1707873440068_8710448634805_1.png",
    "available": true,
    "promoUntil": null
  },
  {
    "id": "702742DS",
    "title": "Pickwick Herbal Ginger Goodness Mint 15 Stuks",
    "category": "Koffie en thee",
    "price": 2.39,
    "promoPrice": null,
    "pricePerUnit": "0.16 pieces",
    "image": "https://www.jumbo.com/dam-images/fit-in/360x360/Products/03062025_1748975589429_1748975598014_8711000574584_1.png",
    "available": true,
    "promoUntil": null
  },
  {
    "id": "509111DS",
    "title": "La Place Black Chai Thee 15 Stuks",
    "category": "Koffie en thee",
    "price": 2.19,
    "promoPrice": null,
    "pricePerUnit": "0.15 pieces",
    "image": "https://www.jumbo.com/dam-images/fit-in/360x360/Products/10082023_1691677308976_1691677323475_8718452643998_1.png",
    "available": true,
    "promoUntil": null
  },
  {
    "id": "578581POT",
    "title": "La Fermière Bosbessen & Bramen Yoghurt 160 g",
    "category": "Zuivel, eieren, boter",
    "price": 1.49,
    "promoPrice": null,
    "pricePerUnit": "9.31 kg",
    "image": "https://www.jumbo.com/dam-images/fit-in/360x360/Products/14022024_1707873796383_1707873810494_3279231983001_1.png",
    "available": true,
    "promoUntil": null
  },
  {
    "id": "588287FLS",
    "title": "MAGGI Aroma Hot 119g",
    "category": "Conserven, soepen, sauzen, oliën",
    "price": 2.68,
    "promoPrice": null,
    "pricePerUnit": "22.52 kg",
    "image": "https://www.jumbo.com/dam-images/fit-in/360x360/Products/05092023_1693911703925_1693911715311_588287_FLS_08445290787231_C1N1_s01.png",
    "available": true,
    "promoUntil": null
  },
  {
    "id": "659059ZK",
    "title": "Senseo Mocca Gourmet Coffee Pads 36 Stuks 250 g",
    "category": "Koffie en thee",
    "price": 6.29,
    "promoPrice": null,
    "pricePerUnit": "0.17 pieces",
    "image": "https://www.jumbo.com/dam-images/fit-in/360x360/Products/02042025_1743554015057_1743554020534_8711000341339_1.png",
    "available": true,
    "promoUntil": null
  },
  {
    "id": "216395FLS",
    "title": "Pietro Coricelli Olio di Oliva 750 ml",
    "category": "Conserven, soepen, sauzen, oliën",
    "price": 10.49,
    "promoPrice": null,
    "pricePerUnit": "13.99 l",
    "image": "https://www.jumbo.com/dam-images/fit-in/360x360/Products/25072025_1753453971683_1753453975704_8004275084699_1.png",
    "available": true,
    "promoUntil": null
  },
  {
    "id": "514179POT",
    "title": "Vegan spread Chili Paprika  270 g",
    "category": "Ontbijt, broodbeleg en bakproducten",
    "price": 2.99,
    "promoPrice": null,
    "pricePerUnit": "11.07 kg",
    "image": "https://www.jumbo.com/dam-images/fit-in/360x360/Products/26042025_1745638195970_1745638208067_514179_POT_08717662263415_C1N1.png",
    "available": true,
    "promoUntil": null
  },
  {
    "id": "700348PAK",
    "title": "Leev®  bio LOVELY LENTIL bar apricot 30g",
    "category": "Ontbijt, broodbeleg en bakproducten",
    "price": 1.79,
    "promoPrice": null,
    "pricePerUnit": "59.67 kg",
    "image": "https://www.jumbo.com/dam-images/fit-in/360x360/Products/22052025_1747907684002_1747907685323_700348_PAK_08718215838005_A1N1.png",
    "available": true,
    "promoUntil": null
  },
  {
    "id": "422542DS",
    "title": "Starbucks® by Nescafé® Dolce Gusto® Caffè Latte - 12 koffiecups",
    "category": "Koffie en thee",
    "price": 5.49,
    "promoPrice": null,
    "pricePerUnit": "0.46 pieces",
    "image": "https://www.jumbo.com/dam-images/fit-in/360x360/Products/09072025_1752025399118_1752025409502_422542_DS_07613039854327_C1N1_s01.png",
    "available": true,
    "promoUntil": null
  },
  {
    "id": "684357DS",
    "title": "Starbucks® by NESCAFÉ® Dolce Gusto® White Mocha 12 Koffiecups",
    "category": "Koffie en thee",
    "price": 5.49,
    "promoPrice": null,
    "pricePerUnit": "0.46 pieces",
    "image": "https://www.jumbo.com/dam-images/fit-in/360x360/Products/23092025_1758590753441_1758590770307_684357_DS_08445290396884_H1N1_s01.png",
    "available": true,
    "promoUntil": null
  },
  {
    "id": "556094CUP",
    "title": "Mama Oriental Style Instant Noodles Cup Shrimp Tom Yum Flavour 70 g",
    "category": "Conserven, soepen, sauzen, oliën",
    "price": 1.59,
    "promoPrice": null,
    "pricePerUnit": "22.71 kg",
    "image": "https://www.jumbo.com/dam-images/fit-in/360x360/Products/15042025_1744679928801_1744679937783_556094_CUP_08850987123528_C1N1.png",
    "available": true,
    "promoUntil": null
  },
  {
    "id": "583970DS",
    "title": "Yogi Tea Biologisch Green Energy Thee 17 Stuks 30,6 g",
    "category": "Koffie en thee",
    "price": 3.79,
    "promoPrice": null,
    "pricePerUnit": "0.22 pieces",
    "image": "https://www.jumbo.com/dam-images/fit-in/360x360/Products/05062024_1717556614195_1717556618510_583970_DS_04012824401938_C1N1.png",
    "available": true,
    "promoUntil": null
  },
  {
    "id": "583097CUP",
    "title": "Yum Yum Bamisoep Eend Cup 70g",
    "category": "Conserven, soepen, sauzen, oliën",
    "price": 1.45,
    "promoPrice": null,
    "pricePerUnit": "20.71 kg",
    "image": "https://www.jumbo.com/dam-images/fit-in/360x360/Products/07122023_1701918464486_1701918477528_583097_CUP_08852018201144_C1N1.png",
    "available": true,
    "promoUntil": null
  },
  {
    "id": "675486CUP",
    "title": "VegArt Cream Like Mascarpone 250 g",
    "category": "Zuivel, eieren, boter",
    "price": 2.99,
    "promoPrice": null,
    "pricePerUnit": "11.96 kg",
    "image": "https://www.jumbo.com/dam-images/fit-in/360x360/Products/16052025_1747365709864_1747365720672_675486_CUP_05999884968092_C1N1.png",
    "available": true,
    "promoUntil": null
  },
  {
    "id": "681495CUP",
    "title": "Zuivelhoeve Stevige Trek Aardbei 310 g",
    "category": "Zuivel, eieren, boter",
    "price": 2.59,
    "promoPrice": null,
    "pricePerUnit": "8.35 kg",
    "image": "https://www.jumbo.com/dam-images/fit-in/360x360/Products/21022025_1740138702300_1740138705295_681495_CUP_08711399025155_C1N1.png",
    "available": true,
    "promoUntil": null
  },
  {
    "id": "136194DS",
    "title": "Knorr Mix Kippensoep 2 Porties 2 x 36 g",
    "category": "Conserven, soepen, sauzen, oliën",
    "price": 1.09,
    "promoPrice": null,
    "pricePerUnit": "15.14 kg",
    "image": "https://www.jumbo.com/dam-images/fit-in/360x360/Products/15082025_1755225963006_1755226029475_136194_DS_08712100489914_C1N1.png",
    "available": true,
    "promoUntil": null
  },
  {
    "id": "623686DS",
    "title": "Localtea Koppie Erbij Kruidenmix met Maté, Guarana & Citroen 18 x 1,5 g",
    "category": "Koffie en thee",
    "price": 3.69,
    "promoPrice": null,
    "pricePerUnit": "0.21 pieces",
    "image": "https://www.jumbo.com/dam-images/fit-in/360x360/Products/23122024_1734967976226_1734967983508_8721082724050_1.png",
    "available": true,
    "promoUntil": null
  },
  {
    "id": "707508FLS",
    "title": "Milka Chocolate Milk 2,2% Fat 250 ml",
    "category": "Zuivel, eieren, boter",
    "price": 1.59,
    "promoPrice": null,
    "pricePerUnit": "6.36 l",
    "image": "https://www.jumbo.com/dam-images/fit-in/360x360/Products/06082025_1754443964985_1754443975357_707508_FLS_05711953206009_H1N1.png",
    "available": true,
    "promoUntil": null
  },
  {
    "id": "357731STK",
    "title": "Pickwick Herfst Thee 3 x 20 Stuks",
    "category": "Koffie en thee",
    "price": 5.97,
    "promoPrice": null,
    "pricePerUnit": "None None",
    "image": "https://www.jumbo.com/dam-images/fit-in/360x360/Products/357731STK1ae262f55-cad2-427a-8805-e0bc9a1986d3-1704727985654.png",
    "available": true,
    "promoUntil": null
  },
  {
    "id": "201895STK",
    "title": "Remia Whisky Hartige & Romige Cocktail Tafelsaus 250 ml",
    "category": "Conserven, soepen, sauzen, oliën",
    "price": 1.75,
    "promoPrice": null,
    "pricePerUnit": "7.0 l",
    "image": "https://www.jumbo.com/dam-images/fit-in/360x360/Products/28032025_1743157973399_1743157980299_8710448632849_1.png",
    "available": true,
    "promoUntil": null
  },
  {
    "id": "521924PAK",
    "title": "Samyang Buldak Hot Chicken Flavor Ramen 2x Spicy 5 x 140 g",
    "category": "Conserven, soepen, sauzen, oliën",
    "price": 8.95,
    "promoPrice": null,
    "pricePerUnit": "12.79 kg",
    "image": "https://www.jumbo.com/dam-images/fit-in/360x360/Products/09082023_1691592965197_1691592968730_8801073141896_1.png",
    "available": true,
    "promoUntil": null
  },
  {
    "id": "652180FLS",
    "title": "Jumbo's Truffel Smaak Olie 250ML",
    "category": "Conserven, soepen, sauzen, oliën",
    "price": 2.19,
    "promoPrice": null,
    "pricePerUnit": "8.76 l",
    "image": "https://www.jumbo.com/dam-images/fit-in/360x360/Products/12122024_1734003204793_1734003208907_8718452856893_1.png",
    "available": true,
    "promoUntil": null
  },
  {
    "id": "544000FLS",
    "title": "Mayoneur Sriracha Mayo 250 ml",
    "category": "Conserven, soepen, sauzen, oliën",
    "price": 2.49,
    "promoPrice": null,
    "pricePerUnit": "9.96 l",
    "image": "https://www.jumbo.com/dam-images/fit-in/360x360/Products/30072025_1753841044208_1753841047035_544000_FLS_08720589845275_C1N1.png",
    "available": true,
    "promoUntil": null
  },
  {
    "id": "691881ZK",
    "title": "Wasa Protein Wheat Knackebrod 200g",
    "category": "Ontbijt, broodbeleg en bakproducten",
    "price": 2.37,
    "promoPrice": null,
    "pricePerUnit": "11.85 kg",
    "image": "https://www.jumbo.com/dam-images/fit-in/360x360/Products/07042025_1744024974340_1744024978734_691881_ZK_07300400483285_C1N1.png",
    "available": true,
    "promoUntil": null
  },
  {
    "id": "388078PAK",
    "title": "Koopmans Pannenkoeken Volkoren 400 g",
    "category": "Ontbijt, broodbeleg en bakproducten",
    "price": 1.0,
    "promoPrice": null,
    "pricePerUnit": "2.5 kg",
    "image": "https://www.jumbo.com/dam-images/fit-in/360x360/Products/17042025_1744857229374_1744857237924_388078_PAK_08710466301420_C1N1_s01.png",
    "available": true,
    "promoUntil": null
  },
  {
    "id": "646915STK",
    "title": "Melkunie Griesmeelpap 4 x 468ml",
    "category": "Zuivel, eieren, boter",
    "price": 5.96,
    "promoPrice": null,
    "pricePerUnit": "None None",
    "image": "https://www.jumbo.com/dam-images/fit-in/360x360/Products/20230074ce1ba7df-0594-4b4d-80df-ba8b5af425b2-1725526833608.png",
    "available": true,
    "promoUntil": null
  },
  {
    "id": "464852ZK",
    "title": "Smaakt Bio Vruchtenmuesli 750 g",
    "category": "Ontbijt, broodbeleg en bakproducten",
    "price": 4.39,
    "promoPrice": null,
    "pricePerUnit": "5.85 kg",
    "image": "https://www.jumbo.com/dam-images/fit-in/360x360/Products/08092025_1757338395655_1757338401916_8718215063223_1.png",
    "available": true,
    "promoUntil": null
  },
  {
    "id": "573407FLS",
    "title": "XXL Nutrition n' Joy Drink Strawberry Flavor 310 ml",
    "category": "Frisdrank en sappen",
    "price": 2.39,
    "promoPrice": null,
    "pricePerUnit": "7.71 l",
    "image": "https://www.jumbo.com/dam-images/fit-in/360x360/Products/14022024_1707873028401_1707873034811_8719881002363_1.png",
    "available": true,
    "promoUntil": null
  },
  {
    "id": "675328FLS",
    "title": "Van Ton Mosterd Dille Saus 150 ML",
    "category": "Conserven, soepen, sauzen, oliën",
    "price": 1.99,
    "promoPrice": null,
    "pricePerUnit": "13.27 l",
    "image": "https://www.jumbo.com/dam-images/fit-in/360x360/Products/04022025_1738637916700_1738637920351_675328_FLS_08712144002025_C1N1.png",
    "available": true,
    "promoUntil": null
  },
  {
    "id": "699356DS",
    "title": "Nescafé Frappé 10 x 14 g",
    "category": "Koffie en thee",
    "price": 3.89,
    "promoPrice": null,
    "pricePerUnit": "27.79 kg",
    "image": "https://www.jumbo.com/dam-images/fit-in/360x360/Products/16052025_1747420369469_1747420376248_8445291509429_1.png",
    "available": true,
    "promoUntil": null
  },
  {
    "id": "620696STK",
    "title": "Jumbo Yoghurt met Vanillesmaak 4 x 200 g",
    "category": "Zuivel, eieren, boter",
    "price": 5.96,
    "promoPrice": null,
    "pricePerUnit": "None None",
    "image": "https://www.jumbo.com/dam-images/fit-in/360x360/Products/620696STK112c63048-a886-4e8c-b1f7-10b7e8e4c79c-1711440624189.png",
    "available": true,
    "promoUntil": null
  },
  {
    "id": "162509ZK",
    "title": "Koh Thai Rijstvellen voor Verse Loempia's 100 g",
    "category": "Conserven, soepen, sauzen, oliën",
    "price": 2.76,
    "promoPrice": null,
    "pricePerUnit": "27.6 kg",
    "image": "https://www.jumbo.com/dam-images/fit-in/360x360/Products/20062024_1718851915469_1718851922563_162509_ZK_08717662261541_C1N1.png",
    "available": true,
    "promoUntil": null
  },
  {
    "id": "540461DS",
    "title": "La Place Koffiecups Lungo Dolce 10 Stuks",
    "category": "Koffie en thee",
    "price": 3.29,
    "promoPrice": null,
    "pricePerUnit": "0.33 pieces",
    "image": "https://www.jumbo.com/dam-images/fit-in/360x360/Products/26042024_1714127650722_1714127656688_8718452560622_1.png",
    "available": true,
    "promoUntil": null
  },
  {
    "id": "703547DS",
    "title": "Maggi Bouillon Mediterraans met Basilicum & Olijfolie 8 Stuks 80 g ",
    "category": "Conserven, soepen, sauzen, oliën",
    "price": 1.69,
    "promoPrice": null,
    "pricePerUnit": "21.13 kg",
    "image": "https://www.jumbo.com/dam-images/fit-in/360x360/Products/06062025_1749234829749_1749234839417_8585002444349_1.png",
    "available": true,
    "promoUntil": null
  },
  {
    "id": "30538PAK",
    "title": "Melitta Original koffiefilters 102 Bruin 80 stuks",
    "category": "Koffie en thee",
    "price": 2.33,
    "promoPrice": null,
    "pricePerUnit": "0.03 pieces",
    "image": "https://www.jumbo.com/dam-images/fit-in/360x360/Products/19092025_1758281652102_1758281658804_4006508122400_1.png",
    "available": true,
    "promoUntil": null
  },
  {
    "id": "356191POT",
    "title": "Nissin Soba Wok Style Chili Noedels 92 g",
    "category": "Conserven, soepen, sauzen, oliën",
    "price": 2.49,
    "promoPrice": null,
    "pricePerUnit": "27.07 kg",
    "image": "https://www.jumbo.com/dam-images/fit-in/360x360/Products/02052024_1714635367310_1714635375173_5997523313135_1.png",
    "available": true,
    "promoUntil": null
  },
  {
    "id": "388238DS",
    "title": "Rocky Rice Choco Milk Rice Bar 5 x 18 g",
    "category": "Koek, snoep, chocolade en chips",
    "price": 1.99,
    "promoPrice": null,
    "pricePerUnit": "22.11 kg",
    "image": "https://www.jumbo.com/dam-images/fit-in/360x360/Products/25052024_1716600474146_1716600503882_388238_DS_08606012184992_C1N1.png",
    "available": true,
    "promoUntil": null
  },
  {
    "id": "541943STK",
    "title": "Starbucks Tripleshot Espresso 300 ml",
    "category": "Zuivel, eieren, boter",
    "price": 2.59,
    "promoPrice": null,
    "pricePerUnit": "8.63 l",
    "image": "https://www.jumbo.com/dam-images/fit-in/360x360/Products/13082025_1755048520336_1755048528045_541943_STK_05711953161919_H1N1.png",
    "available": true,
    "promoUntil": null
  },
  {
    "id": "168667STK",
    "title": "Wieringa Ambachtelijke Knappertjes 14 Stuks",
    "category": "Ontbijt, broodbeleg en bakproducten",
    "price": 2.07,
    "promoPrice": null,
    "pricePerUnit": "14.79 kg",
    "image": "https://www.jumbo.com/dam-images/fit-in/360x360/Products/10082023_1691674905725_1691674914185_8711569001002_1.png",
    "available": true,
    "promoUntil": null
  },
  {
    "id": "698887DS",
    "title": "Yogi Tea Biologisch Black Chai 17 Stuks",
    "category": "Koffie en thee",
    "price": 3.99,
    "promoPrice": null,
    "pricePerUnit": "107.84 kg",
    "image": "https://www.jumbo.com/dam-images/fit-in/360x360/Products/14052025_1747201631272_1747201636571_698887_DS_04012824400627_C1N1.png",
    "available": true,
    "promoUntil": null
  },
  {
    "id": "583973DS",
    "title": "Yogi Tea Biologisch Detox Thee 17 Stuks 30,6 g",
    "category": "Koffie en thee",
    "price": 3.99,
    "promoPrice": null,
    "pricePerUnit": "0.23 pieces",
    "image": "https://www.jumbo.com/dam-images/fit-in/360x360/Products/14022024_1707873375696_1707873381840_4012824401273_1.png",
    "available": true,
    "promoUntil": null
  },
  {
    "id": "382543ZK",
    "title": "Zonnatura Lijnzaad Heel 400 g",
    "category": "Ontbijt, broodbeleg en bakproducten",
    "price": 2.19,
    "promoPrice": null,
    "pricePerUnit": "5.48 kg",
    "image": "https://www.jumbo.com/dam-images/fit-in/360x360/Products/08122023_1702014568032_1702014572181_382543_ZK_08711812420123_C1N1.png",
    "available": true,
    "promoUntil": null
  },
  {
    "id": "688129DS",
    "title": "Twinings of London Pure Ceylon Tea 25 x 2 g",
    "category": "Koffie en thee",
    "price": 4.29,
    "promoPrice": null,
    "pricePerUnit": "0.21 pieces",
    "image": "https://www.jumbo.com/dam-images/fit-in/360x360/Products/24032025_1742844746431_1742844753148_70177078782_1.png",
    "available": true,
    "promoUntil": null
  },
  {
    "id": "124773POT",
    "title": "Kühne Kleine Augurken Zoet 330 g",
    "category": "Conserven, soepen, sauzen, oliën",
    "price": 2.56,
    "promoPrice": null,
    "pricePerUnit": "13.47 kg",
    "image": "https://www.jumbo.com/dam-images/fit-in/360x360/Products/18092025_1758213235526_1758213243607_40198576_1.png",
    "available": true,
    "promoUntil": null
  },
  {
    "id": "659010DS",
    "title": "L'OR Passione Rossa Maranello Expresso Capsules 52 g",
    "category": "Koffie en thee",
    "price": 4.39,
    "promoPrice": null,
    "pricePerUnit": "0.44 pieces",
    "image": "https://www.jumbo.com/dam-images/fit-in/360x360/Products/02042025_1743554033436_1743554040874_8711000579022_1.png",
    "available": true,
    "promoUntil": null
  },
  {
    "id": "542986PAK",
    "title": "Lurpak Danish Butter Slightly Salted 200 g",
    "category": "Zuivel, eieren, boter",
    "price": 3.49,
    "promoPrice": null,
    "pricePerUnit": "17.45 kg",
    "image": "https://www.jumbo.com/dam-images/fit-in/360x360/Products/09052025_1746783165368_1746783169171_5740900401785_1.png",
    "available": true,
    "promoUntil": null
  },
  {
    "id": "709903ZK",
    "title": "Nescafé Family Cappuccino 230 g",
    "category": "Koffie en thee",
    "price": 3.99,
    "promoPrice": null,
    "pricePerUnit": "17.35 kg",
    "image": "https://www.jumbo.com/dam-images/fit-in/360x360/Products/15072025_1752604384386_1752604389813_8445291832558_1.png",
    "available": true,
    "promoUntil": null
  },
  {
    "id": "203509FLS",
    "title": "Remia Salata Caesar Dressing 250 ml",
    "category": "Conserven, soepen, sauzen, oliën",
    "price": 1.5,
    "promoPrice": null,
    "pricePerUnit": "6.0 l",
    "image": "https://www.jumbo.com/dam-images/fit-in/360x360/Products/14022024_1707873432605_1707873435468_8710448697107_1.png",
    "available": true,
    "promoUntil": null
  },
  {
    "id": "17146BLK",
    "title": "Unox Soep in Blik Champignonsoep 4 Porties 515 ml",
    "category": "Conserven, soepen, sauzen, oliën",
    "price": 2.89,
    "promoPrice": null,
    "pricePerUnit": "5.61 l",
    "image": "https://www.jumbo.com/dam-images/fit-in/360x360/Products/20022025_1740017392988_1740017410387_17146_BLK_08718114806037_C1N1.png",
    "available": true,
    "promoUntil": null
  },
  {
    "id": "594401DS",
    "title": "twinings peppermint 20st",
    "category": "Koffie en thee",
    "price": 4.29,
    "promoPrice": null,
    "pricePerUnit": "0.21 pieces",
    "image": "https://www.jumbo.com/dam-images/fit-in/360x360/Products/10072024_1720574258737_1720574277557_594401_DS_00070177231873_C1N1_s29.png",
    "available": true,
    "promoUntil": null
  },
  {
    "id": "189205BLK",
    "title": "Rio Mare gegrilde Makreelfilets in extra vierge olijfolie 120g",
    "category": "Conserven, soepen, sauzen, oliën",
    "price": 3.99,
    "promoPrice": null,
    "pricePerUnit": "33.25 kg",
    "image": "https://www.jumbo.com/dam-images/fit-in/360x360/Products/23072025_1753266873542_1753266877522_8004030622012_1.png",
    "available": true,
    "promoUntil": null
  },
  {
    "id": "434782PAK",
    "title": "Koopmans Mix voor Speculaas 400 g",
    "category": "Ontbijt, broodbeleg en bakproducten",
    "price": 2.09,
    "promoPrice": null,
    "pricePerUnit": "5.23 kg",
    "image": "https://www.jumbo.com/dam-images/fit-in/360x360/Products/17042025_1744852904690_1744852912744_434782_PAK_08710466217424_C1N1_s03.png",
    "available": true,
    "promoUntil": null
  },
  {
    "id": "108210ZK",
    "title": "L'OR Espresso Forza Koffiebonen 500 g",
    "category": "Koffie en thee",
    "price": 11.89,
    "promoPrice": null,
    "pricePerUnit": "23.78 kg",
    "image": "https://www.jumbo.com/dam-images/fit-in/360x360/Products/26082025_1756172949894_1756172955227_108210_ZK_08711000324141_C1N1.png",
    "available": true,
    "promoUntil": null
  },
  {
    "id": "363954ZK",
    "title": "Nissin Soba Wok Style Yakitori Chicken Flavour 110 g",
    "category": "Conserven, soepen, sauzen, oliën",
    "price": 1.49,
    "promoPrice": null,
    "pricePerUnit": "13.55 kg",
    "image": "https://www.jumbo.com/dam-images/fit-in/360x360/Products/17012024_1705461423136_1705461442324_363954_ZK_05997523324377_C1N1.png",
    "available": true,
    "promoUntil": null
  },
  {
    "id": "386958PAK",
    "title": "Koopmans Oma's Pannenkoeken met Kaneel 400 g",
    "category": "Ontbijt, broodbeleg en bakproducten",
    "price": 1.5,
    "promoPrice": null,
    "pricePerUnit": "3.75 kg",
    "image": "https://www.jumbo.com/dam-images/fit-in/360x360/Products/17042025_1744860215552_1744860224229_386958_PAK_08710466301123_C1N1_s01.png",
    "available": true,
    "promoUntil": null
  },
  {
    "id": "609528DS",
    "title": "Zonnatura Bio Rooibos & Kaneel Droom Zacht 20 Stuks 36 g",
    "category": "Koffie en thee",
    "price": 2.59,
    "promoPrice": null,
    "pricePerUnit": "0.13 pieces",
    "image": "https://www.jumbo.com/dam-images/fit-in/360x360/Products/25072025_1753439591863_1753439599473_8711812409395_1.png",
    "available": true,
    "promoUntil": null
  },
  {
    "id": "618296STK",
    "title": "Neuburger Coupe Danube Vanillesmaak 4 x 200 g",
    "category": "Zuivel, eieren, boter",
    "price": 1.36,
    "promoPrice": null,
    "pricePerUnit": "None None",
    "image": "https://www.jumbo.com/dam-images/fit-in/360x360/Products/618296STK1dd6df9ac-6bb4-42e9-af9b-32edf03bb4cc-1710152989703.png",
    "available": true,
    "promoUntil": null
  },
  {
    "id": "563580STK",
    "title": "Neuburger Coupe Danube Chocoladesmaak 8 x 200 g",
    "category": "Zuivel, eieren, boter",
    "price": 2.72,
    "promoPrice": null,
    "pricePerUnit": "None None",
    "image": "https://www.jumbo.com/dam-images/fit-in/360x360/Products/563580STK943a52f5-03f5-4e6e-81db-0745f9025939-1745827985580.png",
    "available": true,
    "promoUntil": null
  },
  {
    "id": "420943DS",
    "title": "Pickwick Herbal Good Night Variatiebox Kruidenthee",
    "category": "Koffie en thee",
    "price": 2.39,
    "promoPrice": null,
    "pricePerUnit": "0.12 pieces",
    "image": "https://www.jumbo.com/dam-images/fit-in/360x360/Products/25032024_1711381524978_1711381530865_8711000483510_1.png",
    "available": false,
    "promoUntil": null
  },
  {
    "id": "443499POT",
    "title": "Kesbeke Amsterdamse Dwarsliggers 495 g",
    "category": "Conserven, soepen, sauzen, oliën",
    "price": 1.81,
    "promoPrice": null,
    "pricePerUnit": "7.54 kg",
    "image": "https://www.jumbo.com/dam-images/fit-in/360x360/Products/14022024_1707872753767_1707872763738_8711271115851_1.png",
    "available": true,
    "promoUntil": null
  },
  {
    "id": "573887ZK",
    "title": "Pure Via Alternatief voor Kristalsuiker 370 g",
    "category": "Koffie en thee",
    "price": 6.33,
    "promoPrice": null,
    "pricePerUnit": "17.11 kg",
    "image": "https://www.jumbo.com/dam-images/fit-in/360x360/Products/14022024_1707873140894_1707873151613_7630486403045_1.png",
    "available": true,
    "promoUntil": null
  },
  {
    "id": "303037PAK",
    "title": "Sterilgarda Besciamella 500 ml",
    "category": "Conserven, soepen, sauzen, oliën",
    "price": 1.99,
    "promoPrice": null,
    "pricePerUnit": "3.98 l",
    "image": "https://www.jumbo.com/dam-images/fit-in/360x360/Products/17062024_1718586932569_1718586948843_303037_PAK_08002795000267_C1N1.png",
    "available": true,
    "promoUntil": null
  },
  {
    "id": "643828DS",
    "title": "TooTea Startpakket voor Kinderen vanaf 6 Maanden 2 x 100 g",
    "category": "Koffie en thee",
    "price": 42.95,
    "promoPrice": null,
    "pricePerUnit": "42.95 pieces",
    "image": "https://www.jumbo.com/dam-images/fit-in/360x360/Products/31102024_1730388786657_1730388793652_8721225490149_1.png",
    "available": true,
    "promoUntil": null
  },
  {
    "id": "225657STK",
    "title": "Kinder Melkschijfje 5 x 28 g",
    "category": "Zuivel, eieren, boter",
    "price": 2.39,
    "promoPrice": null,
    "pricePerUnit": "17.07 kg",
    "image": "https://www.jumbo.com/dam-images/fit-in/360x360/Products/02052025_1746192747075_1746192750534_8000500062654_1.png",
    "available": true,
    "promoUntil": null
  },
  {
    "id": "213291KST",
    "title": "Kellogg's 8 Variety Packs 220 g",
    "category": "Ontbijt, broodbeleg en bakproducten",
    "price": 4.41,
    "promoPrice": null,
    "pricePerUnit": "20.51 kg",
    "image": "https://www.jumbo.com/dam-images/fit-in/360x360/Products/28082025_1756343787838_1756343801812_213291_KST_03159470005347_A1N1.png",
    "available": true,
    "promoUntil": null
  },
  {
    "id": "489088DS",
    "title": "Koopmans Bakkers kruidnoten  bakmix voor Sinterklaas 280g",
    "category": "Ontbijt, broodbeleg en bakproducten",
    "price": 2.39,
    "promoPrice": null,
    "pricePerUnit": "8.54 kg",
    "image": "https://www.jumbo.com/dam-images/fit-in/360x360/Products/17042025_1744861206098_1744861212657_489088_DS_08710466316226_C1N1_s02.png",
    "available": true,
    "promoUntil": null
  },
  {
    "id": "576901DS",
    "title": "Leentjes Strooi Pret Hartjes & Roze Dip 120 g",
    "category": "Ontbijt, broodbeleg en bakproducten",
    "price": 3.49,
    "promoPrice": null,
    "pricePerUnit": "29.08 kg",
    "image": "https://www.jumbo.com/dam-images/fit-in/360x360/Products/14022024_1707873434153_1707873452659_8720165942947_1.png",
    "available": true,
    "promoUntil": null
  },
  {
    "id": "708609DS",
    "title": "Quaker Cruesli Zero Sugar Added Nuts & Seeds 720 g",
    "category": "Ontbijt, broodbeleg en bakproducten",
    "price": 4.94,
    "promoPrice": null,
    "pricePerUnit": "6.86 kg",
    "image": "https://www.jumbo.com/dam-images/fit-in/360x360/Products/24072025_1753374759286_1753374765675_8710398533838_1.png",
    "available": true,
    "promoUntil": null
  },
  {
    "id": "609405FLS",
    "title": "Remia Mama Asia Korean Mayo 240ml",
    "category": "Conserven, soepen, sauzen, oliën",
    "price": 2.49,
    "promoPrice": null,
    "pricePerUnit": "10.38 l",
    "image": "https://www.jumbo.com/dam-images/fit-in/360x360/Products/17012024_1705462469085_1705462472356_609405_FLS_08710448620044_C1N1.png",
    "available": true,
    "promoUntil": null
  },
  {
    "id": "380659POT",
    "title": "St Dalfour Vijgen vruchtenspread",
    "category": "Ontbijt, broodbeleg en bakproducten",
    "price": 3.85,
    "promoPrice": null,
    "pricePerUnit": "13.56 kg",
    "image": "https://www.jumbo.com/dam-images/fit-in/360x360/Products/13062024_1718246481710_1718246487496_380659_POT_05014271794013_C1N1.png",
    "available": true,
    "promoUntil": null
  },
  {
    "id": "98443STK",
    "title": "Van TON Belze Majoneis 310 g",
    "category": "Conserven, soepen, sauzen, oliën",
    "price": 2.89,
    "promoPrice": null,
    "pricePerUnit": "8.76 l",
    "image": "https://www.jumbo.com/dam-images/fit-in/360x360/Products/15082023_1692062921516_1692062923589_98443_STK_08712144002872_C1N1.png",
    "available": true,
    "promoUntil": null
  },
  {
    "id": "420770DS",
    "title": "Zonnatura Bio Natuurlijke Stoelgang Kruideninfusie 20 Stuks",
    "category": "Koffie en thee",
    "price": 2.59,
    "promoPrice": null,
    "pricePerUnit": "0.13 pieces",
    "image": "https://www.jumbo.com/dam-images/fit-in/360x360/Products/08122023_1702007734974_1702007739101_420770_DS_08711812480554_C1N1.png",
    "available": true,
    "promoUntil": null
  },
  {
    "id": "80790DS",
    "title": "Zonnatura Biologische Knijpfruit Appel Aardbei",
    "category": "Conserven, soepen, sauzen, oliën",
    "price": 3.46,
    "promoPrice": null,
    "pricePerUnit": "10.18 kg",
    "image": "https://www.jumbo.com/dam-images/fit-in/360x360/Products/25072025_1753436037125_1753436045633_8710863805873_1.png",
    "available": true,
    "promoUntil": null
  },
  {
    "id": "611351ZK",
    "title": " Zonnatura Bio Krokante Muesli Noten en Zaden 375 g",
    "category": "Ontbijt, broodbeleg en bakproducten",
    "price": 3.95,
    "promoPrice": null,
    "pricePerUnit": "10.53 kg",
    "image": "https://www.jumbo.com/dam-images/fit-in/360x360/Products/22092025_1758551605996_1758551616360_8711812409135_596.png",
    "available": true,
    "promoUntil": null
  },
  {
    "id": "434781PAK",
    "title": "Koopmans Kruidnoten bakmix voor Sinterklaas 320g",
    "category": "Ontbijt, broodbeleg en bakproducten",
    "price": 2.29,
    "promoPrice": null,
    "pricePerUnit": "7.16 kg",
    "image": "https://www.jumbo.com/dam-images/fit-in/360x360/Products/17042025_1744852504249_1744852509900_434781_PAK_08710466251329_C1N1_s03.png",
    "available": true,
    "promoUntil": null
  },
  {
    "id": "639190CUP",
    "title": "Alpro Plantaardige Variatie Op Yoghurt Appeltaart Smaak 135g",
    "category": "Zuivel, eieren, boter",
    "price": 1.29,
    "promoPrice": null,
    "pricePerUnit": "9.56 kg",
    "image": "https://www.jumbo.com/dam-images/fit-in/360x360/Products/14082025_1755139913396_1755139922563_639190_CUP_05411188141389_C1N1.png",
    "available": true,
    "promoUntil": null
  },
  {
    "id": "639191CUP",
    "title": "Alpro Plantaardige Variatie Op Yoghurt Lemon Cheesecake Smaak 135g",
    "category": "Zuivel, eieren, boter",
    "price": 1.29,
    "promoPrice": null,
    "pricePerUnit": "9.56 kg",
    "image": "https://www.jumbo.com/dam-images/fit-in/360x360/Products/14082025_1755139908787_1755139918817_639191_CUP_05411188141365_C1N1.png",
    "available": true,
    "promoUntil": null
  },
  {
    "id": "637907DS",
    "title": "Nairn's Belgian Chocolate Chunk Crunchy Oat Bars Gluten Free 4 x 2 Stuks 160 g",
    "category": "Ontbijt, broodbeleg en bakproducten",
    "price": 3.16,
    "promoPrice": null,
    "pricePerUnit": "19.75 kg",
    "image": "https://www.jumbo.com/dam-images/fit-in/360x360/Products/30052025_1748571886200_1748571894753_637907_DS_00612322030315_C1N1.png",
    "available": true,
    "promoUntil": null
  },
  {
    "id": "718873BLK",
    "title": "Jumbo Gebroken Sperziebonen 800 g",
    "category": "Conserven, soepen, sauzen, oliën",
    "price": 1.69,
    "promoPrice": null,
    "pricePerUnit": "3.71 kg",
    "image": "https://www.jumbo.com/dam-images/fit-in/360x360/Products/01082024_1722504868861_1722504890717_8718452764785_596.png",
    "available": true,
    "promoUntil": null
  },
  {
    "id": "637351ZK",
    "title": "Mama  Instant Noedles Carbonara 85g",
    "category": "Conserven, soepen, sauzen, oliën",
    "price": 1.29,
    "promoPrice": null,
    "pricePerUnit": "15.18 kg",
    "image": "https://www.jumbo.com/dam-images/fit-in/360x360/Products/24042025_1745461302956_1745461308873_637351_ZK_08850987150098_C1N1.png",
    "available": true,
    "promoUntil": null
  },
  {
    "id": "710973DS",
    "title": "Bagel Crackers Sesam 8 Stuks 225 g",
    "category": "Ontbijt, broodbeleg en bakproducten",
    "price": 2.76,
    "promoPrice": null,
    "pricePerUnit": "12.27 kg",
    "image": "https://www.jumbo.com/dam-images/fit-in/360x360/Products/01092025_1756733706780_1756733715256_8710482535045_1.png",
    "available": true,
    "promoUntil": null
  },
  {
    "id": "305432ZK",
    "title": "Barebells Protein Bar Salty Peanut 55 g",
    "category": "Ontbijt, broodbeleg en bakproducten",
    "price": 2.78,
    "promoPrice": 2.08,
    "pricePerUnit": "50.55 kg",
    "image": "https://www.jumbo.com/dam-images/fit-in/360x360/Products/19122023_1702952010824_1702952020615_305432_ZK_07340001800999_C1N1.png",
    "available": true,
    "promoUntil": "di 7 okt"
  },
  {
    "id": "692217DS",
    "title": "Leentjes Strooi Pret Suiker Oogjes 17 g",
    "category": "Ontbijt, broodbeleg en bakproducten",
    "price": 2.15,
    "promoPrice": null,
    "pricePerUnit": "126.47 kg",
    "image": "https://www.jumbo.com/dam-images/fit-in/360x360/Products/09042025_1744187203908_1744187204539_692217_DS_08721082491006_A1N1.png",
    "available": true,
    "promoUntil": null
  },
  {
    "id": "577158DS",
    "title": "Epic Coffee Espresso Koffiecups 20 Stuks",
    "category": "Koffie en thee",
    "price": 3.99,
    "promoPrice": null,
    "pricePerUnit": "0.2 pieces",
    "image": "https://www.jumbo.com/dam-images/fit-in/360x360/Products/05032024_1709652976862_1709652982082_8720391700540_1.png",
    "available": true,
    "promoUntil": null
  },
  {
    "id": "485189DS",
    "title": "Leev® bio LOWCARB crackers tomato & oregano 80g",
    "category": "Ontbijt, broodbeleg en bakproducten",
    "price": 2.99,
    "promoPrice": null,
    "pricePerUnit": "37.38 kg",
    "image": "https://www.jumbo.com/dam-images/fit-in/360x360/Products/24092025_1758720818410_1758720824900_8718215837183_1.png",
    "available": true,
    "promoUntil": null
  },
  {
    "id": "134141KST",
    "title": "LiGa BelVita Sandwich Koekjes Yoghurt Aardbei 5 x 2 stuks 253g",
    "category": "Ontbijt, broodbeleg en bakproducten",
    "price": 3.39,
    "promoPrice": null,
    "pricePerUnit": "13.56 kg",
    "image": "https://www.jumbo.com/dam-images/fit-in/360x360/Products/24092025_1758724489387_1758724500142_7622210243898_596.png",
    "available": true,
    "promoUntil": null
  },
  {
    "id": "560842PAK",
    "title": "Grenade Proteïne Reep Chocolate Chip Salted Caramel 60g",
    "category": "Ontbijt, broodbeleg en bakproducten",
    "price": 2.76,
    "promoPrice": 2.07,
    "pricePerUnit": "34.5 kg",
    "image": "https://www.jumbo.com/dam-images/fit-in/360x360/Products/24092025_1758724491555_1758724496877_5060221206860_1.png",
    "available": true,
    "promoUntil": "di 7 okt"
  },
  {
    "id": "199905KP",
    "title": "ProActiv Original Verlaagt Cholesterol 250 g",
    "category": "Zuivel, eieren, boter",
    "price": 3.49,
    "promoPrice": null,
    "pricePerUnit": "13.96 kg",
    "image": "https://www.jumbo.com/dam-images/fit-in/360x360/Products/14022025_1739539965213_1739539968842_8719200253490_1.png",
    "available": true,
    "promoUntil": null
  },
  {
    "id": "476864PAK",
    "title": "Campina Botergoud Ongezouten Roomboter 250 g",
    "category": "Zuivel, eieren, boter",
    "price": 4.69,
    "promoPrice": null,
    "pricePerUnit": "18.76 kg",
    "image": "https://www.jumbo.com/dam-images/fit-in/360x360/Products/14062025_1749867036564_1749867050969_476864_PAK_08712800005612_H1N1.png",
    "available": true,
    "promoUntil": null
  },
  {
    "id": "618059PAK",
    "title": "Echte Boter Gezouten Roomboter 250g",
    "category": "Zuivel, eieren, boter",
    "price": 4.19,
    "promoPrice": null,
    "pricePerUnit": "16.76 kg",
    "image": "https://www.jumbo.com/dam-images/fit-in/360x360/Products/08032024_1709906980256_1709906991384_618059_PAK_08712092810017_C1N1.png",
    "available": true,
    "promoUntil": null
  },
  {
    "id": "199907KP",
    "title": "Becel ProActiv Light 500 g",
    "category": "Zuivel, eieren, boter",
    "price": 6.29,
    "promoPrice": null,
    "pricePerUnit": "12.58 kg",
    "image": "https://www.jumbo.com/dam-images/fit-in/360x360/Products/02042025_1743586389830_1743586393442_8719200266926_1.png",
    "available": true,
    "promoUntil": null
  },
  {
    "id": "570068KP",
    "title": "Kruidencrème 100 g",
    "category": "Zuivel, eieren, boter",
    "price": 1.15,
    "promoPrice": null,
    "pricePerUnit": "11.5 kg",
    "image": "https://www.jumbo.com/dam-images/fit-in/360x360/Products/570068_8712444010669_1_T1_35243KP1691077186536.png",
    "available": true,
    "promoUntil": null
  },
  {
    "id": "645598STK",
    "title": "Jumbo Grasboter Smeerbare Roomboter Ongezouten 250g",
    "category": "Zuivel, eieren, boter",
    "price": 3.99,
    "promoPrice": null,
    "pricePerUnit": "15.96 kg",
    "image": "https://www.jumbo.com/dam-images/fit-in/360x360/Products/06112024_1730910905454_1730910913011_8718452843510_1.png",
    "available": true,
    "promoUntil": null
  },
  {
    "id": "634402CUP",
    "title": "Jumbo Bewust Romig 500 g",
    "category": "Zuivel, eieren, boter",
    "price": 2.19,
    "promoPrice": null,
    "pricePerUnit": "4.38 kg",
    "image": "https://www.jumbo.com/dam-images/fit-in/360x360/Products/12122024_1734014924431_1734014934854_8718452697052_596.png",
    "available": true,
    "promoUntil": null
  },
  {
    "id": "75791PAK",
    "title": "Lurpak Gezouten Roomboter met Koolzaadolie 250 g",
    "category": "Zuivel, eieren, boter",
    "price": 3.75,
    "promoPrice": null,
    "pricePerUnit": "15.0 kg",
    "image": "https://www.jumbo.com/dam-images/fit-in/360x360/Products/11062025_1749638026825_1749638030278_5740900401365_1.png",
    "available": true,
    "promoUntil": null
  },
  {
    "id": "557434CUP",
    "title": "Blue Band Halvarine 225 g",
    "category": "Zuivel, eieren, boter",
    "price": 1.19,
    "promoPrice": null,
    "pricePerUnit": "5.29 kg",
    "image": "https://www.jumbo.com/dam-images/fit-in/360x360/Products/02072025_1751420847289_1751420855671_557434_CUP_08719200255616_C1N1.png",
    "available": true,
    "promoUntil": null
  },
  {
    "id": "557436CUP",
    "title": "Zeeuws Meisje Smeerbaar 450 g",
    "category": "Zuivel, eieren, boter",
    "price": 1.35,
    "promoPrice": null,
    "pricePerUnit": "3.0 kg",
    "image": "https://www.jumbo.com/dam-images/fit-in/360x360/Products/21112024_1732214164385_1732214168550_8719200256071_1.png",
    "available": true,
    "promoUntil": null
  },
  {
    "id": "13804PAK",
    "title": "Campina Grasboter Gezouten Roomboter 225 g",
    "category": "Zuivel, eieren, boter",
    "price": 4.79,
    "promoPrice": null,
    "pricePerUnit": "21.29 kg",
    "image": "https://www.jumbo.com/dam-images/fit-in/360x360/Products/16062025_1750059209618_1750059214230_87314540_1.png",
    "available": true,
    "promoUntil": null
  },
  {
    "id": "576351KP",
    "title": "Becel Romig 225 g",
    "category": "Zuivel, eieren, boter",
    "price": 2.15,
    "promoPrice": null,
    "pricePerUnit": "9.56 kg",
    "image": "https://www.jumbo.com/dam-images/fit-in/360x360/Products/20032025_1742463225380_1742463230169_8719200262393_1.png",
    "available": true,
    "promoUntil": null
  },
  {
    "id": "296256STK",
    "title": "The Flower Farm Smeren Zonder Palmolie 225 g",
    "category": "Zuivel, eieren, boter",
    "price": 2.09,
    "promoPrice": null,
    "pricePerUnit": "9.29 kg",
    "image": "https://www.jumbo.com/dam-images/fit-in/360x360/Products/01072025_1751373186401_1751373190509_8710472000119_1.png",
    "available": true,
    "promoUntil": null
  },
  {
    "id": "679519CUP",
    "title": "Becel met Boter 400 g ",
    "category": "Zuivel, eieren, boter",
    "price": 4.89,
    "promoPrice": null,
    "pricePerUnit": "12.23 kg",
    "image": "https://www.jumbo.com/dam-images/fit-in/360x360/Products/14022025_1739539736699_1739539744080_8719200296862_1.png",
    "available": true,
    "promoUntil": null
  },
  {
    "id": "607260CUP",
    "title": "Becel Original 450 g",
    "category": "Zuivel, eieren, boter",
    "price": 3.25,
    "promoPrice": null,
    "pricePerUnit": "7.22 kg",
    "image": "https://www.jumbo.com/dam-images/fit-in/360x360/Products/02042025_1743586390222_1743586394001_8719200273627_1.png",
    "available": true,
    "promoUntil": null
  },
  {
    "id": "704051STK",
    "title": "Jumbo Biologisch Roomboter Gezouten 250 g",
    "category": "Zuivel, eieren, boter",
    "price": 3.69,
    "promoPrice": null,
    "pricePerUnit": "14.76 kg",
    "image": "https://www.jumbo.com/dam-images/fit-in/360x360/Products/07112024_1731021819878_1731021828402_8718452765508_1.png",
    "available": true,
    "promoUntil": null
  },
  {
    "id": "390270CUP",
    "title": "Gouda's Glorie met Roomboter 250 g",
    "category": "Zuivel, eieren, boter",
    "price": 3.49,
    "promoPrice": null,
    "pricePerUnit": "13.96 kg",
    "image": "https://www.jumbo.com/dam-images/fit-in/360x360/Products/21092025_1758416411540_1758416415160_390270_CUP_.png",
    "available": true,
    "promoUntil": null
  },
  {
    "id": "180994KP",
    "title": "Campina Botergoud Halfvolle roomboter 225 g",
    "category": "Zuivel, eieren, boter",
    "price": 3.65,
    "promoPrice": null,
    "pricePerUnit": "16.22 kg",
    "image": "https://www.jumbo.com/dam-images/fit-in/360x360/Products/22062025_1750557487715_1750557507095_180994_KP_08715300257253_H1N1.png",
    "available": true,
    "promoUntil": null
  },
  {
    "id": "695148CUP",
    "title": "The Flower Farm Opgroeien zonder Palmolie 375g",
    "category": "Zuivel, eieren, boter",
    "price": 2.99,
    "promoPrice": null,
    "pricePerUnit": "7.97 kg",
    "image": "https://www.jumbo.com/dam-images/fit-in/360x360/Products/19092025_1758243663773_1758243671350_695148_CUP_08710472003097_C1N1.png",
    "available": true,
    "promoUntil": null
  },
  {
    "id": "659237CUP",
    "title": "Jumbo Verse Kruidenboter 100 g",
    "category": "Zuivel, eieren, boter",
    "price": 1.45,
    "promoPrice": null,
    "pricePerUnit": "14.5 kg",
    "image": "https://www.jumbo.com/dam-images/fit-in/360x360/Products/12122024_1734021201932_1734021211535_8718452842544_1.png",
    "available": true,
    "promoUntil": null
  },
  {
    "id": "78979TUB",
    "title": "Kruidenboter 100 g",
    "category": "Zuivel, eieren, boter",
    "price": 1.35,
    "promoPrice": null,
    "pricePerUnit": "13.5 kg",
    "image": "https://www.jumbo.com/dam-images/fit-in/360x360/Products/12042025_1744422664060_1744422681589_78979_TUB_08712444005177_C1N1.png",
    "available": true,
    "promoUntil": null
  },
  {
    "id": "77479TUB",
    "title": "Alpro Lekker Gezond Smeren 500g",
    "category": "Zuivel, eieren, boter",
    "price": 3.15,
    "promoPrice": null,
    "pricePerUnit": "6.3 kg",
    "image": "https://www.jumbo.com/dam-images/fit-in/360x360/Products/14032025_1741917808531_1741917815794_77479_TUB_05410093908292_H1N1.png",
    "available": true,
    "promoUntil": null
  },
  {
    "id": "13805PAK",
    "title": "Campina Grasboter Gezouten Roomboter 250 g",
    "category": "Zuivel, eieren, boter",
    "price": 4.89,
    "promoPrice": null,
    "pricePerUnit": "19.56 kg",
    "image": "https://www.jumbo.com/dam-images/fit-in/360x360/Products/14062025_1749863190844_1749863211495_13805_PAK_08715300234254_H1N1.png",
    "available": true,
    "promoUntil": null
  },
  {
    "id": "516279CUP",
    "title": "Gouda's Glorie Zonne Pond Halvarine met Zonnebloemolie 500 g",
    "category": "Zuivel, eieren, boter",
    "price": 2.15,
    "promoPrice": null,
    "pricePerUnit": "4.3 kg",
    "image": "https://www.jumbo.com/dam-images/fit-in/360x360/Products/15092025_1757932448821_1757932454847_8722100048462_1.png",
    "available": true,
    "promoUntil": null
  },
  {
    "id": "187836PAK",
    "title": "Campina Botergoud Gezouten Roomboter 250 g",
    "category": "Zuivel, eieren, boter",
    "price": 4.79,
    "promoPrice": null,
    "pricePerUnit": "19.16 kg",
    "image": "https://www.jumbo.com/dam-images/fit-in/360x360/Products/28082025_1756345555038_1756345571352_187836_PAK_08712800007722_H1N1.png",
    "available": true,
    "promoUntil": null
  },
  {
    "id": "695146CUP",
    "title": "The Flower Farm Smeren zonder Palmolie Light 375 g",
    "category": "Zuivel, eieren, boter",
    "price": 2.99,
    "promoPrice": null,
    "pricePerUnit": "7.97 kg",
    "image": "https://www.jumbo.com/dam-images/fit-in/360x360/Products/15072025_1752593605085_1752593609260_8710472001178_1.png",
    "available": true,
    "promoUntil": null
  },
  {
    "id": "681122TRA",
    "title": "Jumbo Pangasiusfilet Tuinkruiden en Knoflook Gemarineerd 270 g",
    "category": "Vlees, vis en vega",
    "price": 4.37,
    "promoPrice": null,
    "pricePerUnit": "16.19 kg",
    "image": "https://www.jumbo.com/dam-images/fit-in/360x360/Products/14022025_1739539372887_1739539378874_8718452901043_1.png",
    "available": true,
    "promoUntil": null
  },
  {
    "id": "683032BAK",
    "title": "Jumbo Roerbakgarnalen met Knoflook 350 g",
    "category": "Vlees, vis en vega",
    "price": 7.99,
    "promoPrice": null,
    "pricePerUnit": "22.83 kg",
    "image": "https://www.jumbo.com/dam-images/fit-in/360x360/Products/21012025_1737457921365_1737457926534_8718452697540_1.png",
    "available": true,
    "promoUntil": null
  },
  {
    "id": "706039TRA",
    "title": "Jumbo's Mini falafelpops Pikant 160g",
    "category": "Vlees, vis en vega",
    "price": 1.99,
    "promoPrice": null,
    "pricePerUnit": "12.44 kg",
    "image": "https://www.jumbo.com/dam-images/fit-in/360x360/Products/falafelspicyef67890d-d84e-4c7f-89d4-335cce14cf7d-1758617210233.png",
    "available": true,
    "promoUntil": null
  },
  {
    "id": "715173STK",
    "title": "Jumbo Zalmfilet Zonder Huid Naturel ca. 160 g",
    "category": "Vlees, vis en vega",
    "price": 4.99,
    "promoPrice": null,
    "pricePerUnit": "31.19 kg",
    "image": "",
    "available": true,
    "promoUntil": null
  },
  {
    "id": "706038TRA",
    "title": "Jumbo's Mini falafelpops Naturel 160g",
    "category": "Vlees, vis en vega",
    "price": 1.99,
    "promoPrice": null,
    "pricePerUnit": "12.44 kg",
    "image": "https://www.jumbo.com/dam-images/fit-in/360x360/Products/falafcrunchnat374bf8c0-46da-4757-84d4-03803e751d0f-1758617208471.png",
    "available": true,
    "promoUntil": null
  },
  {
    "id": "702192TRA",
    "title": "Jumbo plantaardige Indische Balletjes 200g",
    "category": "Vlees, vis en vega",
    "price": 2.25,
    "promoPrice": null,
    "pricePerUnit": "11.25 kg",
    "image": "https://www.jumbo.com/dam-images/fit-in/360x360/Products/balletjes0c16f6e1-d9cd-4271-9c6c-34f2908797dd-1758617208448.png",
    "available": true,
    "promoUntil": null
  },
  {
    "id": "373536PAK",
    "title": "Campina Botergoud Ongezouten Roomboter Wikkel 125 g",
    "category": "Zuivel, eieren, boter",
    "price": 2.65,
    "promoPrice": null,
    "pricePerUnit": "21.2 kg",
    "image": "https://www.jumbo.com/dam-images/fit-in/360x360/Products/03072025_1751509195450_1751509204504_373536_PAK_00000087128895_H1N1.png",
    "available": true,
    "promoUntil": null
  },
  {
    "id": "678334STK",
    "title": "Jumbo Tempeh Curry Indiase Stijl 180 g",
    "category": "Vlees, vis en vega",
    "price": 2.79,
    "promoPrice": null,
    "pricePerUnit": "15.5 kg",
    "image": "https://www.jumbo.com/dam-images/fit-in/360x360/Products/24032025_1742830392904_1742830401270_8718452890729_1.png",
    "available": true,
    "promoUntil": null
  },
  {
    "id": "707581STK",
    "title": "Jumbo Carpaccio Zongedroogde Tomaat met Parmezaanse Kaas en Pijnboompitten 121 g",
    "category": "Vleeswaren, kaas en tapas",
    "price": 4.15,
    "promoPrice": null,
    "pricePerUnit": "31.68 kg",
    "image": "https://www.jumbo.com/dam-images/fit-in/360x360/Products/01092025_1756733706338_1756733713756_8718452965229_1.png",
    "available": true,
    "promoUntil": null
  },
  {
    "id": "586651ZK",
    "title": "Jumbo Verse Rookworst Fijn XXL 350 g",
    "category": "Vlees, vis en vega",
    "price": 4.5,
    "promoPrice": null,
    "pricePerUnit": "12.86 kg",
    "image": "https://www.jumbo.com/dam-images/fit-in/360x360/Products/12122024_1734014940876_1734014946113_8718452561285_1.png",
    "available": true,
    "promoUntil": null
  },
  {
    "id": "609409KGR",
    "title": "Jumbo Biologische Kipvleugeltjes ca. 200 g",
    "category": "Vlees, vis en vega",
    "price": 1.46,
    "promoPrice": null,
    "pricePerUnit": "7.29 kg",
    "image": "https://www.jumbo.com/dam-images/fit-in/360x360/Products/13122024_1734085979324_1734085987380_2348561000000_1.png",
    "available": true,
    "promoUntil": null
  },
  {
    "id": "681272TRA",
    "title": "Jumbo Bloemkooltenders Gepaneerd 4 Stuks",
    "category": "Vlees, vis en vega",
    "price": 2.73,
    "promoPrice": null,
    "pricePerUnit": "11.38 kg",
    "image": "https://www.jumbo.com/dam-images/fit-in/360x360/Products/06032025_1741249973250_1741249983404_8718452742592_1.png",
    "available": true,
    "promoUntil": null
  },
  {
    "id": "650064CUP",
    "title": "Jumbo Kipdonut Spicy 150 g",
    "category": "Vleeswaren, kaas en tapas",
    "price": 2.59,
    "promoPrice": null,
    "pricePerUnit": "17.27 kg",
    "image": "https://www.jumbo.com/dam-images/fit-in/360x360/Products/14022025_1739539722472_1739539727838_8718452879823_1.png",
    "available": true,
    "promoUntil": null
  },
  {
    "id": "681346TRA",
    "title": "Jumbo Plantaardig Shoarma Gekruid 175g",
    "category": "Vlees, vis en vega",
    "price": 1.99,
    "promoPrice": null,
    "pricePerUnit": "11.37 kg",
    "image": "https://www.jumbo.com/dam-images/fit-in/360x360/Products/06032025_1741249974277_1741249982380_8718452817504_1.png",
    "available": true,
    "promoUntil": null
  },
  {
    "id": "694181ZK",
    "title": "Jumbo Gekookte Beenhamreepjes 150 g",
    "category": "Vleeswaren, kaas en tapas",
    "price": 2.89,
    "promoPrice": null,
    "pricePerUnit": "19.27 kg",
    "image": "https://www.jumbo.com/dam-images/fit-in/360x360/Products/01072025_1751380371317_1751380378696_8718452895793_1.png",
    "available": true,
    "promoUntil": null
  },
  {
    "id": "586624ZK",
    "title": "Jumbo Verse Rookworst Fijn 2 Stuks 500 g",
    "category": "Vlees, vis en vega",
    "price": 6.0,
    "promoPrice": null,
    "pricePerUnit": "12.0 kg",
    "image": "https://www.jumbo.com/dam-images/fit-in/360x360/Products/24102024_1729787647728_1729787654404_8718452603220_1.png",
    "available": true,
    "promoUntil": null
  },
  {
    "id": "681479BAK",
    "title": "Jumbo Surimi Chunks 125 g",
    "category": "Vlees, vis en vega",
    "price": 2.59,
    "promoPrice": null,
    "pricePerUnit": "12.95 kg",
    "image": "https://www.jumbo.com/dam-images/fit-in/360x360/Products/10082023_1691675595128_1691675607231_8718452540709_1.png",
    "available": true,
    "promoUntil": null
  },
  {
    "id": "683023BAK",
    "title": "Jumbo Biologisch Garnalen 90 g",
    "category": "Vlees, vis en vega",
    "price": 2.79,
    "promoPrice": null,
    "pricePerUnit": "31.0 kg",
    "image": "https://www.jumbo.com/dam-images/fit-in/360x360/Products/09012024_1704821706882_1704821716928_8718452631254_1.png",
    "available": true,
    "promoUntil": null
  },
  {
    "id": "675405STK",
    "title": "Bumi Asian Style Tempeh Bites 175 g",
    "category": "Vlees, vis en vega",
    "price": 3.69,
    "promoPrice": null,
    "pricePerUnit": "21.09 kg",
    "image": "https://www.jumbo.com/dam-images/fit-in/360x360/Products/07072025_1751862784903_1751862794117_5414152005847_1.png",
    "available": true,
    "promoUntil": null
  },
  {
    "id": "710695BAK",
    "title": "Jumbo Borrelhapjes Oosters 500g",
    "category": "Vlees, vis en vega",
    "price": 4.0,
    "promoPrice": null,
    "pricePerUnit": "8.0 kg",
    "image": "",
    "available": true,
    "promoUntil": null
  },
  {
    "id": "687924TRA",
    "title": "Jumbo Varkensvlees Schnitzel Gegaard 220 g",
    "category": "Vlees, vis en vega",
    "price": 2.5,
    "promoPrice": null,
    "pricePerUnit": "11.36 kg",
    "image": "https://www.jumbo.com/dam-images/fit-in/360x360/Products/23062025_1750681987551_1750681994299_8718452915927_1.png",
    "available": true,
    "promoUntil": null
  },
  {
    "id": "645620KGR",
    "title": "Jumbo Schnitzel Gepaneerd Varkensvlees met Zigeunersaus 2 Stuks",
    "category": "Vlees, vis en vega",
    "price": 4.25,
    "promoPrice": null,
    "pricePerUnit": "11.5 kg",
    "image": "https://www.jumbo.com/dam-images/fit-in/360x360/Products/13112024_1731497560011_1731497566650_2369916000000_1.png",
    "available": true,
    "promoUntil": null
  },
  {
    "id": "717752STK",
    "title": "Jumbo Gerookte Zalm 200 g",
    "category": "Vlees, vis en vega",
    "price": 6.49,
    "promoPrice": null,
    "pricePerUnit": "32.45 kg",
    "image": "https://www.jumbo.com/dam-images/fit-in/360x360/Products/11092025_1757588655174_1757588660891_8718452837175_1.png",
    "available": true,
    "promoUntil": null
  },
  {
    "id": "680369BAK",
    "title": "Jumbo Tofu met Rooksmaak 200g",
    "category": "Vlees, vis en vega",
    "price": 1.99,
    "promoPrice": null,
    "pricePerUnit": "9.95 kg",
    "image": "https://www.jumbo.com/dam-images/fit-in/360x360/Products/26062024_1719405183589_1719405189918_8718452694921_1.png",
    "available": true,
    "promoUntil": null
  },
  {
    "id": "672792TRA",
    "title": "Jumbo Sous-Vide Buikspek 400 g",
    "category": "Vlees, vis en vega",
    "price": 6.0,
    "promoPrice": null,
    "pricePerUnit": "15.0 kg",
    "image": "https://www.jumbo.com/dam-images/fit-in/360x360/Products/09092025_1757421322315_1757421343013_8718452902057_1.png",
    "available": true,
    "promoUntil": null
  },
  {
    "id": "88330STK",
    "title": "BlueFish Bakkeljauw 225 g",
    "category": "Vlees, vis en vega",
    "price": 3.99,
    "promoPrice": null,
    "pricePerUnit": "17.73 kg",
    "image": "https://www.jumbo.com/dam-images/fit-in/360x360/Products/09082023_1691586025877_1691586036107_8713887000002_1.png",
    "available": true,
    "promoUntil": null
  },
  {
    "id": "681516TRA",
    "title": "Jumbo Plantaardige Soepballetjes Voorgegaard 175 g",
    "category": "Vlees, vis en vega",
    "price": 1.99,
    "promoPrice": null,
    "pricePerUnit": "11.37 kg",
    "image": "https://www.jumbo.com/dam-images/fit-in/360x360/Products/21032025_1742571169732_1742571178399_8718452913220_1.png",
    "available": true,
    "promoUntil": null
  },
  {
    "id": "675421STK",
    "title": "Heüra Grill Chorizo Plantaardige Spanish Chorizo Sausages 216 g",
    "category": "Vlees, vis en vega",
    "price": 3.99,
    "promoPrice": null,
    "pricePerUnit": "18.47 kg",
    "image": "https://www.jumbo.com/dam-images/fit-in/360x360/Products/21042025_1745193609785_1745193616011_8437017040002_1.png",
    "available": true,
    "promoUntil": null
  },
  {
    "id": "586628ZK",
    "title": "Jumbo Biologische Varkens Rookworst 250 g",
    "category": "Vlees, vis en vega",
    "price": 3.99,
    "promoPrice": null,
    "pricePerUnit": "15.96 kg",
    "image": "https://www.jumbo.com/dam-images/fit-in/360x360/Products/25102024_1729870448774_1729870454193_8718452786053_1.png",
    "available": true,
    "promoUntil": null
  },
  {
    "id": "508458KGR",
    "title": "Jumbo Konijnenbout ca. 500 g",
    "category": "Vlees, vis en vega",
    "price": 14.99,
    "promoPrice": null,
    "pricePerUnit": "29.99 kg",
    "image": "https://www.jumbo.com/dam-images/fit-in/360x360/Products/01112024_1730471707649_1730471715784_2353037000000_1.png",
    "available": true,
    "promoUntil": null
  },
  {
    "id": "683342PAK",
    "title": "Fish Tales Atlantische Gerookte Zalm 100 g",
    "category": "Vlees, vis en vega",
    "price": 5.49,
    "promoPrice": null,
    "pricePerUnit": "54.9 kg",
    "image": "https://www.jumbo.com/dam-images/fit-in/360x360/Products/28032025_1743157977141_1743157985333_8718836906770_1.png",
    "available": true,
    "promoUntil": null
  },
  {
    "id": "710691BAK",
    "title": "Jumbo Jagerburger 250g",
    "category": "Vlees, vis en vega",
    "price": 3.5,
    "promoPrice": null,
    "pricePerUnit": "14.0 kg",
    "image": "https://www.jumbo.com/dam-images/fit-in/360x360/Products/13112024_1731497559049_1731497565780_8718452713486_1.png",
    "available": true,
    "promoUntil": null
  },
  {
    "id": "626822TRA",
    "title": "Jumbo Kiprollade 900 g",
    "category": "Vlees, vis en vega",
    "price": 8.99,
    "promoPrice": null,
    "pricePerUnit": "9.99 kg",
    "image": "https://www.jumbo.com/dam-images/fit-in/360x360/Products/23122024_1734946356735_1734946364031_8718452843466_1.png",
    "available": true,
    "promoUntil": null
  },
  {
    "id": "712284STK",
    "title": "Jumbo Noorse Zalm Houtgerookt 100 g",
    "category": "Vlees, vis en vega",
    "price": 4.59,
    "promoPrice": null,
    "pricePerUnit": "45.9 kg",
    "image": "https://www.jumbo.com/dam-images/fit-in/360x360/Products/09092025_1757421322226_1757421338221_8718452764372_1.png",
    "available": true,
    "promoUntil": null
  },
  {
    "id": "683328BAK",
    "title": "Jumbo Mosselen Gekookt 150 g",
    "category": "Vlees, vis en vega",
    "price": 1.99,
    "promoPrice": null,
    "pricePerUnit": "13.27 kg",
    "image": "https://www.jumbo.com/dam-images/fit-in/360x360/Products/29092023_1695995259227_1695995264243_8718452530014_1.png",
    "available": true,
    "promoUntil": null
  },
  {
    "id": "587758ZK",
    "title": "De Roller Rookworst Grof 280 g",
    "category": "Vlees, vis en vega",
    "price": 3.79,
    "promoPrice": null,
    "pricePerUnit": "13.54 kg",
    "image": "https://www.jumbo.com/dam-images/fit-in/360x360/Products/12122024_1734017682209_1734017688620_8714277329062_1.png",
    "available": true,
    "promoUntil": null
  },
  {
    "id": "515489BAK",
    "title": "Jumbo Verse Kiprookworst 250 g",
    "category": "Vlees, vis en vega",
    "price": 3.5,
    "promoPrice": null,
    "pricePerUnit": "14.0 kg",
    "image": "https://www.jumbo.com/dam-images/fit-in/360x360/Products/04112024_1730741707200_1730741711683_8718452685394_1.png",
    "available": true,
    "promoUntil": null
  },
  {
    "id": "681665TRA",
    "title": "Jumbo Plantaardige Gehaktbal Gekruid 260 g",
    "category": "Vlees, vis en vega",
    "price": 2.99,
    "promoPrice": null,
    "pricePerUnit": "11.5 kg",
    "image": "https://www.jumbo.com/dam-images/fit-in/360x360/Products/20032025_1742488409029_1742488416771_8718452884292_1.png",
    "available": true,
    "promoUntil": null
  },
  {
    "id": "614470BLK",
    "title": "Jumbo Plantaardige Soepballetjes 200 g",
    "category": "Vlees, vis en vega",
    "price": 1.49,
    "promoPrice": null,
    "pricePerUnit": "7.45 kg",
    "image": "https://www.jumbo.com/dam-images/fit-in/360x360/Products/10012025_1736475181859_1736475196406_614470_BLK_08718452835027_C1N1.png",
    "available": true,
    "promoUntil": null
  },
  {
    "id": "457584KGR",
    "title": "Jumbo Eendenborst Filet ca. 100 g",
    "category": "Vlees, vis en vega",
    "price": 5.0,
    "promoPrice": null,
    "pricePerUnit": "49.99 kg",
    "image": "https://www.jumbo.com/dam-images/fit-in/360x360/Products/12122024_1734014582708_1734014589853_2348720000000_1.png",
    "available": true,
    "promoUntil": null
  },
  {
    "id": "714815BAK",
    "title": "Jumbo Hollandse Garnalen Naturel 200 g",
    "category": "Vlees, vis en vega",
    "price": 13.99,
    "promoPrice": null,
    "pricePerUnit": "69.95 kg",
    "image": "https://www.jumbo.com/dam-images/fit-in/360x360/Products/8718452530007T1bak200gf2b74762-87ec-46ee-afff-36604283ce50-1758205757998.png",
    "available": true,
    "promoUntil": null
  },
  {
    "id": "680145TRA",
    "title": "Jumbo BBQ Mini Sparerib Piri Piri 200 g",
    "category": "Vlees, vis en vega",
    "price": 3.5,
    "promoPrice": null,
    "pricePerUnit": "17.5 kg",
    "image": "https://www.jumbo.com/dam-images/fit-in/360x360/Products/30042025_1746001985762_1746001992711_8718452911646_1.png",
    "available": true,
    "promoUntil": null
  },
  {
    "id": "699739ZK",
    "title": "Jumbo Gerookte Heilbot 100 g",
    "category": "Vlees, vis en vega",
    "price": 4.99,
    "promoPrice": null,
    "pricePerUnit": "49.9 kg",
    "image": "https://www.jumbo.com/dam-images/fit-in/360x360/Products/22092025_1758548011746_1758548017689_8718452908349_1.png",
    "available": true,
    "promoUntil": null
  },
  {
    "id": "608453BAK",
    "title": "Jumbo Snackspek 170 g",
    "category": "Vlees, vis en vega",
    "price": 4.19,
    "promoPrice": null,
    "pricePerUnit": "24.65 kg",
    "image": "https://www.jumbo.com/dam-images/fit-in/360x360/Products/21032025_1742571168746_1742571175282_8718452765591_1.png",
    "available": true,
    "promoUntil": null
  },
  {
    "id": "661567STK",
    "title": "Chatar Qualité 250 g",
    "category": "Vleeswaren, kaas en tapas",
    "price": 1.49,
    "promoPrice": null,
    "pricePerUnit": "5.96 kg",
    "image": "https://www.jumbo.com/dam-images/fit-in/360x360/Products/28032025_1743161546096_1743161552266_5411123903201_1.png",
    "available": true,
    "promoUntil": null
  },
  {
    "id": "710521TRA",
    "title": "Garden Gourmet Asian-Style Balls 200 g",
    "category": "Vlees, vis en vega",
    "price": 3.59,
    "promoPrice": null,
    "pricePerUnit": "17.95 kg",
    "image": "https://www.jumbo.com/dam-images/fit-in/360x360/Products/11092025_1757588654774_1757588662203_8445291885462_1.png",
    "available": true,
    "promoUntil": null
  },
  {
    "id": "695490STK",
    "title": "Jumbo Maatjesharing Zonder Staart met Uitjes 2 Stuks",
    "category": "Vlees, vis en vega",
    "price": 2.89,
    "promoPrice": null,
    "pricePerUnit": "19.27 kg",
    "image": "https://www.jumbo.com/dam-images/fit-in/360x360/Products/11092025_1757588676823_1757588681691_8718452910717_1.png",
    "available": true,
    "promoUntil": null
  },
  {
    "id": "608452BAK",
    "title": "Jumbo Varkens Gehaktballetjes Pikant 194 g",
    "category": "Vlees, vis en vega",
    "price": 4.19,
    "promoPrice": null,
    "pricePerUnit": "21.6 kg",
    "image": "https://www.jumbo.com/dam-images/fit-in/360x360/Products/21032025_1742571168645_1742571178246_8718452765577_1.png",
    "available": true,
    "promoUntil": null
  },
  {
    "id": "674775TRA",
    "title": "Beyond Burger Jalapeño Flavour Plantaardige Burgers 2 x 100 g",
    "category": "Vlees, vis en vega",
    "price": 4.69,
    "promoPrice": null,
    "pricePerUnit": "23.45 kg",
    "image": "https://www.jumbo.com/dam-images/fit-in/360x360/Products/01022025_1738380773903_1738380777745_674775_TRA_01230000156431_C1N1.png",
    "available": true,
    "promoUntil": null
  },
  {
    "id": "711926TRA",
    "title": "Falafel Tomaat/Paprika 250gr",
    "category": "Vlees, vis en vega",
    "price": 2.99,
    "promoPrice": null,
    "pricePerUnit": "11.96 kg",
    "image": "https://www.jumbo.com/dam-images/fit-in/360x360/Products/22082025_1755826865433_1755826885897_711926_TRA_08714779000674_C1N1.png",
    "available": true,
    "promoUntil": null
  },
  {
    "id": "658113KGR",
    "title": "Deb's Kökk'n Kipdijrollade ca. 600 g",
    "category": "Vlees, vis en vega",
    "price": 8.99,
    "promoPrice": null,
    "pricePerUnit": "14.98 kg",
    "image": "https://www.jumbo.com/dam-images/fit-in/360x360/Products/04082025_1754314374049_1754314381743_2325528000000_1.png",
    "available": true,
    "promoUntil": null
  },
  {
    "id": "714812BAK",
    "title": "Jumbo Hollandse Garnalen Naturel 50 g",
    "category": "Vlees, vis en vega",
    "price": 3.99,
    "promoPrice": null,
    "pricePerUnit": "79.8 kg",
    "image": "https://www.jumbo.com/dam-images/fit-in/360x360/Products/8718452529995T1refvoor50gAANGEPAST898e57d7-4ec3-47f5-a419-c8c2caf123a4-1758205763555.png",
    "available": true,
    "promoUntil": null
  },
  {
    "id": "681016TRA",
    "title": "Jumbo Vegetarische Rondo Griekse Stijl 2 Stuks",
    "category": "Vlees, vis en vega",
    "price": 2.99,
    "promoPrice": null,
    "pricePerUnit": "16.61 kg",
    "image": "https://www.jumbo.com/dam-images/fit-in/360x360/Products/11102024_1728664515242_1728664523596_8718452859634_1.png",
    "available": true,
    "promoUntil": null
  },
  {
    "id": "675480STK",
    "title": "Heüra Burger 200g",
    "category": "Vlees, vis en vega",
    "price": 3.99,
    "promoPrice": null,
    "pricePerUnit": "19.95 kg",
    "image": "https://www.jumbo.com/dam-images/fit-in/360x360/Products/27012025_1737986769767_1737986785486_675480_STK_08436615850044_C1N1.png",
    "available": true,
    "promoUntil": null
  },
  {
    "id": "680365BAK",
    "title": "Jumbo Tempeh Reepjes Sweet Chili 180 g",
    "category": "Vlees, vis en vega",
    "price": 2.39,
    "promoPrice": null,
    "pricePerUnit": "13.28 kg",
    "image": "https://www.jumbo.com/dam-images/fit-in/360x360/Products/05112024_1730817307800_1730817319648_8718452854271_1.png",
    "available": true,
    "promoUntil": null
  },
  {
    "id": "680374BAK",
    "title": "Jumbo Tofu Reepjes Sweet Chili 180 g",
    "category": "Vlees, vis en vega",
    "price": 2.69,
    "promoPrice": null,
    "pricePerUnit": "14.94 kg",
    "image": "https://www.jumbo.com/dam-images/fit-in/360x360/Products/21012025_1737469986904_1737469994618_8718452854264_1.png",
    "available": true,
    "promoUntil": null
  },
  {
    "id": "681666TRA",
    "title": "Jumbo Plantaardige Crispy Sticks Licht Pittig 150 g",
    "category": "Vlees, vis en vega",
    "price": 2.5,
    "promoPrice": null,
    "pricePerUnit": "16.67 kg",
    "image": "https://www.jumbo.com/dam-images/fit-in/360x360/Products/21032025_1742571169776_1742571178230_8718452884308_1.png",
    "available": true,
    "promoUntil": null
  },
  {
    "id": "636714TRA",
    "title": "Jumbo Slagers Gehaktbal Gepaneerd 420 g",
    "category": "Vlees, vis en vega",
    "price": 5.29,
    "promoPrice": null,
    "pricePerUnit": "12.6 kg",
    "image": "https://www.jumbo.com/dam-images/fit-in/360x360/Products/11112024_1731342777680_1731342783905_8718452858330_1.png",
    "available": true,
    "promoUntil": null
  },
  {
    "id": "687923TRA",
    "title": "Jumbo Varkensvlees Gehaktballen 240 g",
    "category": "Vlees, vis en vega",
    "price": 3.0,
    "promoPrice": null,
    "pricePerUnit": "12.5 kg",
    "image": "https://www.jumbo.com/dam-images/fit-in/360x360/Products/23062025_1750681987438_1750681995762_8718452915934_1.png",
    "available": true,
    "promoUntil": null
  },
  {
    "id": "681100TRA",
    "title": "Jumbo Plantaardig Rondo Mexicaanse Stijl 2 Stuks",
    "category": "Vlees, vis en vega",
    "price": 2.99,
    "promoPrice": null,
    "pricePerUnit": "16.61 kg",
    "image": "https://www.jumbo.com/dam-images/fit-in/360x360/Products/11102024_1728664515283_1728664522099_8718452859658_1.png",
    "available": true,
    "promoUntil": null
  },
  {
    "id": "681019TRA",
    "title": "Jumbo Plantaardig Gyros Gekruid 175g",
    "category": "Vlees, vis en vega",
    "price": 2.39,
    "promoPrice": null,
    "pricePerUnit": "13.66 kg",
    "image": "https://www.jumbo.com/dam-images/fit-in/360x360/Products/26062024_1719405183480_1719405188491_8718452817528_1.png",
    "available": true,
    "promoUntil": null
  },
  {
    "id": "683339KST",
    "title": "Delta Ostrea Zeeuwse Creuse 6 Stuks",
    "category": "Vlees, vis en vega",
    "price": 6.99,
    "promoPrice": null,
    "pricePerUnit": "14.56 kg",
    "image": "https://www.jumbo.com/dam-images/fit-in/360x360/Products/28022025_1740749586952_1740749595297_8712169906032_1.png",
    "available": true,
    "promoUntil": null
  },
  {
    "id": "675073STK",
    "title": "Bumi Indian Style Pulled Seitan 175 g",
    "category": "Vlees, vis en vega",
    "price": 3.69,
    "promoPrice": null,
    "pricePerUnit": "21.09 kg",
    "image": "https://www.jumbo.com/dam-images/fit-in/360x360/Products/30062025_1751257966965_1751257974726_5414152005878_1.png",
    "available": true,
    "promoUntil": null
  },
  {
    "id": "609430KGR",
    "title": "Jumbo Biologische Kipreepjes ca. 250 g",
    "category": "Vlees, vis en vega",
    "price": 5.0,
    "promoPrice": null,
    "pricePerUnit": "19.99 kg",
    "image": "https://www.jumbo.com/dam-images/fit-in/360x360/Products/13122024_1734085979534_1734085990005_2348560000000_1.png",
    "available": true,
    "promoUntil": null
  },
  {
    "id": "674773STK",
    "title": "Beyond Meat Burger Chicken-Style 2 x 90 g",
    "category": "Vlees, vis en vega",
    "price": 3.25,
    "promoPrice": null,
    "pricePerUnit": "18.06 kg",
    "image": "https://www.jumbo.com/dam-images/fit-in/360x360/Products/09082023_1691595389527_1691595392472_1230000147118_1.png",
    "available": true,
    "promoUntil": null
  },
  {
    "id": "586626ZK",
    "title": "Jumbo Verse Runder Rookworst in Varkensdarm 250 g",
    "category": "Vlees, vis en vega",
    "price": 3.79,
    "promoPrice": null,
    "pricePerUnit": "15.16 kg",
    "image": "https://www.jumbo.com/dam-images/fit-in/360x360/Products/12122024_1734014940741_1734014945454_8718452603183_1.png",
    "available": true,
    "promoUntil": null
  },
  {
    "id": "681106TRA",
    "title": "Jumbo Plantaardig Schnitzel Naturel 2 Stuks",
    "category": "Vlees, vis en vega",
    "price": 1.69,
    "promoPrice": null,
    "pricePerUnit": "8.45 kg",
    "image": "https://www.jumbo.com/dam-images/fit-in/360x360/Products/26062024_1719405183475_1719405190453_8718452705566_1.png",
    "available": true,
    "promoUntil": null
  },
  {
    "id": "681107TRA",
    "title": "Jumbo Plantaardige Wokstukjes Mexicaanse Stijl 175 g",
    "category": "Vlees, vis en vega",
    "price": 1.99,
    "promoPrice": null,
    "pricePerUnit": "11.37 kg",
    "image": "https://www.jumbo.com/dam-images/fit-in/360x360/Products/17032025_1742214765309_1742214772018_8718452859382_1.png",
    "available": true,
    "promoUntil": null
  },
  {
    "id": "674777TRA",
    "title": "Beyond Smash Plantaardige Burgers 2 x 76 g",
    "category": "Vlees, vis en vega",
    "price": 3.49,
    "promoPrice": null,
    "pricePerUnit": "22.96 kg",
    "image": "https://www.jumbo.com/dam-images/fit-in/360x360/Products/31012025_1738293771193_1738293780192_674777_TRA_01230000116534_C1N1.png",
    "available": true,
    "promoUntil": null
  },
  {
    "id": "675499STK",
    "title": "Heüra Stukjes Mediterraans Gekruid 160 g",
    "category": "Vlees, vis en vega",
    "price": 3.99,
    "promoPrice": null,
    "pricePerUnit": "24.94 kg",
    "image": "https://www.jumbo.com/dam-images/fit-in/360x360/Products/19062025_1750329226609_1750329233331_8437017039969_1.png",
    "available": true,
    "promoUntil": null
  },
  {
    "id": "699737DS",
    "title": "De Vegetarische Slager Braadwurst 160 g",
    "category": "Vlees, vis en vega",
    "price": 3.99,
    "promoPrice": null,
    "pricePerUnit": "24.94 kg",
    "image": "https://www.jumbo.com/dam-images/fit-in/360x360/Products/11092025_1757588654464_1757588664492_8721317726187_1.png",
    "available": true,
    "promoUntil": null
  },
  {
    "id": "637650TRA",
    "title": "Jumbo Borrelschaal 600 g",
    "category": "Vlees, vis en vega",
    "price": 6.99,
    "promoPrice": null,
    "pricePerUnit": "11.65 kg",
    "image": "https://www.jumbo.com/dam-images/fit-in/360x360/Products/22112024_1732271575846_1732271586008_8718452859283_1.png",
    "available": true,
    "promoUntil": null
  },
  {
    "id": "712283STK",
    "title": "Jumbo Noorse Zalm 100 g",
    "category": "Vlees, vis en vega",
    "price": 4.59,
    "promoPrice": null,
    "pricePerUnit": "45.9 kg",
    "image": "https://www.jumbo.com/dam-images/fit-in/360x360/Products/11092025_1757588655289_1757588660555_8718452671311_1.png",
    "available": true,
    "promoUntil": null
  },
  {
    "id": "681334KGR",
    "title": "Jumbo Kabeljauwhaas Naturel ca. 130 g",
    "category": "Vlees, vis en vega",
    "price": 4.31,
    "promoPrice": null,
    "pricePerUnit": "34.5 kg",
    "image": "https://www.jumbo.com/dam-images/fit-in/360x360/Products/14042025_1744644770698_1744644778298_2369280000000_1.png",
    "available": true,
    "promoUntil": null
  },
  {
    "id": "681337TRA",
    "title": "Jumbo Plantaardig Wokstukjes Mediterraanse Stijl 175 g",
    "category": "Vlees, vis en vega",
    "price": 1.99,
    "promoPrice": null,
    "pricePerUnit": "11.37 kg",
    "image": "https://www.jumbo.com/dam-images/fit-in/360x360/Products/06032025_1741249973621_1741249984453_8718452859375_1.png",
    "available": true,
    "promoUntil": null
  },
  {
    "id": "714405TRA",
    "title": "Jumbo Rundervinken 2 Stuks",
    "category": "Vlees, vis en vega",
    "price": 3.5,
    "promoPrice": null,
    "pricePerUnit": "17.5 kg",
    "image": "https://www.jumbo.com/dam-images/fit-in/360x360/Products/23092025_1758619991379_1758619997685_8718452894215_1.png",
    "available": true,
    "promoUntil": null
  },
  {
    "id": "681124KGR",
    "title": "Jumbo Grill & Gemak Kipstaafjes BBQ Style ca. 230 g",
    "category": "Vlees, vis en vega",
    "price": 3.44,
    "promoPrice": null,
    "pricePerUnit": "14.98 kg",
    "image": "https://www.jumbo.com/dam-images/fit-in/360x360/Products/15042025_1744731177079_1744731183803_2369654000000_1.png",
    "available": true,
    "promoUntil": null
  },
  {
    "id": "485998ZK",
    "title": "John West Tonijn Twist Rode curry MSC 85 g",
    "category": "Vlees, vis en vega",
    "price": 3.22,
    "promoPrice": null,
    "pricePerUnit": "37.88 kg",
    "image": "https://www.jumbo.com/dam-images/fit-in/360x360/Products/10082023_1691676464997_1691676473912_5000171060952_1.png",
    "available": true,
    "promoUntil": null
  },
  {
    "id": "681273TRA",
    "title": "Jumbo Vegetarische Chili-Kaas Schnitzel 2 Stuks",
    "category": "Vlees, vis en vega",
    "price": 2.59,
    "promoPrice": null,
    "pricePerUnit": "12.95 kg",
    "image": "https://www.jumbo.com/dam-images/fit-in/360x360/Products/06032025_1741249973449_1741249982800_8718452747788_1.png",
    "available": true,
    "promoUntil": null
  },
  {
    "id": "587772ZK",
    "title": "De Roller Rookworst Fijn 280 g",
    "category": "Vlees, vis en vega",
    "price": 3.79,
    "promoPrice": null,
    "pricePerUnit": "13.54 kg",
    "image": "https://www.jumbo.com/dam-images/fit-in/360x360/Products/12122024_1734017682275_1734017689201_8714277328065_1.png",
    "available": true,
    "promoUntil": null
  },
  {
    "id": "658112KGR",
    "title": "Deb's Kökk'n Kipfiletrollade ca. 600 g",
    "category": "Vlees, vis en vega",
    "price": 9.59,
    "promoPrice": null,
    "pricePerUnit": "15.98 kg",
    "image": "https://www.jumbo.com/dam-images/fit-in/360x360/Products/04082025_1754314374112_1754314381434_2325527000000_1.png",
    "available": true,
    "promoUntil": null
  },
  {
    "id": "580785KGR",
    "title": "Jumbo Varken Hamschijf ca. 400 g",
    "category": "Vlees, vis en vega",
    "price": 4.95,
    "promoPrice": null,
    "pricePerUnit": "9.9 kg",
    "image": "https://www.jumbo.com/dam-images/fit-in/360x360/Products/04062025_1749061988124_1749061993714_2378715000000_1.png",
    "available": true,
    "promoUntil": null
  },
  {
    "id": "586627ZK",
    "title": "Jumbo Verse Rookworst Grof Varken 250 g",
    "category": "Vlees, vis en vega",
    "price": 3.5,
    "promoPrice": null,
    "pricePerUnit": "14.0 kg",
    "image": "https://www.jumbo.com/dam-images/fit-in/360x360/Products/12122024_1734014940805_1734014945237_8718452603176_1.png",
    "available": true,
    "promoUntil": null
  },
  {
    "id": "681348TRA",
    "title": "Jumbo Vegetarische Carré Italiaanse Stijl 2 Stuks",
    "category": "Vlees, vis en vega",
    "price": 3.09,
    "promoPrice": null,
    "pricePerUnit": "19.31 kg",
    "image": "https://www.jumbo.com/dam-images/fit-in/360x360/Products/06032025_1741249974280_1741249982551_8718452859641_1.png",
    "available": true,
    "promoUntil": null
  },
  {
    "id": "683352PAK",
    "title": "Fish Tales Sockeye Gerookte Wilde Zalm 100 g",
    "category": "Vlees, vis en vega",
    "price": 6.99,
    "promoPrice": null,
    "pricePerUnit": "69.9 kg",
    "image": "https://www.jumbo.com/dam-images/fit-in/360x360/Products/23062025_1750642193415_1750642200187_683352_PAK_08718836901386_A1N1.png",
    "available": true,
    "promoUntil": null
  },
  {
    "id": "709546TRA",
    "title": "Jumbo Zalmfilet met Huid Naturel Voordeelverpakking 500 g",
    "category": "Vlees, vis en vega",
    "price": 9.99,
    "promoPrice": null,
    "pricePerUnit": "19.98 kg",
    "image": "https://www.jumbo.com/dam-images/fit-in/360x360/Products/17092025_1758112418270_1758112421413_8718452962709_1.png",
    "available": true,
    "promoUntil": null
  },
  {
    "id": "675483TRA",
    "title": "Verdino Hot Dog 225 g",
    "category": "Vlees, vis en vega",
    "price": 3.99,
    "promoPrice": null,
    "pricePerUnit": "17.73 kg",
    "image": "https://www.jumbo.com/dam-images/fit-in/360x360/Products/02072025_1751422748886_1751422756847_675483_TRA_05941905300626_C1N1.png",
    "available": true,
    "promoUntil": null
  },
  {
    "id": "696071STK",
    "title": "Planted Skewers Herbs 2 Stuks 200 g",
    "category": "Vlees, vis en vega",
    "price": 5.25,
    "promoPrice": null,
    "pricePerUnit": "26.25 kg",
    "image": "https://www.jumbo.com/dam-images/fit-in/360x360/Products/05062025_1749115989923_1749115997377_7630294503890_1.png",
    "available": true,
    "promoUntil": null
  },
  {
    "id": "627186DS",
    "title": "Smaakt Bio Falafel Mix 16 Stuks 160 g",
    "category": "Vlees, vis en vega",
    "price": 2.96,
    "promoPrice": null,
    "pricePerUnit": "18.5 kg",
    "image": "https://www.jumbo.com/dam-images/fit-in/360x360/Products/19072025_1752883253295_1752883260373_8719153028121_1.png",
    "available": true,
    "promoUntil": null
  },
  {
    "id": "675425TRA",
    "title": "Verdino Plant-Based Kielbasa Sausages 200 g",
    "category": "Vlees, vis en vega",
    "price": 3.99,
    "promoPrice": null,
    "pricePerUnit": "19.95 kg",
    "image": "https://www.jumbo.com/dam-images/fit-in/360x360/Products/21052025_1747789458127_1747789471389_675425_TRA_05941866618273_C1N1.png",
    "available": true,
    "promoUntil": null
  },
  {
    "id": "705485PAK",
    "title": "Kadir's Bapao Rund 120g",
    "category": "Verse maaltijden en gemak",
    "price": 1.59,
    "promoPrice": null,
    "pricePerUnit": "13.25 kg",
    "image": "https://www.jumbo.com/dam-images/fit-in/360x360/Products/05092025_1757034992489_1757034994563_705485_PAK_08719992782673_A1N1.png",
    "available": true,
    "promoUntil": null
  },
  {
    "id": "675974TRA",
    "title": "Vivera Vega Spinazie Kaas filet 2 x 100 g",
    "category": "Vlees, vis en vega",
    "price": 3.62,
    "promoPrice": null,
    "pricePerUnit": "18.1 kg",
    "image": "https://www.jumbo.com/dam-images/fit-in/360x360/Products/14062025_1749866403696_1749866411090_675974_TRA_08718300871450_C1N1.png",
    "available": true,
    "promoUntil": null
  },
  {
    "id": "624103POT",
    "title": "Smaakt Bio Seitan Naturel 350 g",
    "category": "Vlees, vis en vega",
    "price": 5.93,
    "promoPrice": null,
    "pricePerUnit": "16.94 kg",
    "image": "https://www.jumbo.com/dam-images/fit-in/360x360/Products/08092025_1757345673615_1757345680218_8718469776900_1.png",
    "available": true,
    "promoUntil": null
  },
  {
    "id": "709545TRA",
    "title": "Jumbo Zalmforel met Huid 250 g",
    "category": "Vlees, vis en vega",
    "price": 6.99,
    "promoPrice": null,
    "pricePerUnit": "27.96 kg",
    "image": "https://www.jumbo.com/dam-images/fit-in/360x360/Products/17092025_1758112418280_1758112424694_8718452962679_1.png",
    "available": true,
    "promoUntil": null
  },
  {
    "id": "672497PAK",
    "title": "Lochtman Thaise Kip Curry 500 g",
    "category": "Vlees, vis en vega",
    "price": 5.29,
    "promoPrice": null,
    "pricePerUnit": "10.58 kg",
    "image": "https://www.jumbo.com/dam-images/fit-in/360x360/Products/28092023_1695919978887_1695920005072_8717056394374_1.png",
    "available": true,
    "promoUntil": null
  },
  {
    "id": "672467STK",
    "title": "Lotus Natur Bio Samosas India-Style 250 g",
    "category": "Vlees, vis en vega",
    "price": 4.89,
    "promoPrice": null,
    "pricePerUnit": "19.56 kg",
    "image": "https://www.jumbo.com/dam-images/fit-in/360x360/Products/10062025_1749519839341_1749519851287_672467_STK_04026584245107_C1N1.png",
    "available": true,
    "promoUntil": null
  },
  {
    "id": "682847PAK",
    "title": "Kadir's Bapao Kip 120 g",
    "category": "Verse maaltijden en gemak",
    "price": 1.55,
    "promoPrice": null,
    "pricePerUnit": "12.92 kg",
    "image": "https://www.jumbo.com/dam-images/fit-in/360x360/Products/21032025_1742556766277_1742556774909_8719992782369_1.png",
    "available": true,
    "promoUntil": null
  },
  {
    "id": "704867TRA",
    "title": "Vivera Tofusion Japanese Style 180 g",
    "category": "Vlees, vis en vega",
    "price": 3.29,
    "promoPrice": null,
    "pricePerUnit": "18.28 kg",
    "image": "https://www.jumbo.com/dam-images/fit-in/360x360/Products/13062025_1749834613638_1749834620489_704867_TRA_08718300864452_C1N1.png",
    "available": true,
    "promoUntil": null
  },
  {
    "id": "620416TRA",
    "title": "Redefine Pulled Beef Style, 200 g",
    "category": "Vlees, vis en vega",
    "price": 3.99,
    "promoPrice": null,
    "pricePerUnit": "19.95 kg",
    "image": "https://www.jumbo.com/dam-images/fit-in/360x360/Products/08082025_1754678044039_1754678064449_8721022800196_596.png",
    "available": false,
    "promoUntil": null
  },
  {
    "id": "623158TRA",
    "title": "Lezziz Kipborrelhapjes Halal 500 g",
    "category": "Vlees, vis en vega",
    "price": 3.79,
    "promoPrice": null,
    "pricePerUnit": "7.58 kg",
    "image": "https://www.jumbo.com/dam-images/fit-in/360x360/Products/11112024_1731342777260_1731342784179_8714798300069_1.png",
    "available": true,
    "promoUntil": null
  },
  {
    "id": "690366STK",
    "title": "Lotus Natur Bio Burrito Rolletjes 190 g",
    "category": "Vlees, vis en vega",
    "price": 3.99,
    "promoPrice": null,
    "pricePerUnit": "21.0 kg",
    "image": "https://www.jumbo.com/dam-images/fit-in/360x360/Products/11042025_1744333745062_1744333758778_690366_STK_04026584245275_C1N1.png",
    "available": true,
    "promoUntil": null
  },
  {
    "id": "192277STK",
    "title": "Valess Vegetarische Rookworst 2 Stuks 160 g",
    "category": "Vlees, vis en vega",
    "price": 3.99,
    "promoPrice": null,
    "pricePerUnit": "24.94 kg",
    "image": "https://www.jumbo.com/dam-images/fit-in/360x360/Products/26102024_1729907801249_1729907818253_192277_STK_08710912054672_H1N1.png",
    "available": true,
    "promoUntil": null
  },
  {
    "id": "715169STK",
    "title": "Jumbo Zalmfilet met Huid Gemarineerd ca. 240 g",
    "category": "Vlees, vis en vega",
    "price": 6.49,
    "promoPrice": null,
    "pricePerUnit": "27.04 kg",
    "image": "",
    "available": true,
    "promoUntil": null
  },
  {
    "id": "690622TRA",
    "title": "Jumbo's Falafel Mediterraanse Stijl 180 g",
    "category": "Vlees, vis en vega",
    "price": 2.99,
    "promoPrice": null,
    "pricePerUnit": "16.61 kg",
    "image": "https://www.jumbo.com/dam-images/fit-in/360x360/Products/04082025_1754307233025_1754307242469_8718452898015_1.png",
    "available": true,
    "promoUntil": null
  },
  {
    "id": "683324POT",
    "title": "Vici Surimi Garnalen in Olie met Knoflookaroma 320 g",
    "category": "Vlees, vis en vega",
    "price": 2.99,
    "promoPrice": null,
    "pricePerUnit": "14.95 kg",
    "image": "https://www.jumbo.com/dam-images/fit-in/360x360/Products/30042024_1714469647292_1714469656854_4770190162937_1.png",
    "available": true,
    "promoUntil": null
  },
  {
    "id": "670946TRA",
    "title": "Jumbo Zonvarken Speklappen Gemarineerd 315 g",
    "category": "Vlees, vis en vega",
    "price": 4.0,
    "promoPrice": null,
    "pricePerUnit": "12.7 kg",
    "image": "https://www.jumbo.com/dam-images/fit-in/360x360/Products/14022025_1739539723567_1739539739461_8718452891825_1.png",
    "available": true,
    "promoUntil": null
  },
  {
    "id": "623476POT",
    "title": "Smaakt Bio Tempeh 400 g",
    "category": "Vlees, vis en vega",
    "price": 4.19,
    "promoPrice": null,
    "pricePerUnit": "10.48 kg",
    "image": "https://www.jumbo.com/dam-images/fit-in/360x360/Products/12122024_1734017663351_1734017671376_8719153025779_1.png",
    "available": true,
    "promoUntil": null
  },
  {
    "id": "709544STK",
    "title": "Jumbo Zalmforel Gerookt 100 g",
    "category": "Vlees, vis en vega",
    "price": 3.79,
    "promoPrice": null,
    "pricePerUnit": "37.9 kg",
    "image": "https://www.jumbo.com/dam-images/fit-in/360x360/Products/17092025_1758112418222_1758112422502_8718452962662_1.png",
    "available": true,
    "promoUntil": null
  },
  {
    "id": "623854POT",
    "title": "Smaakt Bio Jong Jackfruit 400 g",
    "category": "Vlees, vis en vega",
    "price": 2.29,
    "promoPrice": null,
    "pricePerUnit": "5.73 kg",
    "image": "https://www.jumbo.com/dam-images/fit-in/360x360/Products/08092025_1757345673522_1757345679774_8719153049522_1.png",
    "available": true,
    "promoUntil": null
  },
  {
    "id": "704864TRA",
    "title": "Vivera Tofusion Korean Style 180 g",
    "category": "Vlees, vis en vega",
    "price": 3.29,
    "promoPrice": null,
    "pricePerUnit": "18.28 kg",
    "image": "https://www.jumbo.com/dam-images/fit-in/360x360/Products/12072025_1752286157226_1752286163748_704864_TRA_08718300864445_C1N1.png",
    "available": true,
    "promoUntil": null
  },
  {
    "id": "649262BAK",
    "title": "Qinti Notenburger Veggie 2 Stuks",
    "category": "Vlees, vis en vega",
    "price": 3.49,
    "promoPrice": null,
    "pricePerUnit": "23.27 kg",
    "image": "https://www.jumbo.com/dam-images/fit-in/360x360/Products/13122024_1734089574419_1734089582232_5430001711370_1.png",
    "available": true,
    "promoUntil": null
  },
  {
    "id": "214157BAK",
    "title": "Jumbo Zigeuner-Gehaktschnitzel 5 Stuks",
    "category": "Vlees, vis en vega",
    "price": 3.74,
    "promoPrice": null,
    "pricePerUnit": "7.48 kg",
    "image": "https://www.jumbo.com/dam-images/fit-in/360x360/Products/04072025_1751618004774_1751618009865_8718452343225_1.png",
    "available": true,
    "promoUntil": null
  },
  {
    "id": "675818TRA",
    "title": "Vivera Plantaardige Spicy Drumsticks 4 Stuks 216 g",
    "category": "Vlees, vis en vega",
    "price": 3.49,
    "promoPrice": null,
    "pricePerUnit": "16.16 kg",
    "image": "https://www.jumbo.com/dam-images/fit-in/360x360/Products/14062025_1749865210189_1749865216808_675818_TRA_08718300860690_C1N1.png",
    "available": true,
    "promoUntil": null
  },
  {
    "id": "710779STK",
    "title": "Redefine Meat Plantaardige Steak, met Rundvleessmaak 2x100 g",
    "category": "Vlees, vis en vega",
    "price": 8.99,
    "promoPrice": null,
    "pricePerUnit": "44.95 kg",
    "image": "https://www.jumbo.com/dam-images/fit-in/360x360/Products/25082025_1756125157946_1756125177605_8721022801643_596.png",
    "available": true,
    "promoUntil": null
  },
  {
    "id": "690621TRA",
    "title": "Jumbo's Falafel Pikant 180 g",
    "category": "Vlees, vis en vega",
    "price": 2.99,
    "promoPrice": null,
    "pricePerUnit": "16.61 kg",
    "image": "https://www.jumbo.com/dam-images/fit-in/360x360/Products/04082025_1754307232814_1754307242468_8718452898008_1.png",
    "available": true,
    "promoUntil": null
  },
  {
    "id": "675975TRA",
    "title": "Vivera Plantaardige Kroketburger 150 g",
    "category": "Vlees, vis en vega",
    "price": 3.49,
    "promoPrice": null,
    "pricePerUnit": "23.27 kg",
    "image": "https://www.jumbo.com/dam-images/fit-in/360x360/Products/14062025_1749866349735_1749866355711_675975_TRA_08718300875724_C1N1.png",
    "available": true,
    "promoUntil": null
  },
  {
    "id": "672468STK",
    "title": "Verdino Plantaardige snijworst paprika 300 g",
    "category": "Vlees, vis en vega",
    "price": 3.99,
    "promoPrice": null,
    "pricePerUnit": "13.3 kg",
    "image": "https://www.jumbo.com/dam-images/fit-in/360x360/Products/10062025_1749519856322_1749519862812_672468_STK_05941905300589_C1N1.png",
    "available": true,
    "promoUntil": null
  },
  {
    "id": "695182STK",
    "title": "Planted Filetstukjes Lemon & Herb 160 g",
    "category": "Vlees, vis en vega",
    "price": 4.19,
    "promoPrice": null,
    "pricePerUnit": "26.19 kg",
    "image": "https://www.jumbo.com/dam-images/fit-in/360x360/Products/01072025_1751333072588_1751333090398_695182_STK_07630294500592_C1N1.png",
    "available": true,
    "promoUntil": null
  },
  {
    "id": "715171STK",
    "title": "Jumbo Zalmfilet met Huid Naturel Klein Verpakking 125 g",
    "category": "Vlees, vis en vega",
    "price": 3.29,
    "promoPrice": null,
    "pricePerUnit": "26.32 kg",
    "image": "",
    "available": true,
    "promoUntil": null
  },
  {
    "id": "670947TRA",
    "title": "Jumbo Zonvarken Speklappen 300 g",
    "category": "Vlees, vis en vega",
    "price": 4.0,
    "promoPrice": null,
    "pricePerUnit": "13.33 kg",
    "image": "https://www.jumbo.com/dam-images/fit-in/360x360/Products/14022025_1739539159382_1739539166603_8718452891818_1.png",
    "available": true,
    "promoUntil": null
  },
  {
    "id": "690364STK",
    "title": "Lotus Natur Bio Spinazie Cashew Rolletjes 200 g",
    "category": "Vlees, vis en vega",
    "price": 3.99,
    "promoPrice": null,
    "pricePerUnit": "19.95 kg",
    "image": "https://www.jumbo.com/dam-images/fit-in/360x360/Products/20062025_1750381420301_1750381433202_690364_STK_04026584245244_C1N1.png",
    "available": true,
    "promoUntil": null
  },
  {
    "id": "705507PAK",
    "title": "Kadir's Worsten Broodjes Rund 4 Stuks",
    "category": "Vlees, vis en vega",
    "price": 5.99,
    "promoPrice": null,
    "pricePerUnit": "16.64 kg",
    "image": "https://www.jumbo.com/dam-images/fit-in/360x360/Products/11072025_1752201222419_1752201225007_705507_PAK_08719992782413_A1N1.png",
    "available": true,
    "promoUntil": null
  },
  {
    "id": "693104STK",
    "title": "Redefine Premium Burger, 2 stuks, 240 g",
    "category": "Vlees, vis en vega",
    "price": 3.99,
    "promoPrice": null,
    "pricePerUnit": "16.63 kg",
    "image": "https://www.jumbo.com/dam-images/fit-in/360x360/Products/8721022801155T596849f2a41-93e6-45c9-9eda-9e14323918e6-1754552791715.png",
    "available": true,
    "promoUntil": null
  },
  {
    "id": "672953PAK",
    "title": "Lochtman Limburgs Zuurvlees 500 g",
    "category": "Vlees, vis en vega",
    "price": 4.19,
    "promoPrice": null,
    "pricePerUnit": "8.38 kg",
    "image": "https://www.jumbo.com/dam-images/fit-in/360x360/Products/28092023_1695920228906_1695920262767_8717056390000_1.png",
    "available": true,
    "promoUntil": null
  },
  {
    "id": "704868TRA",
    "title": "Vivera Plantaardige Gyros 175 g",
    "category": "Vlees, vis en vega",
    "price": 3.59,
    "promoPrice": null,
    "pricePerUnit": "20.51 kg",
    "image": "https://www.jumbo.com/dam-images/fit-in/360x360/Products/24072025_1753323115319_1753323121305_704868_TRA_08718300877452_C1N1.png",
    "available": true,
    "promoUntil": null
  },
  {
    "id": "690365STK",
    "title": "Lotus Natur Bio Mini Loempia's Thai-Style 200 g",
    "category": "Vlees, vis en vega",
    "price": 3.59,
    "promoPrice": null,
    "pricePerUnit": "17.95 kg",
    "image": "https://www.jumbo.com/dam-images/fit-in/360x360/Products/20062025_1750381416256_1750381428317_690365_STK_04026584245237_C1N1.png",
    "available": true,
    "promoUntil": null
  },
  {
    "id": "709227KGR",
    "title": "Lezziz Kipdrumsticks 8 Stuks",
    "category": "Vlees, vis en vega",
    "price": 6.5,
    "promoPrice": null,
    "pricePerUnit": "6.19 kg",
    "image": "https://www.jumbo.com/dam-images/fit-in/360x360/Products/03092025_1756906417740_1756906424691_2330685000000_1.png",
    "available": true,
    "promoUntil": null
  },
  {
    "id": "709196TRA",
    "title": "Lezziz Kipdijfiletblokjes 350 g",
    "category": "Vlees, vis en vega",
    "price": 4.0,
    "promoPrice": null,
    "pricePerUnit": "11.43 kg",
    "image": "https://www.jumbo.com/dam-images/fit-in/360x360/Products/03092025_1756906417406_1756906424136_8714798300526_1.png",
    "available": true,
    "promoUntil": null
  },
  {
    "id": "681476TRA",
    "title": "Jumbo's Groentepannenkoekjes Mexicaanse Stijl 240 g",
    "category": "Vlees, vis en vega",
    "price": 2.99,
    "promoPrice": null,
    "pricePerUnit": "12.46 kg",
    "image": "https://www.jumbo.com/dam-images/fit-in/360x360/Products/04082025_1754307232868_1754307241164_8718452888627_1.png",
    "available": true,
    "promoUntil": null
  },
  {
    "id": "695183TRA",
    "title": "La Vie - reepjes gerookt 2 x 75g",
    "category": "Vlees, vis en vega",
    "price": 4.49,
    "promoPrice": null,
    "pricePerUnit": "29.93 kg",
    "image": "https://www.jumbo.com/dam-images/fit-in/360x360/Products/01072025_1751333267501_1751333277201_695183_TRA_03770018078076_C1N1.png",
    "available": true,
    "promoUntil": null
  },
  {
    "id": "705506PAK",
    "title": "Kadir's Frikandelbrood Kip 2 Stuks",
    "category": "Vlees, vis en vega",
    "price": 3.49,
    "promoPrice": null,
    "pricePerUnit": "15.17 kg",
    "image": "https://www.jumbo.com/dam-images/fit-in/360x360/Products/11072025_1752200263445_1752200265987_705506_PAK_08719992782611_A1N1.png",
    "available": true,
    "promoUntil": null
  },
  {
    "id": "675482DS",
    "title": "Quevana Aged Wheel Made from Cashew Original 160 g",
    "category": "Vlees, vis en vega",
    "price": 4.99,
    "promoPrice": null,
    "pricePerUnit": "31.19 kg",
    "image": "https://www.jumbo.com/dam-images/fit-in/360x360/Products/09062025_1749486766105_1749486774733_8436591500162_1.png",
    "available": true,
    "promoUntil": null
  },
  {
    "id": "699735TRA",
    "title": "Jumbo's Champignon Steak 220 g",
    "category": "Vlees, vis en vega",
    "price": 3.29,
    "promoPrice": null,
    "pricePerUnit": "14.95 kg",
    "image": "https://www.jumbo.com/dam-images/fit-in/360x360/Products/04082025_1754307233535_1754307241819_8718452912629_1.png",
    "available": true,
    "promoUntil": null
  },
  {
    "id": "704866TRA",
    "title": "Vivera Plantaardige Balletjes 200 g",
    "category": "Vlees, vis en vega",
    "price": 3.19,
    "promoPrice": null,
    "pricePerUnit": "15.95 kg",
    "image": "https://www.jumbo.com/dam-images/fit-in/360x360/Products/13062025_1749834597684_1749834604602_704866_TRA_08718300883040_C1N1.png",
    "available": true,
    "promoUntil": null
  },
  {
    "id": "704865TRA",
    "title": "Vivera Plantaardige Nuggets 200 g",
    "category": "Vlees, vis en vega",
    "price": 3.19,
    "promoPrice": null,
    "pricePerUnit": "15.95 kg",
    "image": "https://www.jumbo.com/dam-images/fit-in/360x360/Products/13062025_1749834582949_1749834587759_704865_TRA_08718300882166_C1N1.png",
    "available": true,
    "promoUntil": null
  },
  {
    "id": "675927STK",
    "title": "Vivera Plantaardige Shoarma 175 g ",
    "category": "Vlees, vis en vega",
    "price": 3.29,
    "promoPrice": null,
    "pricePerUnit": "18.8 kg",
    "image": "https://www.jumbo.com/dam-images/fit-in/360x360/Products/29072025_1753774431079_1753774440158_8718300877513_1.png",
    "available": true,
    "promoUntil": null
  },
  {
    "id": "715170STK",
    "title": "Jumbo Zalmfilet met Huid Naturel ca. 360 g",
    "category": "Vlees, vis en vega",
    "price": 8.99,
    "promoPrice": null,
    "pricePerUnit": "24.97 kg",
    "image": "https://www.jumbo.com/dam-images/fit-in/360x360/Products/22092025_1758540896714_1758540901615_8718452979424_1.png",
    "available": true,
    "promoUntil": null
  },
  {
    "id": "683325ZK",
    "title": "Vici Premium Surimi Sticks 150 g",
    "category": "Vlees, vis en vega",
    "price": 2.49,
    "promoPrice": null,
    "pricePerUnit": "16.6 kg",
    "image": "https://www.jumbo.com/dam-images/fit-in/360x360/Products/09082023_1691586623339_1691586635569_4770190130721_1.png",
    "available": true,
    "promoUntil": null
  },
  {
    "id": "673008KGR",
    "title": "Polderlam Lamskoteletten ca. 220 g",
    "category": "Vlees, vis en vega",
    "price": 9.68,
    "promoPrice": null,
    "pricePerUnit": "44.0 kg",
    "image": "https://www.jumbo.com/dam-images/fit-in/360x360/Products/09082023_1691591004876_1691591038853_2378639000000_1.png",
    "available": true,
    "promoUntil": null
  },
  {
    "id": "695414STK",
    "title": "Lotus Bio Burger Zoete Aardappel met Boekweit en Pompoenpitten 160 g",
    "category": "Vlees, vis en vega",
    "price": 4.29,
    "promoPrice": null,
    "pricePerUnit": "26.81 kg",
    "image": "https://www.jumbo.com/dam-images/fit-in/360x360/Products/30062025_1751245215862_1751245230905_695414_STK_04026584245565_C1N1.png",
    "available": true,
    "promoUntil": null
  },
  {
    "id": "711925TRA",
    "title": "Maza Falafel 250 g",
    "category": "Vlees, vis en vega",
    "price": 2.76,
    "promoPrice": null,
    "pricePerUnit": "11.04 kg",
    "image": "https://www.jumbo.com/dam-images/fit-in/360x360/Products/01082025_1754012370792_1754012388838_711925_TRA_08714779001053_C1N1.png",
    "available": true,
    "promoUntil": null
  },
  {
    "id": "693102STK",
    "title": "Redefine Gehakt, 250 g",
    "category": "Vlees, vis en vega",
    "price": 3.79,
    "promoPrice": null,
    "pricePerUnit": "15.16 kg",
    "image": "https://www.jumbo.com/dam-images/fit-in/360x360/Products/18072025_1752838406425_1752838429070_8721022801131_596.png",
    "available": true,
    "promoUntil": null
  },
  {
    "id": "649261BAK",
    "title": "Qinti Notenballetjes Veggie 165 g",
    "category": "Vlees, vis en vega",
    "price": 3.99,
    "promoPrice": null,
    "pricePerUnit": "24.18 kg",
    "image": "https://www.jumbo.com/dam-images/fit-in/360x360/Products/13122024_1734096795647_1734096804364_5430001711387_1.png",
    "available": true,
    "promoUntil": null
  },
  {
    "id": "639258ZK",
    "title": "Jumbo Zonvarken Verse Rookworst 250 g",
    "category": "Vlees, vis en vega",
    "price": 3.99,
    "promoPrice": null,
    "pricePerUnit": "15.96 kg",
    "image": "https://www.jumbo.com/dam-images/fit-in/360x360/Products/30102024_1730302385963_1730302391675_8718452871124_1.png",
    "available": true,
    "promoUntil": null
  },
  {
    "id": "681087TRA",
    "title": "Jumbo Groente Balletjes 200g",
    "category": "Vlees, vis en vega",
    "price": 2.49,
    "promoPrice": null,
    "pricePerUnit": "12.45 kg",
    "image": "https://www.jumbo.com/dam-images/fit-in/360x360/Products/26062024_1719405183419_1719405191482_8718452705535_1.png",
    "available": true,
    "promoUntil": null
  },
  {
    "id": "688120TRA",
    "title": "Jumbo Koolvisfilet Zonder Huid Gemarineerd 210 g",
    "category": "Vlees, vis en vega",
    "price": 4.0,
    "promoPrice": null,
    "pricePerUnit": "19.05 kg",
    "image": "https://www.jumbo.com/dam-images/fit-in/360x360/Products/10072025_1752129184177_1752129189998_8718452923199_1.png",
    "available": true,
    "promoUntil": null
  },
  {
    "id": "461224KGR",
    "title": "Jumbo Hacheevlees Rund ca. 650 g",
    "category": "Vlees, vis en vega",
    "price": 12.28,
    "promoPrice": null,
    "pricePerUnit": "18.9 kg",
    "image": "https://www.jumbo.com/dam-images/fit-in/360x360/Products/29092023_1695994884265_1695994892618_2369075000000_1.png",
    "available": true,
    "promoUntil": null
  },
  {
    "id": "636717KGR",
    "title": "Jumbo Soeppakket Rund ca. 460 g",
    "category": "Vlees, vis en vega",
    "price": 7.45,
    "promoPrice": null,
    "pricePerUnit": "16.19 kg",
    "image": "https://www.jumbo.com/dam-images/fit-in/360x360/Products/23122024_1734960857618_1734960865534_2348601000000_1.png",
    "available": true,
    "promoUntil": null
  },
  {
    "id": "688121KGR",
    "title": "Jumbo Doradefilet met Huid ca. 260 g",
    "category": "Vlees, vis en vega",
    "price": 8.97,
    "promoPrice": null,
    "pricePerUnit": "34.49 kg",
    "image": "https://www.jumbo.com/dam-images/fit-in/360x360/Products/26052025_1748244748196_1748244754449_2369308000000_1.png",
    "available": true,
    "promoUntil": null
  },
  {
    "id": "557553KGR",
    "title": "Jumbo Zonvarken Varkens Schnitzel 2 Stuks",
    "category": "Vlees, vis en vega",
    "price": 3.95,
    "promoPrice": null,
    "pricePerUnit": "13.16 kg",
    "image": "https://www.jumbo.com/dam-images/fit-in/360x360/Products/14022024_1707872892086_1707872906882_2336008000000_1.png",
    "available": true,
    "promoUntil": null
  },
  {
    "id": "712651TRA",
    "title": "Jumbo Kip Borrelhapjes 750 g",
    "category": "Vlees, vis en vega",
    "price": 6.0,
    "promoPrice": null,
    "pricePerUnit": "8.0 kg",
    "image": "https://www.jumbo.com/dam-images/fit-in/360x360/Products/24092025_1758717260895_1758717270279_8718452969494_1.png",
    "available": true,
    "promoUntil": null
  },
  {
    "id": "157466BAK",
    "title": "Jumbo Roomboter Gezouten 225g",
    "category": "Zuivel, eieren, boter",
    "price": 2.78,
    "promoPrice": null,
    "pricePerUnit": "12.36 kg",
    "image": "https://www.jumbo.com/dam-images/fit-in/360x360/Products/29092023_1695995171951_1695995181138_8718452429608_1.png",
    "available": true,
    "promoUntil": null
  },
  {
    "id": "576337KP",
    "title": "Bertolli Smeerbaar 250 g",
    "category": "Zuivel, eieren, boter",
    "price": 2.15,
    "promoPrice": null,
    "pricePerUnit": "8.6 kg",
    "image": "https://www.jumbo.com/dam-images/fit-in/360x360/Products/02042025_1743582812400_1743582816002_8719200261792_1.png",
    "available": true,
    "promoUntil": null
  },
  {
    "id": "645599STK",
    "title": "Jumbo Geklaarde Boter Ghee 125 g",
    "category": "Zuivel, eieren, boter",
    "price": 2.49,
    "promoPrice": null,
    "pricePerUnit": "19.92 kg",
    "image": "https://www.jumbo.com/dam-images/fit-in/360x360/Products/8718452843503T10fb32a44-d222-4a6a-8b46-c9117460db2e-1732805463129.png",
    "available": true,
    "promoUntil": null
  },
  {
    "id": "626410PAK",
    "title": "Jumbo Gezouten Roomboter 125 g",
    "category": "Zuivel, eieren, boter",
    "price": 1.99,
    "promoPrice": null,
    "pricePerUnit": "15.92 kg",
    "image": "https://www.jumbo.com/dam-images/fit-in/360x360/Products/14052025_1747247568850_1747247573040_8718452849345_1.png",
    "available": true,
    "promoUntil": null
  },
  {
    "id": "505447KP",
    "title": "Alpro Lekker Gezond Smeren 250g",
    "category": "Zuivel, eieren, boter",
    "price": 1.59,
    "promoPrice": null,
    "pricePerUnit": "6.36 kg",
    "image": "https://www.jumbo.com/dam-images/fit-in/360x360/Products/15032025_1742007754220_1742007759200_505447_KP_05410093904881_H1N1.png",
    "available": true,
    "promoUntil": null
  },
  {
    "id": "646989DS",
    "title": "Jumbo's Lungo Intenso Koffiecups 100 Stuks",
    "category": "Koffie en thee",
    "price": 19.99,
    "promoPrice": null,
    "pricePerUnit": "0.2 pieces",
    "image": "https://www.jumbo.com/dam-images/fit-in/360x360/Products/23102024_1729694106116_1729694109270_8718452850112_1.png",
    "available": false,
    "promoUntil": null
  },
  {
    "id": "666128CUP",
    "title": "Jumbo Plantaardige Margarine kuip 500 g",
    "category": "Zuivel, eieren, boter",
    "price": 1.99,
    "promoPrice": null,
    "pricePerUnit": "3.98 kg",
    "image": "https://www.jumbo.com/dam-images/fit-in/360x360/Products/12122024_1734006796883_1734006810207_8718452862122_596.png",
    "available": true,
    "promoUntil": null
  },
  {
    "id": "668552POT",
    "title": "Jumbo's 100% Pindakaas Naturel 600 g",
    "category": "Ontbijt, broodbeleg en bakproducten",
    "price": 3.89,
    "promoPrice": null,
    "pricePerUnit": "6.48 kg",
    "image": "https://www.jumbo.com/dam-images/fit-in/360x360/Products/13122024_1734107581364_1734107585517_8718452861224_1.png",
    "available": false,
    "promoUntil": null
  },
  {
    "id": "637295DS",
    "title": "Jumbo's Lungo Originale Koffiecups 40 Stuks",
    "category": "Koffie en thee",
    "price": 8.99,
    "promoPrice": null,
    "pricePerUnit": "0.22 pieces",
    "image": "https://www.jumbo.com/dam-images/fit-in/360x360/Products/23102024_1729686786567_1729686789051_8718452840311_1.png",
    "available": false,
    "promoUntil": null
  },
  {
    "id": "607576CUP",
    "title": "Blue Band Heerlijk Romig 215g in papieren kuip",
    "category": "Zuivel, eieren, boter",
    "price": 2.79,
    "promoPrice": null,
    "pricePerUnit": "12.98 kg",
    "image": "https://www.jumbo.com/dam-images/fit-in/360x360/Products/02042025_1743582812554_1743582816827_8719200269484_1.png",
    "available": true,
    "promoUntil": null
  },
  {
    "id": "637292DS",
    "title": "Jumbo's Lungo Impressa Koffiecups 40 Stuks",
    "category": "Koffie en thee",
    "price": 8.99,
    "promoPrice": null,
    "pricePerUnit": "0.22 pieces",
    "image": "https://www.jumbo.com/dam-images/fit-in/360x360/Products/23102024_1729683246079_1729683256625_8718452840328_1.png",
    "available": false,
    "promoUntil": null
  },
  {
    "id": "637296DS",
    "title": "Jumbo's Espresso Superlativo Koffiecups 40 Stuks",
    "category": "Koffie en thee",
    "price": 8.99,
    "promoPrice": null,
    "pricePerUnit": "0.22 pieces",
    "image": "https://www.jumbo.com/dam-images/fit-in/360x360/Products/22092025_1758544413083_1758544418495_8718452905171_1.png",
    "available": false,
    "promoUntil": null
  },
  {
    "id": "306038SC",
    "title": "Jumbo Fuji Appels 4 Stuks",
    "category": "Aardappelen, groente en fruit",
    "price": 2.99,
    "promoPrice": null,
    "pricePerUnit": "0.75 pieces",
    "image": "https://www.jumbo.com/dam-images/fit-in/360x360/Products/09082023_1691586973941_1691586994749_8718452396542_1.png",
    "available": true,
    "promoUntil": null
  },
  {
    "id": "703749ZK",
    "title": "Jumbo Herfstmix Spruit, Pompoen & Rode Ui 400 g",
    "category": "Aardappelen, groente en fruit",
    "price": 2.89,
    "promoPrice": null,
    "pricePerUnit": "7.23 kg",
    "image": "https://www.jumbo.com/dam-images/fit-in/360x360/Products/20082025_1755696814361_1755696822056_8718452934393_1.png",
    "available": true,
    "promoUntil": null
  },
  {
    "id": "703750ZK",
    "title": "Jumbo Mix Pompoen & Zoete Aardappel 400 g",
    "category": "Aardappelen, groente en fruit",
    "price": 2.89,
    "promoPrice": null,
    "pricePerUnit": "7.23 kg",
    "image": "https://www.jumbo.com/dam-images/fit-in/360x360/Products/20082025_1755696814496_1755696821777_8718452934416_1.png",
    "available": true,
    "promoUntil": null
  },
  {
    "id": "680859ZK",
    "title": "Jumbo Tarwe Roggebrood Mehrkorn 500 g",
    "category": "Brood en gebak",
    "price": 1.69,
    "promoPrice": null,
    "pricePerUnit": "3.38 kg",
    "image": "https://www.jumbo.com/dam-images/fit-in/360x360/Products/03092025_1756906417240_1756906423456_8718452916108_1.png",
    "available": true,
    "promoUntil": null
  },
  {
    "id": "642101DS",
    "title": "Jumbo Fruitmix Peer - Cantaloupe - Druif 175 g",
    "category": "Aardappelen, groente en fruit",
    "price": 2.29,
    "promoPrice": null,
    "pricePerUnit": "13.09 kg",
    "image": "https://www.jumbo.com/dam-images/fit-in/360x360/Products/03102024_1727962375056_1727962385356_8718452868612_1.png",
    "available": true,
    "promoUntil": null
  },
  {
    "id": "711983TRA",
    "title": "Jumbo Stamppot Andijvie 1 kg",
    "category": "Verse maaltijden en gemak",
    "price": 3.99,
    "promoPrice": null,
    "pricePerUnit": "3.99 kg",
    "image": "https://www.jumbo.com/dam-images/fit-in/360x360/Products/23092025_1758619991115_1758619998362_8718452952991_1.png",
    "available": true,
    "promoUntil": null
  },
  {
    "id": "709937ZK",
    "title": "Jumbo Melange Pittige Sla 75 g",
    "category": "Aardappelen, groente en fruit",
    "price": 1.99,
    "promoPrice": null,
    "pricePerUnit": "26.53 kg",
    "image": "https://www.jumbo.com/dam-images/fit-in/360x360/Products/15092025_1757943177844_1757943187043_8718452932122_1.png",
    "available": true,
    "promoUntil": null
  },
  {
    "id": "686525ZK",
    "title": "Jumbo Musketlettertjes Melkchocolade 120 g",
    "category": "Koek, snoep, chocolade en chips",
    "price": 3.49,
    "promoPrice": null,
    "pricePerUnit": "29.08 kg",
    "image": "https://www.jumbo.com/dam-images/fit-in/360x360/Products/22082025_1755876791619_1755876796513_8718452922017_1.png",
    "available": true,
    "promoUntil": null
  },
  {
    "id": "596114PAK",
    "title": "Jumbo Verspakket Thaise Kip Siam 4 Personen",
    "category": "Wereldkeukens, kruiden, pasta en rijst",
    "price": 5.89,
    "promoPrice": null,
    "pricePerUnit": "5.56 kg",
    "image": "https://www.jumbo.com/dam-images/fit-in/360x360/Products/03092025_1756888444402_1756888453102_8718452794454_1.png",
    "available": true,
    "promoUntil": null
  },
  {
    "id": "703718ZK",
    "title": "Jumbo Roerbakmix Cavolo Nero & Champignons 400 g",
    "category": "Aardappelen, groente en fruit",
    "price": 3.49,
    "promoPrice": null,
    "pricePerUnit": "8.73 kg",
    "image": "https://www.jumbo.com/dam-images/fit-in/360x360/Products/20082025_1755696814174_1755696823331_8718452934379_1.png",
    "available": true,
    "promoUntil": null
  },
  {
    "id": "684325STK",
    "title": "Jumbo Fondant Figuurtjes 175 g",
    "category": "",
    "price": 2.99,
    "promoPrice": null,
    "pricePerUnit": "17.09 kg",
    "image": "https://www.jumbo.com/dam-images/fit-in/360x360/Products/20082025_1755696814132_1755696819985_8718452926862_1.png",
    "available": true,
    "promoUntil": null
  },
  {
    "id": "711984TRA",
    "title": "Jumbo Stamppot Zuurkool met Rookworst in Jus 500 g",
    "category": "Verse maaltijden en gemak",
    "price": 4.65,
    "promoPrice": null,
    "pricePerUnit": "9.3 kg",
    "image": "https://www.jumbo.com/dam-images/fit-in/360x360/Products/23092025_1758619991159_1758619997354_8718452953097_1.png",
    "available": true,
    "promoUntil": null
  },
  {
    "id": "711986TRA",
    "title": "Jumbo Stamppot Zuurkool 1 kg",
    "category": "Verse maaltijden en gemak",
    "price": 3.99,
    "promoPrice": null,
    "pricePerUnit": "3.99 kg",
    "image": "https://www.jumbo.com/dam-images/fit-in/360x360/Products/23092025_1758619990989_1758619996796_8718452953028_1.png",
    "available": true,
    "promoUntil": null
  },
  {
    "id": "712065TRA",
    "title": "Jumbo Stamppot Spruiten met Rookworst in Jus 500 g",
    "category": "Verse maaltijden en gemak",
    "price": 4.65,
    "promoPrice": null,
    "pricePerUnit": "9.3 kg",
    "image": "https://www.jumbo.com/dam-images/fit-in/360x360/Products/22092025_1758555238830_1758555245470_8718452953141_1.png",
    "available": true,
    "promoUntil": null
  },
  {
    "id": "552105TRA",
    "title": "Jumbo Verse Maaltijd Kip Tandoori met Sperziebonen en Cashewnoten 450 g",
    "category": "Wereldkeukens, kruiden, pasta en rijst",
    "price": 6.29,
    "promoPrice": null,
    "pricePerUnit": "13.98 kg",
    "image": "https://www.jumbo.com/dam-images/fit-in/360x360/Products/07072025_1751916786715_1751916793333_8718452717385_1.png",
    "available": true,
    "promoUntil": null
  },
  {
    "id": "57787STK",
    "title": "Jumbo Honing Pomelo",
    "category": "Aardappelen, groente en fruit",
    "price": 2.99,
    "promoPrice": null,
    "pricePerUnit": "2.99 pieces",
    "image": "https://www.jumbo.com/dam-images/fit-in/360x360/Products/6926588888882T11124040e1-831c-4d5c-9524-e307494c2d01-1704974944975.png",
    "available": true,
    "promoUntil": null
  },
  {
    "id": "686539ZK",
    "title": "Jumbo Musketflikken Melkchocolade 120 g",
    "category": "Koek, snoep, chocolade en chips",
    "price": 3.49,
    "promoPrice": null,
    "pricePerUnit": "29.08 kg",
    "image": "https://www.jumbo.com/dam-images/fit-in/360x360/Products/22082025_1755876791557_1755876797005_8718452916627_1.png",
    "available": true,
    "promoUntil": null
  },
  {
    "id": "709463DS",
    "title": "Jumbo Verspakket Bami Ketjap 2 Personen",
    "category": "Verse maaltijden en gemak",
    "price": 5.49,
    "promoPrice": null,
    "pricePerUnit": "7.96 kg",
    "image": "https://www.jumbo.com/dam-images/fit-in/360x360/Products/09092025_1757421318609_1757421328285_8718452933372_1.png",
    "available": true,
    "promoUntil": null
  },
  {
    "id": "567001DS",
    "title": "Jumbo Verspakket Aardappel Tortilla 4 Personen",
    "category": "Verse maaltijden en gemak",
    "price": 5.49,
    "promoPrice": null,
    "pricePerUnit": "7.42 kg",
    "image": "https://www.jumbo.com/dam-images/fit-in/360x360/Products/02092025_1756816428881_1756816434283_8718452939596_1.png",
    "available": true,
    "promoUntil": null
  },
  {
    "id": "686526ZK",
    "title": "Jumbo Kruidnootrotsjes Melkchocolade 120 g",
    "category": "Koek, snoep, chocolade en chips",
    "price": 2.55,
    "promoPrice": null,
    "pricePerUnit": "21.25 kg",
    "image": "https://www.jumbo.com/dam-images/fit-in/360x360/Products/22082025_1755876791786_1755876796205_8718452916634_1.png",
    "available": true,
    "promoUntil": null
  },
  {
    "id": "688092ZK",
    "title": "Jumbo Uitdeeldoosjes Mini Kruidnoten 10 Stuks",
    "category": "Koek, snoep, chocolade en chips",
    "price": 1.69,
    "promoPrice": null,
    "pricePerUnit": "0.17 pieces",
    "image": "https://www.jumbo.com/dam-images/fit-in/360x360/Products/22092025_1758540896582_1758540904136_8718452910519_1.png",
    "available": true,
    "promoUntil": null
  },
  {
    "id": "711886PAK",
    "title": "Jumbo Pannenkoeken Voordeelverpakking 14 Stuks",
    "category": "Verse maaltijden en gemak",
    "price": 3.99,
    "promoPrice": null,
    "pricePerUnit": "0.29 pieces",
    "image": "https://www.jumbo.com/dam-images/fit-in/360x360/Products/8718452933655T1Overlay87f6bbc0-c63e-4c71-a035-c50f9d503e0f-1758538379083.png",
    "available": true,
    "promoUntil": null
  },
  {
    "id": "686527ZK",
    "title": "Jumbo Kruidnootrotsjes Witte Chocolade 120 g",
    "category": "Koek, snoep, chocolade en chips",
    "price": 2.55,
    "promoPrice": null,
    "pricePerUnit": "21.25 kg",
    "image": "https://www.jumbo.com/dam-images/fit-in/360x360/Products/25082025_1756132372791_1756132377487_8718452916641_1.png",
    "available": true,
    "promoUntil": null
  },
  {
    "id": "155620PAK",
    "title": "Zentis Marzipan Brot mit Hochfeiner Schokolade 100 g",
    "category": "Koek, snoep, chocolade en chips",
    "price": 2.89,
    "promoPrice": null,
    "pricePerUnit": "14.45 kg",
    "image": "https://www.jumbo.com/dam-images/fit-in/360x360/Products/29092023_1695994871382_1695994874923_4002575016918_1.png",
    "available": true,
    "promoUntil": null
  },
  {
    "id": "717263PAK",
    "title": "Paperclip Cards Wenskaarten Sterkte 3 Stuks",
    "category": "",
    "price": 8.85,
    "promoPrice": null,
    "pricePerUnit": "2.95 pieces",
    "image": "",
    "available": false,
    "promoUntil": null
  },
  {
    "id": "706003STK",
    "title": "Jumbo's Vers fruit tartelettes 4 Stuks",
    "category": "Brood en gebak",
    "price": 6.99,
    "promoPrice": null,
    "pricePerUnit": "6.99 pieces",
    "image": "https://www.jumbo.com/dam-images/fit-in/360x360/Products/Versfruittartelette4st871845294842088d06e6a-9b48-43ca-81b9-a5f1ecdbfdf4-1755777978925.png",
    "available": true,
    "promoUntil": null
  },
  {
    "id": "703465BAK",
    "title": "Jumbo's Vriesvers Maaltijden Kimchi Rijst 450g",
    "category": "Diepvries",
    "price": 5.99,
    "promoPrice": null,
    "pricePerUnit": "13.31 kg",
    "image": "https://www.jumbo.com/dam-images/fit-in/360x360/Products/08718452926664T5961159389614f26942c-cd49-411f-806d-dfdaf00b7a6c-1758531030707.png",
    "available": true,
    "promoUntil": null
  },
  {
    "id": "646759PAK",
    "title": "Milka LEO Crispy Choco (5x31g) 155g",
    "category": "Koek, snoep, chocolade en chips",
    "price": 3.09,
    "promoPrice": null,
    "pricePerUnit": "19.94 kg",
    "image": "https://www.jumbo.com/dam-images/fit-in/360x360/Products/03062025_1748975588981_1748975594687_7622202239274_596.png",
    "available": true,
    "promoUntil": null
  },
  {
    "id": "646790PAK",
    "title": "Milka LEO Crispy Hazelnoot (5x31g) 155g",
    "category": "Koek, snoep, chocolade en chips",
    "price": 3.09,
    "promoPrice": null,
    "pricePerUnit": "19.94 kg",
    "image": "https://www.jumbo.com/dam-images/fit-in/360x360/Products/03062025_1748975588899_1748975595766_7622202243417_596.png",
    "available": true,
    "promoUntil": null
  },
  {
    "id": "703560BAK",
    "title": "Jumbo's Vriesvers Maaltijden Biryani Curry Vega 450g",
    "category": "Diepvries",
    "price": 5.99,
    "promoPrice": null,
    "pricePerUnit": "13.31 kg",
    "image": "https://www.jumbo.com/dam-images/fit-in/360x360/Products/08718452926701T596115938954bab2fe1c-540f-4779-ac98-d69bd2c05241-1758531036922.png",
    "available": true,
    "promoUntil": null
  },
  {
    "id": "706004STK",
    "title": "Jumbo's Dino slofjes 4 Stuks",
    "category": "Brood en gebak",
    "price": 5.99,
    "promoPrice": null,
    "pricePerUnit": "5.99 pieces",
    "image": "https://www.jumbo.com/dam-images/fit-in/360x360/Products/Dinoslofjes4st87184529483837caee707-c0df-4642-80f2-f994d76964fe-1755777978906.png",
    "available": true,
    "promoUntil": null
  },
  {
    "id": "703463BAK",
    "title": "Jumbo's Vriesvers Maaltijden Penne alla Norma Vegetarisch 450g",
    "category": "Diepvries",
    "price": 5.99,
    "promoPrice": null,
    "pricePerUnit": "13.31 kg",
    "image": "https://www.jumbo.com/dam-images/fit-in/360x360/Products/08718452926619T596116001319c6d1027c-6620-48df-bcbe-3083f9b50d80-1758531030638.png",
    "available": true,
    "promoUntil": null
  },
  {
    "id": "672549DS",
    "title": "Playmobil Politieman en Inbreker",
    "category": "Non-food en servicebalie",
    "price": 6.99,
    "promoPrice": null,
    "pricePerUnit": "6.99 pieces",
    "image": "https://www.jumbo.com/dam-images/fit-in/360x360/Products/71804BOXli5927b67c-18ac-4f26-97e1-669d5dca3e30-1754307454693.png",
    "available": true,
    "promoUntil": null
  },
  {
    "id": "686311FLS",
    "title": "Tiempo & Tierra - Gran Momento Graciano - 750ML",
    "category": "Bier en wijn",
    "price": 5.99,
    "promoPrice": null,
    "pricePerUnit": "7.99 l",
    "image": "https://www.jumbo.com/dam-images/fit-in/360x360/Products/20062025_1750415585846_1750415589023_8411971008612_1.png",
    "available": true,
    "promoUntil": null
  },
  {
    "id": "706001STK",
    "title": "Jumbo's Millionaire slofjes 4 Stuks",
    "category": "Brood en gebak",
    "price": 6.99,
    "promoPrice": null,
    "pricePerUnit": "6.99 pieces",
    "image": "https://www.jumbo.com/dam-images/fit-in/360x360/Products/Millionaireslofjes4st871845294840612724554-c4ea-4283-92df-11425f214964-1755777978974.png",
    "available": true,
    "promoUntil": null
  },
  {
    "id": "672546DS",
    "title": "Playmobil Banketbakker",
    "category": "Non-food en servicebalie",
    "price": 5.49,
    "promoPrice": null,
    "pricePerUnit": "5.49 pieces",
    "image": "https://www.jumbo.com/dam-images/fit-in/360x360/Products/71479Boxlid1153893-185b-4f3f-8ccf-7941819f6d44-1754307453924.png",
    "available": true,
    "promoUntil": null
  },
  {
    "id": "641781STK",
    "title": "Melkchocolade Sint 30 g",
    "category": "Koek, snoep, chocolade en chips",
    "price": 1.39,
    "promoPrice": null,
    "pricePerUnit": "46.33 kg",
    "image": "https://www.jumbo.com/dam-images/fit-in/360x360/Products/05032025_1741203226229_1741203230053_8718452744619_1.png",
    "available": true,
    "promoUntil": null
  },
  {
    "id": "589407FLS",
    "title": "Klein Geluk - Chardonnay - Viognier - 750 ml",
    "category": "Bier en wijn",
    "price": 5.99,
    "promoPrice": null,
    "pricePerUnit": "7.99 l",
    "image": "https://www.jumbo.com/dam-images/fit-in/360x360/Products/02022024_1706870103875_1706870106500_8719326703336_1.png",
    "available": true,
    "promoUntil": null
  },
  {
    "id": "706002STK",
    "title": "Jumbo's Frambozen slofjes 4 Stuks",
    "category": "Brood en gebak",
    "price": 5.99,
    "promoPrice": null,
    "pricePerUnit": "5.99 pieces",
    "image": "https://www.jumbo.com/dam-images/fit-in/360x360/Products/Frambozenslofjes4st8718452948413ae9a197a-722a-4bfe-9455-bceb97db5235-1755777978449.png",
    "available": true,
    "promoUntil": null
  },
  {
    "id": "703548BAK",
    "title": "Jumbo's Vriesvers Maaltijden Picallily Stamppot 450g",
    "category": "Diepvries",
    "price": 5.99,
    "promoPrice": null,
    "pricePerUnit": "13.31 kg",
    "image": "https://www.jumbo.com/dam-images/fit-in/360x360/Products/08718452926688T596115938950f91a3c4a-8c9f-407a-a05b-05a7f7b8d4af-1758531035780.png",
    "available": true,
    "promoUntil": null
  },
  {
    "id": "703445BAK",
    "title": "Jumbo's Vriesvers Maaltijden Udon Noodles 450g",
    "category": "Diepvries",
    "price": 5.99,
    "promoPrice": null,
    "pricePerUnit": "13.31 kg",
    "image": "https://www.jumbo.com/dam-images/fit-in/360x360/Products/08718452926633T59611597183561822753-a32e-411c-8008-89bcadb50dd0-1758531033297.png",
    "available": true,
    "promoUntil": null
  },
  {
    "id": "706289STK",
    "title": "Jumbo's Creamcheese tartelette 4 stuks",
    "category": "Brood en gebak",
    "price": 5.99,
    "promoPrice": null,
    "pricePerUnit": "5.99 pieces",
    "image": "https://www.jumbo.com/dam-images/fit-in/360x360/Products/Creamcheesetartelette4st8718452948468a374a7b0-30b6-4542-a716-f27aa8b7f407-1755777978417.png",
    "available": true,
    "promoUntil": null
  },
  {
    "id": "679756TRA",
    "title": "Jumbo's Eiwitrijke Pasta Kip Tomatensaus 475 g",
    "category": "Verse maaltijden en gemak",
    "price": 6.49,
    "promoPrice": null,
    "pricePerUnit": "13.66 kg",
    "image": "https://www.jumbo.com/dam-images/fit-in/360x360/Products/05032025_1741192386080_1741192394004_8718452905706_1.png",
    "available": true,
    "promoUntil": null
  },
  {
    "id": "672570DS",
    "title": "Playmobil Zeemeermin en Triton",
    "category": "Non-food en servicebalie",
    "price": 6.99,
    "promoPrice": null,
    "pricePerUnit": "6.99 pieces",
    "image": "https://www.jumbo.com/dam-images/fit-in/360x360/Products/71799BOXliba5abc93-3a19-4486-838d-a1701d3847c2-1754307454691.png",
    "available": true,
    "promoUntil": null
  },
  {
    "id": "712943BLS",
    "title": "Jumbo Pancakes Banaan 4+2 Stuks",
    "category": "Verse maaltijden en gemak",
    "price": 2.35,
    "promoPrice": null,
    "pricePerUnit": "9.79 kg",
    "image": "https://www.jumbo.com/dam-images/fit-in/360x360/Products/8718452933631T1Overlay59084e5f-809f-4a9f-98f9-497357e967d1-1758538379554.png",
    "available": true,
    "promoUntil": null
  },
  {
    "id": "708815ZK",
    "title": "Jumbo Choco Crunch Wit 175 g ",
    "category": "Koek, snoep, chocolade en chips",
    "price": 2.39,
    "promoPrice": null,
    "pricePerUnit": "13.66 kg",
    "image": "https://www.jumbo.com/dam-images/fit-in/360x360/Products/24072025_1753360360914_1753360373214_8718452910632_596.png",
    "available": true,
    "promoUntil": null
  },
  {
    "id": "685478DS",
    "title": "Jumbo Gevulde Chocoladeletter Melk Karamel Crunch S 150 g",
    "category": "",
    "price": 2.99,
    "promoPrice": null,
    "pricePerUnit": "19.93 kg",
    "image": "https://www.jumbo.com/dam-images/fit-in/360x360/Products/17062025_1750178008967_1750178023231_8718452915781_596.png",
    "available": true,
    "promoUntil": null
  },
  {
    "id": "685476DS",
    "title": "Jumbo Gevulde Chocoladeletter Wit Koffie S 150 g",
    "category": "",
    "price": 2.99,
    "promoPrice": null,
    "pricePerUnit": "19.93 kg",
    "image": "https://www.jumbo.com/dam-images/fit-in/360x360/Products/17062025_1750178008898_1750178021435_8718452910496_596.png",
    "available": true,
    "promoUntil": null
  },
  {
    "id": "690491DS",
    "title": "Hands Off Caramel Seasalt Hazelnut Praline 120 g",
    "category": "",
    "price": 4.99,
    "promoPrice": null,
    "pricePerUnit": "41.58 kg",
    "image": "https://www.jumbo.com/dam-images/fit-in/360x360/Products/22092025_1758544413061_1758544418433_8718754740470_1.png",
    "available": true,
    "promoUntil": null
  },
  {
    "id": "685482DS",
    "title": "Jumbo Chocoladeletter Melk Pumpkin Spice Smaak S 135 g",
    "category": "",
    "price": 2.89,
    "promoPrice": null,
    "pricePerUnit": "21.41 kg",
    "image": "https://www.jumbo.com/dam-images/fit-in/360x360/Products/17062025_1750178009288_1750178021915_8718452915354_596.png",
    "available": true,
    "promoUntil": null
  },
  {
    "id": "685483DS",
    "title": "Jumbo Chocoladeletter Wit Pistache S 135 g",
    "category": "",
    "price": 2.89,
    "promoPrice": null,
    "pricePerUnit": "21.41 kg",
    "image": "https://www.jumbo.com/dam-images/fit-in/360x360/Products/17062025_1750178009381_1750178023281_8718452915347_596.png",
    "available": true,
    "promoUntil": null
  },
  {
    "id": "685480DS",
    "title": "Jumbo Gevulde Chocoladeletter Melk Crème Brûlée Smaak S 150 g",
    "category": "",
    "price": 2.99,
    "promoPrice": null,
    "pricePerUnit": "19.93 kg",
    "image": "https://www.jumbo.com/dam-images/fit-in/360x360/Products/17062025_1750178009252_1750178022299_8718452915736_596.png",
    "available": true,
    "promoUntil": null
  },
  {
    "id": "337899ZK",
    "title": "Libresse Normal Deo Fresh Inlegkruisjes 32 Stuks",
    "category": "Drogisterij en baby",
    "price": 2.89,
    "promoPrice": null,
    "pricePerUnit": "0.09 pieces",
    "image": "https://www.jumbo.com/dam-images/fit-in/360x360/Products/20082024_1724119427253_1724119428251_337899_ZK_.png",
    "available": true,
    "promoUntil": null
  },
  {
    "id": "694121BLK",
    "title": "Lavish Green Apple Absinthe Flavor 250ML",
    "category": "Bier en wijn",
    "price": 3.95,
    "promoPrice": null,
    "pricePerUnit": "15.8 l",
    "image": "https://www.jumbo.com/dam-images/fit-in/360x360/Products/09092025_1757383269699_1757383275446_694121_BLK_08719327263587_C1N1.png",
    "available": true,
    "promoUntil": null
  },
  {
    "id": "850311STK",
    "title": "Statiegeld",
    "category": "",
    "price": 9.5,
    "promoPrice": null,
    "pricePerUnit": "9.5 pieces",
    "image": "",
    "available": true,
    "promoUntil": null
  },
  {
    "id": "711431DS",
    "title": "Witte Reus toiletblok Kracht Actief Oceaan 2 x 50g",
    "category": "Huishouden en dieren",
    "price": 6.99,
    "promoPrice": null,
    "pricePerUnit": "3.5 wb",
    "image": "https://www.jumbo.com/dam-images/fit-in/360x360/Products/25072025_1753443360627_1753443367186_711431_DS_05410091778866_C1N1.png",
    "available": false,
    "promoUntil": null
  },
  {
    "id": "498871DS",
    "title": "Raffaello 8 Stuks 80 g",
    "category": "Koek, snoep, chocolade en chips",
    "price": 2.96,
    "promoPrice": null,
    "pricePerUnit": "37.0 kg",
    "image": "https://www.jumbo.com/dam-images/fit-in/360x360/Products/13102023_1697160964074_1697160976640_498871_DS_.png",
    "available": true,
    "promoUntil": null
  },
  {
    "id": "282863STK",
    "title": "Libresse Ultra Thin Goodnight Extra Wing Maandverband 9 Stuks",
    "category": "Drogisterij en baby",
    "price": 2.89,
    "promoPrice": null,
    "pricePerUnit": "0.32 pieces",
    "image": "https://www.jumbo.com/dam-images/fit-in/360x360/Products/09082023_1691586973629_1691586982082_7322540918267_1.png",
    "available": true,
    "promoUntil": null
  },
  {
    "id": "707528PAK",
    "title": "Verkade Specials Crunchy Koek Pinda Melkchocolade 90 g",
    "category": "Koek, snoep, chocolade en chips",
    "price": 2.69,
    "promoPrice": null,
    "pricePerUnit": "29.89 kg",
    "image": "https://www.jumbo.com/dam-images/fit-in/360x360/Products/31072025_1753927113045_1753927118973_707528_PAK_08710412046429_H1N1.png",
    "available": true,
    "promoUntil": null
  },
  {
    "id": "548497ZK",
    "title": "Libresse V-Protection Maandverband Ultra Regular Flow Big Pack 30 Stuks",
    "category": "Drogisterij en baby",
    "price": 4.89,
    "promoPrice": null,
    "pricePerUnit": "0.16 pieces",
    "image": "https://www.jumbo.com/dam-images/fit-in/360x360/Products/24112023_1700797024554_1700797028406_548497_ZK_.png",
    "available": true,
    "promoUntil": null
  },
  {
    "id": "608091TRA",
    "title": "Kroket Stoofvlees 5 Stuks 500 g",
    "category": "Diepvries",
    "price": 3.0,
    "promoPrice": null,
    "pricePerUnit": "6.0 kg",
    "image": "https://www.jumbo.com/dam-images/fit-in/360x360/Products/26032024_1711463711891_1711463718421_8716893024963_1.png",
    "available": true,
    "promoUntil": null
  },
  {
    "id": "540379DSL",
    "title": "Whiskas 7+ Natvoer - Vis - Selectie in gelei - maaltijdzakjes 4 x 12 x 85 g",
    "category": "Huishouden en dieren",
    "price": 23.64,
    "promoPrice": null,
    "pricePerUnit": "0.49 pieces",
    "image": "https://www.jumbo.com/dam-images/fit-in/360x360/Products/540379DSL-1692280136548.png",
    "available": true,
    "promoUntil": null
  },
  {
    "id": "711432DS",
    "title": "Witte Reus Toiletblok Blauw Actief Hygiene 2x 50g",
    "category": "Huishouden en dieren",
    "price": 7.99,
    "promoPrice": null,
    "pricePerUnit": "4.0 wb",
    "image": "https://www.jumbo.com/dam-images/fit-in/360x360/Products/25072025_1753443388788_1753443396007_711432_DS_05410091779153_C1N1.png",
    "available": false,
    "promoUntil": null
  },
  {
    "id": "81398PAK",
    "title": "Libresse Ultra Thin Goodnight Wings Maandverband 10 Stuks",
    "category": "Drogisterij en baby",
    "price": 2.89,
    "promoPrice": null,
    "pricePerUnit": "0.29 pieces",
    "image": "https://www.jumbo.com/dam-images/fit-in/360x360/Products/09082023_1691586880959_1691586886177_7310791180663_1.png",
    "available": true,
    "promoUntil": null
  },
  {
    "id": "673758ZK",
    "title": "Jumbo Borrelzoutjes Chili Mix Wasabi Stijl 190 g",
    "category": "Koek, snoep, chocolade en chips",
    "price": 2.69,
    "promoPrice": null,
    "pricePerUnit": "14.16 kg",
    "image": "https://www.jumbo.com/dam-images/fit-in/360x360/Products/22032025_1742611133495_1742611153273_673758_ZK_08718452879526_C1N1.png",
    "available": true,
    "promoUntil": null
  },
  {
    "id": "380898STK",
    "title": "Toast met Vega Smeerworst",
    "category": "Vleeswaren, kaas en tapas",
    "price": 3.47,
    "promoPrice": null,
    "pricePerUnit": "3.47 pieces",
    "image": "https://www.jumbo.com/dam-images/fit-in/360x360/Products/380898_20215941_1_T1_380898STK1691072913247.png",
    "available": true,
    "promoUntil": null
  },
  {
    "id": "857629STK",
    "title": "Statiegeld",
    "category": "",
    "price": 1.5,
    "promoPrice": null,
    "pricePerUnit": "1.5 pieces",
    "image": "",
    "available": true,
    "promoUntil": null
  },
  {
    "id": "283130STK",
    "title": "Libresse Black Daily Liners Normal 30 Stuks",
    "category": "Drogisterij en baby",
    "price": 2.89,
    "promoPrice": null,
    "pricePerUnit": "0.1 pieces",
    "image": "https://www.jumbo.com/dam-images/fit-in/360x360/Products/09082023_1691587014277_1691587018563_7322540919516_1.png",
    "available": true,
    "promoUntil": null
  },
  {
    "id": "850232STK",
    "title": "VOL 89 EMB. WAARDE 1,10",
    "category": "",
    "price": 1.1,
    "promoPrice": null,
    "pricePerUnit": "1.1 pieces",
    "image": "",
    "available": true,
    "promoUntil": null
  },
  {
    "id": "850222STK",
    "title": "VOL90 EMB WAARDE 1,00",
    "category": "",
    "price": 1.0,
    "promoPrice": null,
    "pricePerUnit": "1.0 pieces",
    "image": "",
    "available": true,
    "promoUntil": null
  },
  {
    "id": "850224STK",
    "title": "VOL92 EMB WAARDE 0,60",
    "category": "",
    "price": 0.6,
    "promoPrice": null,
    "pricePerUnit": "0.6 pieces",
    "image": "",
    "available": true,
    "promoUntil": null
  },
  {
    "id": "626914DS",
    "title": "Honig Basis voor Gehaktschotel met Satésaus en Sperziebonen 57 g",
    "category": "Wereldkeukens, kruiden, pasta en rijst",
    "price": 1.99,
    "promoPrice": null,
    "pricePerUnit": "34.91 kg",
    "image": "https://www.jumbo.com/dam-images/fit-in/360x360/Products/29042025_1745893457742_1745893468877_626914_DS_08715700126272_H1N1.png",
    "available": true,
    "promoUntil": null
  },
  {
    "id": "578750DS",
    "title": "Tic Tac Munt 49 g",
    "category": "Koek, snoep, chocolade en chips",
    "price": 2.79,
    "promoPrice": null,
    "pricePerUnit": "56.94 kg",
    "image": "https://www.jumbo.com/dam-images/fit-in/360x360/Products/14022024_1707872746312_1707872752001_5413548001180_1.png",
    "available": true,
    "promoUntil": null
  },
  {
    "id": "701659TUB",
    "title": "Durex Naturel Glijmiddel, 100ml",
    "category": "Drogisterij en baby",
    "price": 12.49,
    "promoPrice": null,
    "pricePerUnit": "124.9 l",
    "image": "https://www.jumbo.com/dam-images/fit-in/360x360/Products/11062025_1749600069182_1749600074358_3059948001430_1.png",
    "available": true,
    "promoUntil": null
  },
  {
    "id": "668935DS",
    "title": "Amstel Bier Rosé 4.0 Blikken 4 x 330 ml",
    "category": "Bier en wijn",
    "price": 6.99,
    "promoPrice": null,
    "pricePerUnit": "5.3 l",
    "image": "https://www.jumbo.com/dam-images/fit-in/360x360/Products/efdf3c07a1fd4a4d8d385a4ff5dc3f5ef165a589-6957-4bd3-9d1c-805dfb7c07f6-1741004050675.png",
    "available": true,
    "promoUntil": null
  },
  {
    "id": "208369FLS",
    "title": "Buontalenti - Chianti Superiore - Biologisch - 750ML",
    "category": "Bier en wijn",
    "price": 9.99,
    "promoPrice": null,
    "pricePerUnit": "13.32 l",
    "image": "https://www.jumbo.com/dam-images/fit-in/360x360/Products/09082023_1691594576860_1691594578089_8032937130385_1.png",
    "available": true,
    "promoUntil": null
  },
  {
    "id": "695045PAK",
    "title": "Verkade Wafelreep Melk/Hazelnoot 212 g",
    "category": "Koek, snoep, chocolade en chips",
    "price": 3.95,
    "promoPrice": null,
    "pricePerUnit": "18.63 kg",
    "image": "https://www.jumbo.com/dam-images/fit-in/360x360/Products/10052025_1746842102623_1746842107853_695045_PAK_08710412044876_H1N1.png",
    "available": true,
    "promoUntil": null
  },
  {
    "id": "575445DSL",
    "title": "Andrelon Conditioner Iedere Dag 6 x 250ml",
    "category": "Drogisterij en baby",
    "price": 25.5,
    "promoPrice": 17.85,
    "pricePerUnit": "17.0 l",
    "image": "https://www.jumbo.com/dam-images/fit-in/360x360/Products/575445DSL1a26595f3-af8c-4242-a203-f392608a154c-1718003599951.png",
    "available": false,
    "promoUntil": "di 7 okt"
  },
  {
    "id": "616696DSL",
    "title": "Dove Advanced Care Verzorgende Douchegel Deeply Nourishing 225 ml 6 stuks",
    "category": "Drogisterij en baby",
    "price": 35.7,
    "promoPrice": 24.99,
    "pricePerUnit": "26.44 l",
    "image": "https://www.jumbo.com/dam-images/fit-in/360x360/Products/616696DSL193798dde-283d-4396-9f70-7d04df671ac9-1717485197054.png",
    "available": true,
    "promoUntil": "di 7 okt"
  },
  {
    "id": "850231STK",
    "title": "VOL 88 EMB. WAARDE 12,50",
    "category": "",
    "price": 12.5,
    "promoPrice": null,
    "pricePerUnit": "12.5 pieces",
    "image": "",
    "available": true,
    "promoUntil": null
  },
  {
    "id": "850223STK",
    "title": "VOL91 EMB WAARDE 1,20",
    "category": "",
    "price": 1.2,
    "promoPrice": null,
    "pricePerUnit": "1.2 pieces",
    "image": "",
    "available": true,
    "promoUntil": null
  },
  {
    "id": "850281STK",
    "title": "VOL96 EMWRD 3,90 VBR 11VK",
    "category": "",
    "price": 3.9,
    "promoPrice": null,
    "pricePerUnit": "3.9 pieces",
    "image": "",
    "available": true,
    "promoUntil": null
  },
  {
    "id": "194224STK",
    "title": "Norlevo Morning-Afterpil tabletten 1,5 mg",
    "category": "Drogisterij en baby",
    "price": 17.19,
    "promoPrice": null,
    "pricePerUnit": "17.19 pieces",
    "image": "https://www.jumbo.com/dam-images/fit-in/360x360/Products/22082025_1755820896219_1755820900722_3663555000160_1.png",
    "available": true,
    "promoUntil": null
  },
  {
    "id": "561100ZK",
    "title": "Pampers Harmonie Aqua Babydoekjes x 144",
    "category": "Drogisterij en baby",
    "price": 6.79,
    "promoPrice": null,
    "pricePerUnit": "0.05 pieces",
    "image": "https://www.jumbo.com/dam-images/fit-in/360x360/Products/05092025_1757040487497_1757040489718_561100_ZK_08006540823958_C1N1.png",
    "available": true,
    "promoUntil": null
  },
  {
    "id": "648358STK",
    "title": "Niquitin Clear pleisters 14 mg / 24 uur, 7 stuks",
    "category": "Drogisterij en baby",
    "price": 13.99,
    "promoPrice": null,
    "pricePerUnit": "2.0 pieces",
    "image": "https://www.jumbo.com/dam-images/fit-in/360x360/Products/24092025_1758672137772_1758672150698_8710464113353_1.png",
    "available": true,
    "promoUntil": null
  },
  {
    "id": "516993DS",
    "title": "Merci Black & White Selection Limited Edition 240g",
    "category": "Koek, snoep, chocolade en chips",
    "price": 5.29,
    "promoPrice": null,
    "pricePerUnit": "22.04 kg",
    "image": "https://www.jumbo.com/dam-images/fit-in/360x360/Products/01072025_1751394789950_1751394795610_4014400931297_1.png",
    "available": true,
    "promoUntil": null
  },
  {
    "id": "474232DSL",
    "title": "Rexona Women Advanced Protection Anti-Transpirant Spray Aloë Vera  6 x 150 ml",
    "category": "Drogisterij en baby",
    "price": 35.94,
    "promoPrice": 25.15,
    "pricePerUnit": "39.93 l",
    "image": "https://www.jumbo.com/dam-images/fit-in/360x360/Products/474232DSL11cd95d33-0ef9-4516-91ed-dea54f8819aa-1717485198061.png",
    "available": true,
    "promoUntil": "di 7 okt"
  },
  {
    "id": "496531STK",
    "title": "Advil Reliva Liquid-Caps pijnstiller 200 mg, 20 stuks",
    "category": "Drogisterij en baby",
    "price": 7.79,
    "promoPrice": null,
    "pricePerUnit": "0.39 pieces",
    "image": "https://www.jumbo.com/dam-images/fit-in/360x360/Products/24092025_1758672136342_1758672144162_8712769010160_1.png",
    "available": true,
    "promoUntil": null
  },
  {
    "id": "684479DS",
    "title": "999 Games Take 5!",
    "category": "Non-food en servicebalie",
    "price": 12.99,
    "promoPrice": null,
    "pricePerUnit": "12.99 pieces",
    "image": "https://www.jumbo.com/dam-images/fit-in/360x360/Products/Take51e362d5e7-8a67-4cb4-b45b-c15b523231e5-1750064390634.png",
    "available": true,
    "promoUntil": null
  },
  {
    "id": "563201ZK",
    "title": "Amoy Teriyaki and Sesame Sauce 120 g",
    "category": "Wereldkeukens, kruiden, pasta en rijst",
    "price": 1.97,
    "promoPrice": null,
    "pricePerUnit": "16.42 kg",
    "image": "https://www.jumbo.com/dam-images/fit-in/360x360/Products/21022025_1740111475908_1740111480069_563201_ZK_05000111046909_C1N1.png",
    "available": true,
    "promoUntil": null
  },
  {
    "id": "646521BLK",
    "title": "Amogusti Zwarte Olijven Zonder Pit 200 g",
    "category": "Wereldkeukens, kruiden, pasta en rijst",
    "price": 1.29,
    "promoPrice": null,
    "pricePerUnit": "6.45 kg",
    "image": "https://www.jumbo.com/dam-images/fit-in/360x360/Products/04032025_1741056368132_1741056372176_646521_BLK_08718247445271_C1N1.png",
    "available": true,
    "promoUntil": null
  },
  {
    "id": "670974BLS",
    "title": "Artiach Filipinos Salted Caramel 118g",
    "category": "Koek, snoep, chocolade en chips",
    "price": 1.79,
    "promoPrice": null,
    "pricePerUnit": "15.17 kg",
    "image": "https://www.jumbo.com/dam-images/fit-in/360x360/Products/23122024_1734938659104_1734938662797_670974_BLS_08436048965575_C1N1.png",
    "available": true,
    "promoUntil": null
  },
  {
    "id": "646837PAK",
    "title": "Barilla Al Bronzo Linguine N. 312 500g",
    "category": "Wereldkeukens, kruiden, pasta en rijst",
    "price": 2.49,
    "promoPrice": null,
    "pricePerUnit": "4.98 kg",
    "image": "https://www.jumbo.com/dam-images/fit-in/360x360/Products/22082024_1724306671851_1724306673735_646837_PAK_08076809585231_C1N1.png",
    "available": true,
    "promoUntil": null
  },
  {
    "id": "172156STK",
    "title": "Compaxo Rotterdammer Cervelaat 150 g",
    "category": "Vleeswaren, kaas en tapas",
    "price": 2.66,
    "promoPrice": null,
    "pricePerUnit": "17.73 kg",
    "image": "https://www.jumbo.com/dam-images/fit-in/360x360/Products/14022024_1707872590036_1707872592551_8710939000980_1.png",
    "available": true,
    "promoUntil": null
  },
  {
    "id": "524285ZK",
    "title": "Jumbo Denta Small Dental Kauwsticks 7 Stuks",
    "category": "Huishouden en dieren",
    "price": 1.69,
    "promoPrice": null,
    "pricePerUnit": "30.18 kg",
    "image": "https://www.jumbo.com/dam-images/fit-in/360x360/Products/09082023_1691592105877_1691592127444_8718452653881_1.png",
    "available": true,
    "promoUntil": null
  },
  {
    "id": "566294STK",
    "title": "First Energy Gum Red Mint 24g",
    "category": "Koek, snoep, chocolade en chips",
    "price": 2.66,
    "promoPrice": null,
    "pricePerUnit": "110.83 kg",
    "image": "https://www.jumbo.com/dam-images/fit-in/360x360/Products/01072025_1751335396364_1751335399820_566294_STK_06095952188146_C1N1.png",
    "available": true,
    "promoUntil": null
  },
  {
    "id": "678583BLS",
    "title": "HEMA Microschrijvers Zwart 4 Stuks",
    "category": "Non-food en servicebalie",
    "price": 3.69,
    "promoPrice": null,
    "pricePerUnit": "0.92 pieces",
    "image": "https://www.jumbo.com/dam-images/fit-in/360x360/Products/07022025_1738939488519_1738939491571_678583_BLS_08716618905225_C1N1.png",
    "available": true,
    "promoUntil": null
  },
  {
    "id": "686940STK",
    "title": "HEMA Bakjes Multicolor 4 Stuks",
    "category": "Non-food en servicebalie",
    "price": 1.69,
    "promoPrice": null,
    "pricePerUnit": "0.42 pieces",
    "image": "https://www.jumbo.com/dam-images/fit-in/360x360/Products/27032025_1743042480791_1743042485402_686940_STK_08720354503836_C1N1.png",
    "available": true,
    "promoUntil": null
  },
  {
    "id": "691494STK",
    "title": "HEMA Yoghurtbeker Lila 500ml",
    "category": "Non-food en servicebalie",
    "price": 4.99,
    "promoPrice": null,
    "pricePerUnit": "4.99 pieces",
    "image": "https://www.jumbo.com/dam-images/fit-in/360x360/Products/25042025_1745547962945_1745547965179_691494_STK_08720354548899_C1N1.png",
    "available": true,
    "promoUntil": null
  },
  {
    "id": "641688FLS",
    "title": "Jumbo 100% Sap Framboos Ananas met Appel 750ML",
    "category": "Frisdrank en sappen",
    "price": 2.29,
    "promoPrice": null,
    "pricePerUnit": "3.05 l",
    "image": "https://www.jumbo.com/dam-images/fit-in/360x360/Products/8718452846665T1e3d630b2-b453-4fee-8b3f-e668d34007fe-1740131235998.png",
    "available": true,
    "promoUntil": null
  },
  {
    "id": "562079DS",
    "title": "Colgate Sensation White tandpasta 75ML",
    "category": "Drogisterij en baby",
    "price": 2.75,
    "promoPrice": null,
    "pricePerUnit": "36.67 l",
    "image": "https://www.jumbo.com/dam-images/fit-in/360x360/Products/24072024_1721787829194_1721787831517_562079_DS_08718951580909_C1N1.png",
    "available": true,
    "promoUntil": null
  },
  {
    "id": "576074ZK",
    "title": "Jumbo Borrelzoutjes Krokante Feestmix 225 g",
    "category": "Koek, snoep, chocolade en chips",
    "price": 2.59,
    "promoPrice": null,
    "pricePerUnit": "11.51 kg",
    "image": "https://www.jumbo.com/dam-images/fit-in/360x360/Products/14022024_1707873434001_1707873439945_8718452707645_1.png",
    "available": true,
    "promoUntil": null
  },
  {
    "id": "575276FLS",
    "title": "Dors - IPA - Fles - 300ML",
    "category": "Bier en wijn",
    "price": 1.0,
    "promoPrice": null,
    "pricePerUnit": "3.33 l",
    "image": "https://www.jumbo.com/dam-images/fit-in/360x360/Products/14022024_1707873435424_1707873441757_8718452667246_1.png",
    "available": true,
    "promoUntil": null
  },
  {
    "id": "647189STK",
    "title": "Jumbo Hausmacher 225 g",
    "category": "Vleeswaren, kaas en tapas",
    "price": 2.5,
    "promoPrice": null,
    "pricePerUnit": "11.11 kg",
    "image": "https://www.jumbo.com/dam-images/fit-in/360x360/Products/03122024_1733229155323_1733229159678_8718452869251_1.png",
    "available": true,
    "promoUntil": null
  },
  {
    "id": "644094KGR",
    "title": "Jumbo Limburgse Gebakken Pastei ca. 120 g",
    "category": "Vleeswaren, kaas en tapas",
    "price": 2.46,
    "promoPrice": null,
    "pricePerUnit": "20.5 kg",
    "image": "https://www.jumbo.com/dam-images/fit-in/360x360/Products/09092025_1757421321527_1757421342379_2346762000000_1.png",
    "available": true,
    "promoUntil": null
  },
  {
    "id": "664274ROL",
    "title": "Jumbo Triple Chocolat Cookie Deeg 300 g",
    "category": "Brood en gebak",
    "price": 3.99,
    "promoPrice": null,
    "pricePerUnit": "13.3 kg",
    "image": "https://www.jumbo.com/dam-images/fit-in/360x360/Products/07012025_1736260386824_1736260398218_8718452885381_596.png",
    "available": true,
    "promoUntil": null
  },
  {
    "id": "619971BLK",
    "title": "Euroma Essential N°06 Koriander",
    "category": "Wereldkeukens, kruiden, pasta en rijst",
    "price": 3.14,
    "promoPrice": null,
    "pricePerUnit": "78.5 kg",
    "image": "https://www.jumbo.com/dam-images/fit-in/360x360/Products/13082024_1723514395726_1723514402144_619971_BLK_08717600345852_C1N1.png",
    "available": true,
    "promoUntil": null
  },
  {
    "id": "586319ZK",
    "title": "Ben's Original Rijst op Mediterrane Wijze 220 g",
    "category": "Wereldkeukens, kruiden, pasta en rijst",
    "price": 2.09,
    "promoPrice": null,
    "pricePerUnit": "9.5 kg",
    "image": "https://www.jumbo.com/dam-images/fit-in/360x360/Products/04012025_1735959517694_1735959525980_586319_ZK_03487400006769_H1N1.png",
    "available": true,
    "promoUntil": null
  },
  {
    "id": "429695ZK",
    "title": "Croky Snack Paprika Rings 75g",
    "category": "Koek, snoep, chocolade en chips",
    "price": 1.59,
    "promoPrice": null,
    "pricePerUnit": "21.2 kg",
    "image": "https://www.jumbo.com/dam-images/fit-in/360x360/Products/03062025_1748916839305_1748916840854_429695_ZK_05414359994319_A1N1.png",
    "available": true,
    "promoUntil": null
  },
  {
    "id": "668888FLS",
    "title": "Brouwerij 't IJ - Ipa - Fles - 330ML",
    "category": "Bier en wijn",
    "price": 2.75,
    "promoPrice": null,
    "pricePerUnit": "8.33 l",
    "image": "https://www.jumbo.com/dam-images/fit-in/360x360/Products/11122024_1733923340113_1733923344130_668888_FLS_08717545263716_C1N1.png",
    "available": true,
    "promoUntil": null
  },
  {
    "id": "681168BLS",
    "title": "HEMA Taartkaarsjes 24 Stuks",
    "category": "Non-food en servicebalie",
    "price": 0.99,
    "promoPrice": null,
    "pricePerUnit": "0.04 pieces",
    "image": "https://www.jumbo.com/dam-images/fit-in/360x360/Products/20022025_1740059746016_1740059748426_681168_BLS_08720354508626_C1N1.png",
    "available": true,
    "promoUntil": null
  },
  {
    "id": "583841DS",
    "title": "Elmex Sensitive Plus Tandpasta Volledige Verzorging 75ML",
    "category": "Drogisterij en baby",
    "price": 6.79,
    "promoPrice": null,
    "pricePerUnit": "90.53 l",
    "image": "https://www.jumbo.com/dam-images/fit-in/360x360/Products/08022024_1707359999922_1707360002736_583841_DS_08718951476912_C1N1.png",
    "available": true,
    "promoUntil": null
  },
  {
    "id": "671763BLK",
    "title": "I Am Superjuice Coconut 330ml",
    "category": "Wereldkeukens, kruiden, pasta en rijst",
    "price": 1.79,
    "promoPrice": null,
    "pricePerUnit": "5.42 l",
    "image": "https://www.jumbo.com/dam-images/fit-in/360x360/Products/07032025_1741321110322_1741321115808_671763_BLK_08718868283016_C1N1.png",
    "available": true,
    "promoUntil": null
  },
  {
    "id": "628399TAS",
    "title": "Jumbo Gezoete Bananenchips 250 g",
    "category": "Koek, snoep, chocolade en chips",
    "price": 2.83,
    "promoPrice": null,
    "pricePerUnit": "11.32 kg",
    "image": "https://www.jumbo.com/dam-images/fit-in/360x360/Products/19072024_1721399714823_1721399720465_8718452835188_1.png",
    "available": true,
    "promoUntil": null
  },
  {
    "id": "596219FLS",
    "title": "Jumbo Krul Conditioner 500ML",
    "category": "Drogisterij en baby",
    "price": 3.15,
    "promoPrice": null,
    "pricePerUnit": "6.3 l",
    "image": "https://www.jumbo.com/dam-images/fit-in/360x360/Products/27032024_1711535594092_1711535598423_8718452775941_1.png",
    "available": true,
    "promoUntil": null
  },
  {
    "id": "702646BLK",
    "title": "Frontaal Juice Punch 0,5% 330ML",
    "category": "Bier en wijn",
    "price": 2.49,
    "promoPrice": null,
    "pricePerUnit": "7.55 l",
    "image": "https://www.jumbo.com/dam-images/fit-in/360x360/Products/03062025_1748947943951_1748947947054_702646_BLK_08720828456804_C1N1.png",
    "available": true,
    "promoUntil": null
  },
  {
    "id": "624133POT",
    "title": "BioToday Hummus Natural 210 g",
    "category": "Vleeswaren, kaas en tapas",
    "price": 3.99,
    "promoPrice": null,
    "pricePerUnit": "19.0 kg",
    "image": "https://www.jumbo.com/dam-images/fit-in/360x360/Products/11042025_1744396386879_1744396392770_8718858937479_1.png",
    "available": true,
    "promoUntil": null
  },
  {
    "id": "609195PAK",
    "title": "CoolBest FruitDrink Pineapple 1 L",
    "category": "Frisdrank en sappen",
    "price": 2.29,
    "promoPrice": null,
    "pricePerUnit": "2.29 l",
    "image": "https://www.jumbo.com/dam-images/fit-in/360x360/Products/17092025_1758073613042_1758073644303_609195_PAK_08720157401308_C1N1.png",
    "available": true,
    "promoUntil": null
  },
  {
    "id": "702269DS",
    "title": "Durex Intensity XL Condooms 10 Stuks",
    "category": "Drogisterij en baby",
    "price": 18.99,
    "promoPrice": null,
    "pricePerUnit": "1.9 pieces",
    "image": "https://www.jumbo.com/dam-images/fit-in/360x360/Products/02062025_1748871893909_1748871920783_702269_DS_08710552315577_C1N1.png",
    "available": true,
    "promoUntil": null
  },
  {
    "id": "656201FLS",
    "title": "Heng Shun Pure Sesame Oil 150ml",
    "category": "Wereldkeukens, kruiden, pasta en rijst",
    "price": 3.99,
    "promoPrice": null,
    "pricePerUnit": "26.6 l",
    "image": "https://www.jumbo.com/dam-images/fit-in/360x360/Products/12102024_1728701507479_1728701511901_656201_FLS_06925993520707_C1N1.png",
    "available": true,
    "promoUntil": null
  },
  {
    "id": "551127DS",
    "title": "Fairtrade Original Indonesische Sajoer Kruidenpasta 75 g",
    "category": "Wereldkeukens, kruiden, pasta en rijst",
    "price": 2.19,
    "promoPrice": null,
    "pricePerUnit": "29.2 kg",
    "image": "https://www.jumbo.com/dam-images/fit-in/360x360/Products/29082024_1724902821885_1724902827060_551127_DS_08711741359709_C1N1.png",
    "available": true,
    "promoUntil": null
  },
  {
    "id": "678390ZK",
    "title": "HEMA Roltongen Confetti 8 Stuks",
    "category": "Non-food en servicebalie",
    "price": 2.29,
    "promoPrice": null,
    "pricePerUnit": "0.29 pieces",
    "image": "https://www.jumbo.com/dam-images/fit-in/360x360/Products/25042025_1745548535331_1745548538151_678390_ZK_08720354498545_C1N1.png",
    "available": true,
    "promoUntil": null
  },
  {
    "id": "691160FLS",
    "title": "Jumbo Mocktail Strawberry Margarita 500ML",
    "category": "Aardappelen, groente en fruit",
    "price": 2.59,
    "promoPrice": null,
    "pricePerUnit": "5.18 l",
    "image": "https://www.jumbo.com/dam-images/fit-in/360x360/Products/31072025_1753961672938_1753961675634_8718452909933_1.png",
    "available": true,
    "promoUntil": null
  },
  {
    "id": "569936DS",
    "title": "Jumbo Magnetron Popcorn Zout 3 x 90 g",
    "category": "Koek, snoep, chocolade en chips",
    "price": 1.99,
    "promoPrice": null,
    "pricePerUnit": "7.37 kg",
    "image": "https://www.jumbo.com/dam-images/fit-in/360x360/Products/14022024_1707872790226_1707872796217_8718452731855_1.png",
    "available": true,
    "promoUntil": null
  },
  {
    "id": "188672STK",
    "title": "Jumbo Verzorgende Creme 200 g",
    "category": "Drogisterij en baby",
    "price": 4.29,
    "promoPrice": null,
    "pricePerUnit": "21.45 l",
    "image": "https://www.jumbo.com/dam-images/fit-in/360x360/Products/09082023_1691584438372_1691584454318_8718452217151_1.png",
    "available": true,
    "promoUntil": null
  },
  {
    "id": "617007BLK",
    "title": "Euroma Garam Masala by Jonnie Boer",
    "category": "Wereldkeukens, kruiden, pasta en rijst",
    "price": 3.26,
    "promoPrice": null,
    "pricePerUnit": "69.36 kg",
    "image": "https://www.jumbo.com/dam-images/fit-in/360x360/Products/03062024_1717420814948_1717420830918_8717600351600_1.png",
    "available": true,
    "promoUntil": null
  },
  {
    "id": "634002ZK",
    "title": "Al'Fez Harissa Spice Mix 25g",
    "category": "Wereldkeukens, kruiden, pasta en rijst",
    "price": 1.69,
    "promoPrice": null,
    "pricePerUnit": "67.6 kg",
    "image": "https://www.jumbo.com/dam-images/fit-in/360x360/Products/13122024_1734060969966_1734060977728_634002_ZK_05010338000394_H1N1.png",
    "available": true,
    "promoUntil": null
  },
  {
    "id": "696078ZK",
    "title": "Jumbo Mini Galetten 125g",
    "category": "Koek, snoep, chocolade en chips",
    "price": 1.99,
    "promoPrice": null,
    "pricePerUnit": "15.92 kg",
    "image": "https://www.jumbo.com/dam-images/fit-in/360x360/Products/30042025_1746009731728_1746009752656_696078_ZK_08718452871902_C1N1.png",
    "available": true,
    "promoUntil": null
  },
  {
    "id": "575934BKR",
    "title": "Jumbo Ongebrande Amandelen 140 g",
    "category": "Koek, snoep, chocolade en chips",
    "price": 3.17,
    "promoPrice": null,
    "pricePerUnit": "22.64 kg",
    "image": "https://www.jumbo.com/dam-images/fit-in/360x360/Products/04122023_1701702849563_1701702856523_8718452740123_1.png",
    "available": true,
    "promoUntil": null
  },
  {
    "id": "705597DS",
    "title": "Curalyn Maagtabletten 48 stuks",
    "category": "Drogisterij en baby",
    "price": 5.99,
    "promoPrice": null,
    "pricePerUnit": "0.12 pieces",
    "image": "https://www.jumbo.com/dam-images/fit-in/360x360/Products/18062025_1750248008762_1750248017128_705597_DS_08712113661321_C1N1_s01.png",
    "available": true,
    "promoUntil": null
  },
  {
    "id": "498046PAK",
    "title": " Jumbo - Desem Baguette - Wit - 250g",
    "category": "Brood en gebak",
    "price": 1.87,
    "promoPrice": null,
    "pricePerUnit": "7.48 kg",
    "image": "https://www.jumbo.com/dam-images/fit-in/360x360/Products/01052025_1746091946817_1746091951656_8718452649761_1.png",
    "available": true,
    "promoUntil": null
  },
  {
    "id": "695264ZK",
    "title": "Amoy Straight to Wok Singapore Curry Noodles 2 x 150 g",
    "category": "Wereldkeukens, kruiden, pasta en rijst",
    "price": 2.99,
    "promoPrice": null,
    "pricePerUnit": "19.93 kg",
    "image": "https://www.jumbo.com/dam-images/fit-in/360x360/Products/01082025_1754010689224_1754010694843_695264_ZK_05000111044127_C1N1.png",
    "available": true,
    "promoUntil": null
  },
  {
    "id": "669000FLS",
    "title": "Belvoir No added Sugar Apple & Blackcurrant Cordial 500 ml",
    "category": "Frisdrank en sappen",
    "price": 5.29,
    "promoPrice": null,
    "pricePerUnit": "10.58 l",
    "image": "https://www.jumbo.com/dam-images/fit-in/360x360/Products/12122024_1733991418362_1733991426239_669000_FLS_05022019510207_C1N1.png",
    "available": true,
    "promoUntil": null
  },
  {
    "id": "679899STK",
    "title": "HEMA Sisal Touw 75 Meter",
    "category": "Non-food en servicebalie",
    "price": 4.79,
    "promoPrice": null,
    "pricePerUnit": "4.79 pieces",
    "image": "https://www.jumbo.com/dam-images/fit-in/360x360/Products/14022025_1739532840694_1739532848497_679899_STK_08720354165447_C1N1.png",
    "available": true,
    "promoUntil": null
  },
  {
    "id": "489051PAK",
    "title": "Healthy People Boosting Golden Kiwi 1 L",
    "category": "Frisdrank en sappen",
    "price": 3.19,
    "promoPrice": null,
    "pricePerUnit": "3.19 l",
    "image": "https://www.jumbo.com/dam-images/fit-in/360x360/Products/07032025_1741322879849_1741322923206_489051_PAK_08720157467212_C1N1.png",
    "available": true,
    "promoUntil": null
  },
  {
    "id": "517374DS",
    "title": "Ferrero Rocher Original Hazelnoot 90 g",
    "category": "Koek, snoep, chocolade en chips",
    "price": 2.76,
    "promoPrice": null,
    "pricePerUnit": "30.67 kg",
    "image": "https://www.jumbo.com/dam-images/fit-in/360x360/Products/16052025_1747363834935_1747363863444_517374_DS_08000500359488_H1N1_CPVXBE115069.png",
    "available": true,
    "promoUntil": null
  },
  {
    "id": "673184EM",
    "title": "Clevers IJs Rood Fruit 500ML",
    "category": "Diepvries",
    "price": 5.95,
    "promoPrice": null,
    "pricePerUnit": "11.9 l",
    "image": "https://www.jumbo.com/dam-images/fit-in/360x360/Products/09052025_1746760430889_1746760434141_673184_EM_08720589422353_C1N1.png",
    "available": true,
    "promoUntil": null
  },
  {
    "id": "367320STK",
    "title": "Infacol Orale suspensie voor behandeling van bruikkrampjes bij baby's, 50 ml",
    "category": "Drogisterij en baby",
    "price": 9.99,
    "promoPrice": null,
    "pricePerUnit": "199.8 kg",
    "image": "https://www.jumbo.com/dam-images/fit-in/360x360/Products/24092025_1758672135696_1758672141793_5011025082556_1.png",
    "available": true,
    "promoUntil": null
  },
  {
    "id": "546875FLS",
    "title": "Dove Bath Therapy Badschuim & Douchegel Glow 400 ml",
    "category": "Drogisterij en baby",
    "price": 8.99,
    "promoPrice": null,
    "pricePerUnit": "22.48 l",
    "image": "https://www.jumbo.com/dam-images/fit-in/360x360/Products/18012025_1737168677966_1737168694219_546875_FLS_08720181296420_H1N1.png",
    "available": true,
    "promoUntil": null
  },
  {
    "id": "609193PAK",
    "title": "CoolBest FruitDrink Passionfruit 1 L",
    "category": "Frisdrank en sappen",
    "price": 2.29,
    "promoPrice": null,
    "pricePerUnit": "2.29 l",
    "image": "https://www.jumbo.com/dam-images/fit-in/360x360/Products/17092025_1758073607867_1758073640809_609193_PAK_08720157401285_C1N1.png",
    "available": true,
    "promoUntil": null
  },
  {
    "id": "375023STK",
    "title": "Jumbo Komkommer en Snacktomaatjes",
    "category": "Aardappelen, groente en fruit",
    "price": 3.04,
    "promoPrice": null,
    "pricePerUnit": "None None",
    "image": "https://www.jumbo.com/dam-images/fit-in/360x360/Products/375023STK1044c0dec-09b2-44c3-98b6-97f744a17e93-1711012545125.png",
    "available": true,
    "promoUntil": null
  },
  {
    "id": "646152BLK",
    "title": "Amo Gusti Groene Olijven Zonder Pit 200 g",
    "category": "Wereldkeukens, kruiden, pasta en rijst",
    "price": 1.24,
    "promoPrice": null,
    "pricePerUnit": "6.2 kg",
    "image": "https://www.jumbo.com/dam-images/fit-in/360x360/Products/26112024_1732631597952_1732631608208_8718247444243_1.png",
    "available": true,
    "promoUntil": null
  },
  {
    "id": "675390STK",
    "title": "Cape & Mijter 1 Maat",
    "category": "Non-food en servicebalie",
    "price": 6.99,
    "promoPrice": null,
    "pricePerUnit": "6.99 pieces",
    "image": "https://www.jumbo.com/dam-images/fit-in/360x360/Products/01072025_1751383990441_1751383997491_8721225775253_1.png",
    "available": true,
    "promoUntil": null
  },
  {
    "id": "194173STK",
    "title": "Davitamon Compleet weerstand forte kauwvitamines bosvruchten, 50 stuks",
    "category": "Drogisterij en baby",
    "price": 19.49,
    "promoPrice": null,
    "pricePerUnit": "19.49 pieces",
    "image": "https://www.jumbo.com/dam-images/fit-in/360x360/Products/24092025_1758672133448_1758672142907_8710537707830_1.png",
    "available": true,
    "promoUntil": null
  },
  {
    "id": "612483FLS",
    "title": "Domaine Garrabou - Fontvieille Limoux Chardonnay - 750 ML",
    "category": "Bier en wijn",
    "price": 12.99,
    "promoPrice": null,
    "pricePerUnit": "17.32 l",
    "image": "https://www.jumbo.com/dam-images/fit-in/360x360/Products/16042024_1713274452342_1713274454789_3700619353579_1.png",
    "available": true,
    "promoUntil": null
  },
  {
    "id": "680271STK",
    "title": "HEMA Citruspers",
    "category": "Non-food en servicebalie",
    "price": 5.79,
    "promoPrice": null,
    "pricePerUnit": "5.79 pieces",
    "image": "https://www.jumbo.com/dam-images/fit-in/360x360/Products/09082023_1691587395062_1691587409245_8716618098699_1.png",
    "available": true,
    "promoUntil": null
  },
  {
    "id": "640373FLS",
    "title": "HG ECO Toiletgel 500ml",
    "category": "Huishouden en dieren",
    "price": 3.89,
    "promoPrice": null,
    "pricePerUnit": "7.78 l",
    "image": "https://www.jumbo.com/dam-images/fit-in/360x360/Products/24122024_1735008144606_1735008148934_640373_FLS_08711577271435_C1N1.png",
    "available": true,
    "promoUntil": null
  },
  {
    "id": "648011STK",
    "title": "Jumbo Biologisch Knijpfruit Appel, Peer & Framboos 6+ Maanden 2 x 90 g",
    "category": "Drogisterij en baby",
    "price": 1.86,
    "promoPrice": null,
    "pricePerUnit": "None None",
    "image": "https://www.jumbo.com/dam-images/fit-in/360x360/Products/648011STK6f021e5d-0b85-4ba5-acf1-130bab849401-1727877469288.png",
    "available": true,
    "promoUntil": null
  },
  {
    "id": "649850FLS",
    "title": "Bottega Prosecco Doc Sparkling Wine Brut 750 ml",
    "category": "Bier en wijn",
    "price": 9.99,
    "promoPrice": null,
    "pricePerUnit": "13.32 l",
    "image": "https://www.jumbo.com/dam-images/fit-in/360x360/Products/18112024_1731929597474_1731929601174_8005829985370_1.png",
    "available": true,
    "promoUntil": null
  },
  {
    "id": "517012DS",
    "title": "Consenza Gluten Free Kipnuggets 250 g",
    "category": "Diepvries",
    "price": 6.23,
    "promoPrice": null,
    "pricePerUnit": "24.92 kg",
    "image": "https://www.jumbo.com/dam-images/fit-in/360x360/Products/28062024_1719540763713_1719540773133_517012_DS_08719153045074_C1N1.png",
    "available": true,
    "promoUntil": null
  },
  {
    "id": "637283FLS",
    "title": "Finca Las Moras - Chardonnay 750 ML",
    "category": "Bier en wijn",
    "price": 5.99,
    "promoPrice": 4.99,
    "pricePerUnit": "6.65 l",
    "image": "https://www.jumbo.com/dam-images/fit-in/360x360/Products/24092024_1727188368481_1727188371540_7791540127090_1.png",
    "available": true,
    "promoUntil": "di 30 sep"
  },
  {
    "id": "690509DS",
    "title": "Imodium Instant smelttabletten bij diarree, 10 stuks",
    "category": "Drogisterij en baby",
    "price": 7.19,
    "promoPrice": null,
    "pricePerUnit": "719.0 kg",
    "image": "https://www.jumbo.com/dam-images/fit-in/360x360/Products/11062025_1749600069647_1749600074604_3574661132167_1.png",
    "available": true,
    "promoUntil": null
  },
  {
    "id": "622577DS",
    "title": "Difrax Fopspeen Natural 18+ Maanden Unisex",
    "category": "Drogisterij en baby",
    "price": 5.99,
    "promoPrice": null,
    "pricePerUnit": "5.99 pieces",
    "image": "https://www.jumbo.com/dam-images/fit-in/360x360/Products/26052025_1748232796640_1748232803212_622577_DS_08711736556175_C1N1.png",
    "available": true,
    "promoUntil": null
  },
  {
    "id": "396488ZK",
    "title": "Food2Smile Sugar & Lactose Free Liquoricious 90 g",
    "category": "Koek, snoep, chocolade en chips",
    "price": 1.99,
    "promoPrice": null,
    "pricePerUnit": "22.11 kg",
    "image": "https://www.jumbo.com/dam-images/fit-in/360x360/Products/22122023_1703214481498_1703214492366_396488_ZK_08719325464474_C1N1.png",
    "available": true,
    "promoUntil": null
  },
  {
    "id": "680007ZK",
    "title": "HEMA Elastieken 300 Stuks",
    "category": "Drogisterij en baby",
    "price": 2.49,
    "promoPrice": null,
    "pricePerUnit": "0.01 pieces",
    "image": "https://www.jumbo.com/dam-images/fit-in/360x360/Products/25042025_1745547930580_1745547933619_680007_ZK_08720354159583_C1N1.png",
    "available": true,
    "promoUntil": null
  },
  {
    "id": "670759STK",
    "title": "HEMA Lange Kaarsen Oranje",
    "category": "Non-food en servicebalie",
    "price": 7.19,
    "promoPrice": null,
    "pricePerUnit": "0.6 pieces",
    "image": "https://www.jumbo.com/dam-images/fit-in/360x360/Products/08042025_1744080778343_1744080781334_670759_STK_08721245007686_C1N1.png",
    "available": true,
    "promoUntil": null
  },
  {
    "id": "640742FLS",
    "title": "HG Kachelruitjesreiniger 500ML",
    "category": "Huishouden en dieren",
    "price": 9.99,
    "promoPrice": null,
    "pricePerUnit": "19.98 l",
    "image": "https://www.jumbo.com/dam-images/fit-in/360x360/Products/14062025_1749866479582_1749866483161_640742_FLS_08711577190668_C1N1.png",
    "available": true,
    "promoUntil": null
  },
  {
    "id": "172141ZK",
    "title": "Huggies Little Swimmers Zwembroekjes Maat 5-6 11 Stuks",
    "category": "Drogisterij en baby",
    "price": 7.49,
    "promoPrice": null,
    "pricePerUnit": "0.68 pieces",
    "image": "https://www.jumbo.com/dam-images/fit-in/360x360/Products/18032025_1742266853587_1742266857801_172141_ZK_05029053538426_C1N1.png",
    "available": true,
    "promoUntil": null
  },
  {
    "id": "585776TRA",
    "title": "Ikra Bakeries Baklava Walnoot 4 Stuks",
    "category": "Koek, snoep, chocolade en chips",
    "price": 3.49,
    "promoPrice": null,
    "pricePerUnit": "0.87 pieces",
    "image": "https://www.jumbo.com/dam-images/fit-in/360x360/Products/09012024_1704821706883_1704821719713_8720726197472_1.png",
    "available": true,
    "promoUntil": null
  },
  {
    "id": "192643ZK",
    "title": "Dalla Costa Biologische Fusilli van Kikkererwten 250 g",
    "category": "Wereldkeukens, kruiden, pasta en rijst",
    "price": 2.99,
    "promoPrice": null,
    "pricePerUnit": "11.96 kg",
    "image": "https://www.jumbo.com/dam-images/fit-in/360x360/Products/09082023_1691584853227_1691584862000_8016419001561_1.png",
    "available": true,
    "promoUntil": null
  },
  {
    "id": "576095CUP",
    "title": "Jumbo Duo Avocado Dip met Mexicaantjes 140 g",
    "category": "Vleeswaren, kaas en tapas",
    "price": 3.09,
    "promoPrice": null,
    "pricePerUnit": "22.07 kg",
    "image": "https://www.jumbo.com/dam-images/fit-in/360x360/Products/09072024_1720517786674_1720517791131_8718452792863_1.png",
    "available": true,
    "promoUntil": null
  },
  {
    "id": "572226KGR",
    "title": "Jumbo Geitenbrie Zachte Geitenkaas 50+ ca.110 g",
    "category": "Vleeswaren, kaas en tapas",
    "price": 2.23,
    "promoPrice": null,
    "pricePerUnit": "19.94 kg",
    "image": "https://www.jumbo.com/dam-images/fit-in/360x360/Products/09082023_1691586975662_1691586985116_2333421000000_1.png",
    "available": true,
    "promoUntil": null
  },
  {
    "id": "516898ZK",
    "title": "Jumbo Gesneden Boerenkool 150 g",
    "category": "Aardappelen, groente en fruit",
    "price": 1.79,
    "promoPrice": null,
    "pricePerUnit": "11.93 kg",
    "image": "https://www.jumbo.com/dam-images/fit-in/360x360/Products/30092024_1727706763738_1727706774034_8718452798636_1.png",
    "available": true,
    "promoUntil": null
  },
  {
    "id": "507369FLS",
    "title": "Garnier Loving Blends - Shampoo - Avocado Olie & Shea Boter - 300 ml",
    "category": "Drogisterij en baby",
    "price": 5.99,
    "promoPrice": null,
    "pricePerUnit": "19.97 l",
    "image": "https://www.jumbo.com/dam-images/fit-in/360x360/Products/06072024_1720230338862_1720230341287_507369_FLS_03600542460743_C1N1.png",
    "available": true,
    "promoUntil": null
  },
  {
    "id": "585606CUP",
    "title": "Jumbo Walnoot Roomijs 500 g",
    "category": "Diepvries",
    "price": 3.39,
    "promoPrice": null,
    "pricePerUnit": "3.39 l",
    "image": "https://www.jumbo.com/dam-images/fit-in/360x360/Products/27112023_1701103207285_1701103223953_8718452774685_1.png",
    "available": true,
    "promoUntil": null
  },
  {
    "id": "566482FLS",
    "title": "Guarda Rios - Signature Rosé - 750ML",
    "category": "Bier en wijn",
    "price": 6.99,
    "promoPrice": null,
    "pricePerUnit": "9.32 l",
    "image": "https://www.jumbo.com/dam-images/fit-in/360x360/Products/16042024_1713270908695_1713270911802_5602182311230_1.png",
    "available": true,
    "promoUntil": null
  },
  {
    "id": "648390STK",
    "title": "Bepanthen Tattoo Nazorg Zalf 30g",
    "category": "Drogisterij en baby",
    "price": 5.49,
    "promoPrice": null,
    "pricePerUnit": "183.0 kg",
    "image": "https://www.jumbo.com/dam-images/fit-in/360x360/Products/22082025_1755820879292_1755820883155_4057598011563_1.png",
    "available": true,
    "promoUntil": null
  },
  {
    "id": "644515FLS",
    "title": "Blue Wonder Power Ontstopper 500 ML",
    "category": "Huishouden en dieren",
    "price": 3.19,
    "promoPrice": null,
    "pricePerUnit": "6.38 l",
    "image": "https://www.jumbo.com/dam-images/fit-in/360x360/Products/24122024_1735009393088_1735009396545_644515_FLS_08712038003961_C1N1.png",
    "available": true,
    "promoUntil": null
  },
  {
    "id": "576980ZK",
    "title": "Ella's Kitchen Fruit smoothie the yellow one 6+ biologisch 90 g",
    "category": "Drogisterij en baby",
    "price": 1.23,
    "promoPrice": null,
    "pricePerUnit": "13.67 kg",
    "image": "https://www.jumbo.com/dam-images/fit-in/360x360/Products/20032025_1742477567746_1742477573086_5060107335424_1.png",
    "available": true,
    "promoUntil": null
  },
  {
    "id": "269544FLS",
    "title": "Jumbo Huiswijn - Cinsault - Ruby Cabernet - 250ML",
    "category": "Bier en wijn",
    "price": 2.29,
    "promoPrice": null,
    "pricePerUnit": "9.16 l",
    "image": "https://www.jumbo.com/dam-images/fit-in/360x360/Products/18092023_1695043371817_1695043373802_8718452380589_1.png",
    "available": true,
    "promoUntil": null
  },
  {
    "id": "603713BLS",
    "title": "Jumbo Interdentale Borsteltjes Large 50 Stuks",
    "category": "Drogisterij en baby",
    "price": 3.99,
    "promoPrice": null,
    "pricePerUnit": "0.08 pieces",
    "image": "https://www.jumbo.com/dam-images/fit-in/360x360/Products/17012024_1705505711038_1705505721604_8718452776207_1.png",
    "available": true,
    "promoUntil": null
  },
  {
    "id": "711410STK",
    "title": "Jumbo Paté met Eend & Kalkoen 3 x 100 g",
    "category": "Huishouden en dieren",
    "price": 2.04,
    "promoPrice": null,
    "pricePerUnit": "None None",
    "image": "https://www.jumbo.com/dam-images/fit-in/360x360/Products/20258405c622013b-94af-4fe3-8595-94839276a365-1753710904958.png",
    "available": true,
    "promoUntil": null
  },
  {
    "id": "588211POT",
    "title": "Atrix Intensief Beschermende Crème Camomile 250 ml",
    "category": "Drogisterij en baby",
    "price": 5.59,
    "promoPrice": null,
    "pricePerUnit": "22.36 l",
    "image": "https://www.jumbo.com/dam-images/fit-in/360x360/Products/11102023_1696989115343_1696989116029_588211_POT_04006000058054_C1N1.png",
    "available": true,
    "promoUntil": null
  },
  {
    "id": "622070DS",
    "title": "Allegra Fexotabs 120 mg omhulde tabletten, 10 stuks",
    "category": "Drogisterij en baby",
    "price": 8.65,
    "promoPrice": null,
    "pricePerUnit": "0.87 pieces",
    "image": "https://www.jumbo.com/dam-images/fit-in/360x360/Products/24092025_1758672109164_1758672116362_8712172866033_1.png",
    "available": true,
    "promoUntil": null
  },
  {
    "id": "451648BLS",
    "title": "Aquafresh Clean&Flex Medium dagelijkse Tandenborstel 2+1 gratis, in 100% plasticvrije verpakking",
    "category": "Drogisterij en baby",
    "price": 3.39,
    "promoPrice": null,
    "pricePerUnit": "1.13 pieces",
    "image": "https://www.jumbo.com/dam-images/fit-in/360x360/Products/06022024_1707190033800_1707190036976_451648_BLS_05054563926166_C1N1.png",
    "available": true,
    "promoUntil": null
  },
  {
    "id": "194774STK",
    "title": "Conimex Mix Foo Yong Hai 78 g",
    "category": "Wereldkeukens, kruiden, pasta en rijst",
    "price": 1.77,
    "promoPrice": null,
    "pricePerUnit": "23.29 kg",
    "image": "https://www.jumbo.com/dam-images/fit-in/360x360/Products/29032025_1743214120339_1743214132461_194774_STK_08714100829271_C1N1.png",
    "available": true,
    "promoUntil": null
  },
  {
    "id": "698651FLS",
    "title": "Andrélon Conditioner Levendige Kleur 200 ml",
    "category": "Drogisterij en baby",
    "price": 6.49,
    "promoPrice": null,
    "pricePerUnit": "32.45 l",
    "image": "https://www.jumbo.com/dam-images/fit-in/360x360/Products/17072025_1752748405125_1752748409838_8720181619403_1.png",
    "available": true,
    "promoUntil": null
  },
  {
    "id": "677698DS",
    "title": "A.Vogel Oorspray Oorsmeer 10 ml Doos",
    "category": "Drogisterij en baby",
    "price": 12.49,
    "promoPrice": null,
    "pricePerUnit": "1249.0 l",
    "image": "https://www.jumbo.com/dam-images/fit-in/360x360/Products/10092025_1757462506779_1757462511464_8711596597813_1.png",
    "available": true,
    "promoUntil": null
  },
  {
    "id": "636182PAK",
    "title": "Chocolade Munt Bicolor 50g",
    "category": "Koek, snoep, chocolade en chips",
    "price": 1.79,
    "promoPrice": null,
    "pricePerUnit": "35.8 kg",
    "image": "https://www.jumbo.com/dam-images/fit-in/360x360/Products/08001943621200A1N1dbdf0ff1-886a-46ce-870b-bd037a196556-1725359452347.png",
    "available": true,
    "promoUntil": null
  },
  {
    "id": "567947FLS",
    "title": "Dettol Hydrating No-Touch Navulling Aloë Vera 250 ml",
    "category": "Drogisterij en baby",
    "price": 2.99,
    "promoPrice": null,
    "pricePerUnit": "11.96 l",
    "image": "https://www.jumbo.com/dam-images/fit-in/360x360/Products/30032025_1743299862337_1743299868760_567947_FLS_05410036138496_C1N1.png",
    "available": true,
    "promoUntil": null
  },
  {
    "id": "201419STK",
    "title": "Duyvis Borrelnootjes Provencale Pinda Noten 125 gr",
    "category": "Koek, snoep, chocolade en chips",
    "price": 1.79,
    "promoPrice": null,
    "pricePerUnit": "14.32 kg",
    "image": "https://www.jumbo.com/dam-images/fit-in/360x360/Products/16072025_1752661986285_1752661993294_8710398510822_1.png",
    "available": true,
    "promoUntil": null
  },
  {
    "id": "534427BLK",
    "title": "Fentimans Classic Rose Lemonade 250 ml",
    "category": "Frisdrank en sappen",
    "price": 1.69,
    "promoPrice": null,
    "pricePerUnit": "6.76 l",
    "image": "https://www.jumbo.com/dam-images/fit-in/360x360/Products/03102024_1727919972230_1727919975806_534427_BLK_05029396003094_C1N1.png",
    "available": true,
    "promoUntil": null
  },
  {
    "id": "208830STK",
    "title": "Ella's Kitchen Maize puffs wortel + pastinaak 6+ biologisch 20 g",
    "category": "Drogisterij en baby",
    "price": 1.56,
    "promoPrice": null,
    "pricePerUnit": "78.0 kg",
    "image": "https://www.jumbo.com/dam-images/fit-in/360x360/Products/29042025_1745890266571_1745890269220_208830_STK_05060503500440_C1N1.png",
    "available": true,
    "promoUntil": null
  },
  {
    "id": "577105STK",
    "title": "Ella's Kitchen Mango's, peren + papaya's 4+ biologisch 120 g",
    "category": "Drogisterij en baby",
    "price": 1.93,
    "promoPrice": null,
    "pricePerUnit": "16.08 kg",
    "image": "https://www.jumbo.com/dam-images/fit-in/360x360/Products/17102024_1729130397391_1729130400529_577105_STK_05060503500761_C1N1.png",
    "available": true,
    "promoUntil": null
  },
  {
    "id": "679846BLS",
    "title": "HEMA Kaarsenhulzen",
    "category": "Non-food en servicebalie",
    "price": 1.89,
    "promoPrice": null,
    "pricePerUnit": "0.06 pieces",
    "image": "https://www.jumbo.com/dam-images/fit-in/360x360/Products/14022025_1739526445353_1739526448120_679846_BLS_08713475461116_C1N1.png",
    "available": true,
    "promoUntil": null
  },
  {
    "id": "648764TRA",
    "title": "Jumbo Bak Camembert Kaas 40+ 75g",
    "category": "Vleeswaren, kaas en tapas",
    "price": 1.48,
    "promoPrice": null,
    "pricePerUnit": "19.73 kg",
    "image": "https://www.jumbo.com/dam-images/fit-in/360x360/Products/22072024_1721637327941_1721637334662_8718452819294_1.png",
    "available": true,
    "promoUntil": null
  },
  {
    "id": "701885STK",
    "title": "HEMA Klustape Waterproof 50mm x 10m",
    "category": "Non-food en servicebalie",
    "price": 3.69,
    "promoPrice": null,
    "pricePerUnit": "3.69 pieces",
    "image": "https://www.jumbo.com/dam-images/fit-in/360x360/Products/13122024_1734084870186_1734084876573_669266_STK_08716618495320_C1N1.png",
    "available": true,
    "promoUntil": null
  },
  {
    "id": "441117STK",
    "title": "Jumbo Boterhamworst en Snijworst",
    "category": "Vleeswaren, kaas en tapas",
    "price": 4.5,
    "promoPrice": null,
    "pricePerUnit": "None None",
    "image": "https://www.jumbo.com/dam-images/fit-in/360x360/Products/441117STK3b8a91a8-d52d-4949-bb92-abed4d927bab-1705505239684.png",
    "available": true,
    "promoUntil": null
  },
  {
    "id": "695625POT",
    "title": "Grand'Italia Pesto Tartufo met Truffel en Ricotta 90 g",
    "category": "Wereldkeukens, kruiden, pasta en rijst",
    "price": 2.49,
    "promoPrice": null,
    "pricePerUnit": "27.67 kg",
    "image": "https://www.jumbo.com/dam-images/fit-in/360x360/Products/28042025_1745823286603_1745823291906_695625_POT_00000080024163_C1N1.png",
    "available": true,
    "promoUntil": null
  },
  {
    "id": "653890CUP",
    "title": "Jumbo Empanada BBQ Chicken 80 g ",
    "category": "Vleeswaren, kaas en tapas",
    "price": 2.49,
    "promoPrice": null,
    "pricePerUnit": "31.13 kg",
    "image": "https://www.jumbo.com/dam-images/fit-in/360x360/Products/09092025_1757421321992_1757421334476_8718452824946_1.png",
    "available": true,
    "promoUntil": null
  },
  {
    "id": "66811ZK",
    "title": "Catisfactions met Heerlijke Kaas 60 g",
    "category": "Huishouden en dieren",
    "price": 2.06,
    "promoPrice": null,
    "pricePerUnit": "34.33 kg",
    "image": "https://www.jumbo.com/dam-images/fit-in/360x360/Products/02072025_1751445186978_1751445202180_5998749117798_596.png",
    "available": true,
    "promoUntil": null
  },
  {
    "id": "179066STK",
    "title": "Centrum Women multivitaminen & multimineralen tabletten, 90 stuks",
    "category": "Drogisterij en baby",
    "price": 27.99,
    "promoPrice": null,
    "pricePerUnit": "0.31 pieces",
    "image": "https://www.jumbo.com/dam-images/fit-in/360x360/Products/24092025_1758672135715_1758672146307_8712769024686_1.png",
    "available": true,
    "promoUntil": null
  },
  {
    "id": "710525DS",
    "title": "Gulpener - Blond - Fles - 4 x 300ML",
    "category": "Bier en wijn",
    "price": 6.39,
    "promoPrice": null,
    "pricePerUnit": "5.32 l",
    "image": "https://www.jumbo.com/dam-images/fit-in/360x360/Products/25032024_1711381813364_1711381827316_8725500171068_1.png",
    "available": true,
    "promoUntil": null
  },
  {
    "id": "642057FLS",
    "title": "Jumbo Shot Shine 125ML",
    "category": "Frisdrank en sappen",
    "price": 1.0,
    "promoPrice": null,
    "pricePerUnit": "8.0 l",
    "image": "https://www.jumbo.com/dam-images/fit-in/360x360/Products/15042025_1744731176985_1744731181580_8718452856480_1.png",
    "available": true,
    "promoUntil": null
  },
  {
    "id": "680020FLS",
    "title": "AA-Drink Pro Energy 0,5L",
    "category": "Frisdrank en sappen",
    "price": 1.29,
    "promoPrice": null,
    "pricePerUnit": "2.58 l",
    "image": "https://www.jumbo.com/dam-images/fit-in/360x360/Products/14022025_1739540621929_1739540626163_680020_FLS_08722200962866_C1N1.png",
    "available": true,
    "promoUntil": null
  },
  {
    "id": "623057STK",
    "title": "Ella's Kitchen Biologische Fruit smoothies 4 x 90g",
    "category": "Drogisterij en baby",
    "price": 4.92,
    "promoPrice": null,
    "pricePerUnit": "None None",
    "image": "https://www.jumbo.com/dam-images/fit-in/360x360/Products/623057STK1fe7e7fed-e87c-40cc-ad61-ac1f4f60f376-1712647078676.png",
    "available": true,
    "promoUntil": null
  },
  {
    "id": "716818DS",
    "title": "GilletteLabs Scheermes 1 Handvat Met 1 Navulmesje",
    "category": "Drogisterij en baby",
    "price": 29.99,
    "promoPrice": null,
    "pricePerUnit": "29.99 pieces",
    "image": "https://www.jumbo.com/dam-images/fit-in/360x360/Products/29082025_1756492412170_1756492416017_8700216561105_1.png",
    "available": true,
    "promoUntil": null
  },
  {
    "id": "582450PAK",
    "title": "Hero Cassis No Bubbles 1,5 L",
    "category": "Frisdrank en sappen",
    "price": 2.85,
    "promoPrice": null,
    "pricePerUnit": "1.9 l",
    "image": "https://www.jumbo.com/dam-images/fit-in/360x360/Products/02122023_1701492125858_1701492128234_582450_PAK_08713500013136_C1N1.png",
    "available": true,
    "promoUntil": null
  },
  {
    "id": "459727ZK",
    "title": "Jumbo Musket Flikken 150 g",
    "category": "Koek, snoep, chocolade en chips",
    "price": 2.49,
    "promoPrice": null,
    "pricePerUnit": "16.6 kg",
    "image": "https://www.jumbo.com/dam-images/fit-in/360x360/Products/459727_8718452576357_1_T1_459727ZK1691163371270.png",
    "available": true,
    "promoUntil": null
  },
  {
    "id": "568976STK",
    "title": "Jumbo Rund Kauwsticks Volwassen Honden 3 x 5 Stuks",
    "category": "Huishouden en dieren",
    "price": 2.22,
    "promoPrice": null,
    "pricePerUnit": "None None",
    "image": "https://www.jumbo.com/dam-images/fit-in/360x360/Products/568976_20222246_1_T1_568976STK1691077389595.png",
    "available": true,
    "promoUntil": null
  },
  {
    "id": "573223POT",
    "title": "Jumbo Tapenade met Truffel 130 g",
    "category": "Vleeswaren, kaas en tapas",
    "price": 2.79,
    "promoPrice": null,
    "pricePerUnit": "21.46 kg",
    "image": "https://www.jumbo.com/dam-images/fit-in/360x360/Products/18022025_1739896393290_1739896400399_8718452727643_1.png",
    "available": true,
    "promoUntil": null
  },
  {
    "id": "685591STK",
    "title": "Jumbo Verspakket Italiaanse Lasagne 4 Personen",
    "category": "Wereldkeukens, kruiden, pasta en rijst",
    "price": 14.33,
    "promoPrice": null,
    "pricePerUnit": "None None",
    "image": "https://www.jumbo.com/dam-images/fit-in/360x360/Products/20058470d0dac76c-d1a8-4cf8-a5f6-57caab795c9b-1741704828861.png",
    "available": true,
    "promoUntil": null
  },
  {
    "id": "624997FLS",
    "title": "Bellacini - Prosecco - Biologisch - 750ML",
    "category": "Bier en wijn",
    "price": 6.99,
    "promoPrice": null,
    "pricePerUnit": "9.32 l",
    "image": "https://www.jumbo.com/dam-images/fit-in/360x360/Products/08082025_1754678043912_1754678047634_8437023708743_1.png",
    "available": true,
    "promoUntil": null
  },
  {
    "id": "419434PAK",
    "title": "FELIX® Heerlijke Reepjes Farm Selectie Kattenvoer 12x80g",
    "category": "Huishouden en dieren",
    "price": 6.27,
    "promoPrice": null,
    "pricePerUnit": "6.53 kg",
    "image": "https://www.jumbo.com/dam-images/fit-in/360x360/Products/23092025_1758592724092_1758592744994_419434_PAK_07613038044477_C1N1_s01.png",
    "available": true,
    "promoUntil": null
  },
  {
    "id": "650030BLS",
    "title": "GUM Trav-Ler ISO 1 0.8 mm 1 Stuk",
    "category": "Drogisterij en baby",
    "price": 6.49,
    "promoPrice": null,
    "pricePerUnit": "1.08 pieces",
    "image": "https://www.jumbo.com/dam-images/fit-in/360x360/Products/28022025_1740710271823_1740710277166_650030_BLS_07630019900164_C1N1.png",
    "available": true,
    "promoUntil": null
  },
  {
    "id": "515121FLS",
    "title": "Gulden Draak - Classic Tripel - Fles - 330ML",
    "category": "Bier en wijn",
    "price": 2.49,
    "promoPrice": null,
    "pricePerUnit": "7.55 l",
    "image": "https://www.jumbo.com/dam-images/fit-in/360x360/Products/20092025_1758336879352_1758336881980_515121_FLS_05411663002716_C1N1.png",
    "available": true,
    "promoUntil": null
  },
  {
    "id": "407741PAK",
    "title": "Daawat Snelkokende Bruine Basmatirijst 1kg",
    "category": "Wereldkeukens, kruiden, pasta en rijst",
    "price": 4.39,
    "promoPrice": null,
    "pricePerUnit": "4.39 kg",
    "image": "https://www.jumbo.com/dam-images/fit-in/360x360/Products/09082023_1691588062476_1691588143880_8719632250180_1.png",
    "available": true,
    "promoUntil": null
  },
  {
    "id": "633353STK",
    "title": "Jumbo Biologisch Babyvoeding Appel, Ananas & Granen 6+ Maanden 190 g",
    "category": "Drogisterij en baby",
    "price": 1.19,
    "promoPrice": null,
    "pricePerUnit": "6.26 kg",
    "image": "https://www.jumbo.com/dam-images/fit-in/360x360/Products/22082024_1724340927045_1724340934185_8718452803996_1.png",
    "available": true,
    "promoUntil": null
  },
  {
    "id": "577035STK",
    "title": "Ella's Kitchen Baby mango ontbijtje 6+ biologisch 100 g",
    "category": "Drogisterij en baby",
    "price": 1.83,
    "promoPrice": null,
    "pricePerUnit": "18.3 kg",
    "image": "https://www.jumbo.com/dam-images/fit-in/360x360/Products/10082023_1691677713720_1691677721273_5060107335226_1.png",
    "available": true,
    "promoUntil": null
  },
  {
    "id": "678613DS",
    "title": "HEMA 4x Accentueerstiften",
    "category": "Non-food en servicebalie",
    "price": 1.79,
    "promoPrice": null,
    "pricePerUnit": "0.45 pieces",
    "image": "https://www.jumbo.com/dam-images/fit-in/360x360/Products/07022025_1738939721425_1738939725464_678613_DS_08720354975787_C1N1.png",
    "available": true,
    "promoUntil": null
  },
  {
    "id": "681164STK",
    "title": "HEMA RVS Rietjes 4 Stuks",
    "category": "Non-food en servicebalie",
    "price": 2.99,
    "promoPrice": null,
    "pricePerUnit": "0.75 pieces",
    "image": "https://www.jumbo.com/dam-images/fit-in/360x360/Products/09082023_1691594375253_1691594398540_8718537781492_1.png",
    "available": true,
    "promoUntil": null
  },
  {
    "id": "672229DS",
    "title": "Handgebrand Italiaanse Mix Gezouten 200 g",
    "category": "Vleeswaren, kaas en tapas",
    "price": 3.99,
    "promoPrice": null,
    "pricePerUnit": "19.95 kg",
    "image": "https://www.jumbo.com/dam-images/fit-in/360x360/Products/28022025_1740753170114_1740753178702_8720941907993_1.png",
    "available": true,
    "promoUntil": null
  },
  {
    "id": "641366KGR",
    "title": "Jumbo Coburger Gerookt ca. 105 g",
    "category": "Vleeswaren, kaas en tapas",
    "price": 3.0,
    "promoPrice": null,
    "pricePerUnit": "28.57 kg",
    "image": "https://www.jumbo.com/dam-images/fit-in/360x360/Products/17062025_1750152846552_1750152851060_2349035000000_1.png",
    "available": true,
    "promoUntil": null
  },
  {
    "id": "524671STK",
    "title": "Corega Free Kleefcrème voor het kunstgebit 70 g",
    "category": "Drogisterij en baby",
    "price": 7.91,
    "promoPrice": null,
    "pricePerUnit": "113.0 kg",
    "image": "https://www.jumbo.com/dam-images/fit-in/360x360/Products/14062025_1749866570445_1749866573441_524671_STK_05054563041074_C1N1.png",
    "available": true,
    "promoUntil": null
  },
  {
    "id": "661115KGR",
    "title": "Jumbo Magor Kaas ca. 150 g",
    "category": "Vleeswaren, kaas en tapas",
    "price": 3.38,
    "promoPrice": null,
    "pricePerUnit": "20.49 kg",
    "image": "https://www.jumbo.com/dam-images/fit-in/360x360/Products/12122024_1734014505409_1734014510539_2333560000000_1.png",
    "available": true,
    "promoUntil": null
  },
  {
    "id": "689504CUP",
    "title": "Jumbo Munt Pesto 100 g",
    "category": "Vleeswaren, kaas en tapas",
    "price": 2.19,
    "promoPrice": null,
    "pricePerUnit": "21.9 kg",
    "image": "https://www.jumbo.com/dam-images/fit-in/360x360/Products/07072025_1751902636401_1751902643951_8718452923915_1.png",
    "available": true,
    "promoUntil": null
  },
  {
    "id": "614913CUP",
    "title": "Jumbo Olijven Mammoet 130 g",
    "category": "Vleeswaren, kaas en tapas",
    "price": 2.09,
    "promoPrice": null,
    "pricePerUnit": "16.08 kg",
    "image": "https://www.jumbo.com/dam-images/fit-in/360x360/Products/29052024_1717000393729_1717000402065_8718452809837_1.png",
    "available": true,
    "promoUntil": null
  },
  {
    "id": "648726KGR",
    "title": "Jumbo Roquefort Kaas 52+ ca. 170 g",
    "category": "Vleeswaren, kaas en tapas",
    "price": 4.59,
    "promoPrice": null,
    "pricePerUnit": "26.99 kg",
    "image": "https://www.jumbo.com/dam-images/fit-in/360x360/Products/09082023_1691587626958_1691587642041_2333555000000_1.png",
    "available": true,
    "promoUntil": null
  },
  {
    "id": "329622STK",
    "title": "Hot Coldrex Coldrex 3-in-1 Neusspray, 20ml",
    "category": "Drogisterij en baby",
    "price": 9.29,
    "promoPrice": null,
    "pricePerUnit": "464.5 l",
    "image": "https://www.jumbo.com/dam-images/fit-in/360x360/Products/24092025_1758672091392_1758672096049_8710537043105_1.png",
    "available": true,
    "promoUntil": null
  },
  {
    "id": "503963DS",
    "title": "Birra Moretti Zero 0.0 Bier Fles 6 x 300ml",
    "category": "Bier en wijn",
    "price": 6.65,
    "promoPrice": null,
    "pricePerUnit": "3.69 l",
    "image": "https://www.jumbo.com/dam-images/fit-in/360x360/Products/07012025_1736267673791_1736267680360_8712000058586_1.png",
    "available": true,
    "promoUntil": null
  },
  {
    "id": "192642ZK",
    "title": "Dalla Costa Biologische Strozzapreti van Linzen 250 g",
    "category": "Wereldkeukens, kruiden, pasta en rijst",
    "price": 2.99,
    "promoPrice": null,
    "pricePerUnit": "11.96 kg",
    "image": "https://www.jumbo.com/dam-images/fit-in/360x360/Products/14062024_1718332336989_1718332352841_192642_ZK_08016419001547_C1N1.png",
    "available": true,
    "promoUntil": null
  },
  {
    "id": "711444STK",
    "title": "Jumbo Biologisch Paté met Kip 3 x 100 g",
    "category": "Huishouden en dieren",
    "price": 2.34,
    "promoPrice": null,
    "pricePerUnit": "None None",
    "image": "https://www.jumbo.com/dam-images/fit-in/360x360/Products/20258436787b9c1f-b068-4741-93e0-ef2d0f629c37-1753711102852.png",
    "available": true,
    "promoUntil": null
  },
  {
    "id": "126037ZK",
    "title": "Jumbo Stroopwafels Zeeuwse Babbelaar 315 g",
    "category": "Koek, snoep, chocolade en chips",
    "price": 3.29,
    "promoPrice": null,
    "pricePerUnit": "10.44 kg",
    "image": "https://www.jumbo.com/dam-images/fit-in/360x360/Products/126037_8718452095230_1_T1_126037ZK1691391973603.png",
    "available": true,
    "promoUntil": null
  },
  {
    "id": "657403STK",
    "title": "Hertog Jan krat en Bud 6-pack",
    "category": "Bier en wijn",
    "price": 28.91,
    "promoPrice": null,
    "pricePerUnit": "None None",
    "image": "https://www.jumbo.com/dam-images/fit-in/360x360/Products/20058326a7ef7a0e-1ab1-42b6-9fb7-c0e5db5074ae-1729604432440.png",
    "available": true,
    "promoUntil": null
  },
  {
    "id": "259368STK",
    "title": "Always Platinum Long (Maat 2) Maandverband Met Vleugels 10",
    "category": "Drogisterij en baby",
    "price": 2.99,
    "promoPrice": null,
    "pricePerUnit": "0.3 pieces",
    "image": "https://www.jumbo.com/dam-images/fit-in/360x360/Products/15082025_1755216054147_1755216058379_8001090899101_1.png",
    "available": true,
    "promoUntil": null
  },
  {
    "id": "616663DS",
    "title": "Elmex Tandpasta Sensitive 75ML",
    "category": "Drogisterij en baby",
    "price": 5.99,
    "promoPrice": null,
    "pricePerUnit": "79.87 l",
    "image": "https://www.jumbo.com/dam-images/fit-in/360x360/Products/05032024_1709604636296_1709604638747_616663_DS_08718951652521_C1N1.png",
    "available": true,
    "promoUntil": null
  },
  {
    "id": "489650FLS",
    "title": "Coppa Cocktails - Strawberry Daiquiri - 700ML",
    "category": "Bier en wijn",
    "price": 13.99,
    "promoPrice": null,
    "pricePerUnit": "19.99 l",
    "image": "https://www.jumbo.com/dam-images/fit-in/360x360/Products/06112024_1730861389956_1730861405126_489650_FLS_08712436104840_C1N1.png",
    "available": true,
    "promoUntil": null
  },
  {
    "id": "686944DS",
    "title": "Aquafresh White & Shine Tandpasta 5 Stuks",
    "category": "Drogisterij en baby",
    "price": 9.99,
    "promoPrice": null,
    "pricePerUnit": "26.64 l",
    "image": "https://www.jumbo.com/dam-images/fit-in/360x360/Products/17032025_1742223979988_1742223983517_686944_DS_05054563259141_C1N1.png",
    "available": true,
    "promoUntil": null
  },
  {
    "id": "672251DS",
    "title": "Handgebrand Appeltaart Rotsen 140 g",
    "category": "Vleeswaren, kaas en tapas",
    "price": 3.99,
    "promoPrice": null,
    "pricePerUnit": "28.5 kg",
    "image": "https://www.jumbo.com/dam-images/fit-in/360x360/Products/25022025_1740474237443_1740474244209_8720941908242_1.png",
    "available": true,
    "promoUntil": null
  },
  {
    "id": "698632FLS",
    "title": "Andrélon Shampoo Levendig Lang 300 ml",
    "category": "Drogisterij en baby",
    "price": 6.49,
    "promoPrice": null,
    "pricePerUnit": "25.96 l",
    "image": "https://www.jumbo.com/dam-images/fit-in/360x360/Products/05062025_1749119590946_1749119594639_8720181576676_1.png",
    "available": true,
    "promoUntil": null
  },
  {
    "id": "579804FLS",
    "title": "Chimay - Pères Trappistes - Fles - 330ML",
    "category": "Bier en wijn",
    "price": 2.59,
    "promoPrice": null,
    "pricePerUnit": "7.85 l",
    "image": "https://www.jumbo.com/dam-images/fit-in/360x360/Products/09082023_1691585362512_1691585372562_5410908000036_1.png",
    "available": true,
    "promoUntil": null
  },
  {
    "id": "311813PAK",
    "title": "Grolsch Winterbok 6x300ML",
    "category": "Bier en wijn",
    "price": 8.09,
    "promoPrice": null,
    "pricePerUnit": "4.49 l",
    "image": "https://www.jumbo.com/dam-images/fit-in/360x360/Products/08716700017225H1N17bfcc2f0-e309-472a-adb5-3696409042d5-1758098438497.png",
    "available": true,
    "promoUntil": null
  },
  {
    "id": "706816ZK",
    "title": "Edet Smart Toiletpapier 4 Rollen",
    "category": "Huishouden en dieren",
    "price": 4.49,
    "promoPrice": null,
    "pricePerUnit": "1.12 pieces",
    "image": "https://www.jumbo.com/dam-images/fit-in/360x360/Products/26062025_1750940790684_1750940794640_706816_ZK_.png",
    "available": true,
    "promoUntil": null
  },
  {
    "id": "710523FLS",
    "title": "Gulpener - Korenwolf - Fles - 300ML",
    "category": "Bier en wijn",
    "price": 1.65,
    "promoPrice": null,
    "pricePerUnit": "5.5 l",
    "image": "https://www.jumbo.com/dam-images/fit-in/360x360/Products/23072025_1753262396646_1753262398488_710523_FLS_08725500171440_C1N1.png",
    "available": true,
    "promoUntil": null
  },
  {
    "id": "401367ZK",
    "title": "Jumbo Fornaccini Toast Rozemarijn 150 g",
    "category": "Koek, snoep, chocolade en chips",
    "price": 1.59,
    "promoPrice": null,
    "pricePerUnit": "10.6 kg",
    "image": "https://www.jumbo.com/dam-images/fit-in/360x360/Products/09082023_1691588004699_1691588017422_8718452505791_1.png",
    "available": true,
    "promoUntil": null
  },
  {
    "id": "575946CUP",
    "title": "Jumbo Ongezouten Cranberry Notenmix 145 g",
    "category": "Koek, snoep, chocolade en chips",
    "price": 3.49,
    "promoPrice": null,
    "pricePerUnit": "24.07 kg",
    "image": "https://www.jumbo.com/dam-images/fit-in/360x360/Products/23112023_1700746391907_1700746399775_8718452740116_1.png",
    "available": true,
    "promoUntil": null
  },
  {
    "id": "544631ZK",
    "title": "Always Platinum Day & Night (maat 3) Maandverband",
    "category": "Drogisterij en baby",
    "price": 2.99,
    "promoPrice": null,
    "pricePerUnit": "0.37 pieces",
    "image": "https://www.jumbo.com/dam-images/fit-in/360x360/Products/15082025_1755216054649_1755216060105_8001090899132_1.png",
    "available": true,
    "promoUntil": null
  },
  {
    "id": "388416STK",
    "title": "A. Vogel Echinaforce Junior weerstand + vitamine C kauwtabletten, 80 stuks",
    "category": "Drogisterij en baby",
    "price": 12.29,
    "promoPrice": null,
    "pricePerUnit": "0.15 pieces",
    "image": "https://www.jumbo.com/dam-images/fit-in/360x360/Products/24092025_1758672136253_1758672145170_8711596594164_1.png",
    "available": true,
    "promoUntil": null
  },
  {
    "id": "96186STK",
    "title": "Aspirine tabletten 100 mg, helpt bij pijn, 20 stuks",
    "category": "Drogisterij en baby",
    "price": 4.79,
    "promoPrice": null,
    "pricePerUnit": "0.24 pieces",
    "image": "https://www.jumbo.com/dam-images/fit-in/360x360/Products/24092025_1758672106637_1758672111149_8713091001055_1.png",
    "available": true,
    "promoUntil": null
  },
  {
    "id": "506842FLS",
    "title": "Garnier SkinActive Micellair Water Vitamine C* - 400 ml",
    "category": "Drogisterij en baby",
    "price": 8.99,
    "promoPrice": null,
    "pricePerUnit": "22.48 l",
    "image": "https://www.jumbo.com/dam-images/fit-in/360x360/Products/12122024_1734014620769_1734014623970_3600542444071_1.png",
    "available": true,
    "promoUntil": null
  },
  {
    "id": "563187ZK",
    "title": "Amoy Thai Sweet Chilli Sauce 120 g",
    "category": "Wereldkeukens, kruiden, pasta en rijst",
    "price": 1.97,
    "promoPrice": null,
    "pricePerUnit": "16.42 kg",
    "image": "https://www.jumbo.com/dam-images/fit-in/360x360/Products/21022025_1740109934595_1740109938725_563187_ZK_05000111047074_C1N1.png",
    "available": true,
    "promoUntil": null
  },
  {
    "id": "469019POT",
    "title": "Ben's Original Zoetzuur 450 g",
    "category": "Wereldkeukens, kruiden, pasta en rijst",
    "price": 2.79,
    "promoPrice": null,
    "pricePerUnit": "6.2 kg",
    "image": "https://www.jumbo.com/dam-images/fit-in/360x360/Products/04012025_1735958223006_1735958244035_469019_POT_04002359016097_H1N1.png",
    "available": true,
    "promoUntil": null
  },
  {
    "id": "576969ZK",
    "title": "Ella's Kitchen Baby bananen ontbijtje 6+ biologisch 100 g",
    "category": "Drogisterij en baby",
    "price": 1.83,
    "promoPrice": null,
    "pricePerUnit": "18.3 kg",
    "image": "https://www.jumbo.com/dam-images/fit-in/360x360/Products/10082023_1691677713676_1691677718687_5060107335240_1.png",
    "available": true,
    "promoUntil": null
  },
  {
    "id": "213043FLS",
    "title": "Flying Goose Brand Hoisin Sauce Nhãn Con Ngỗng Bay 200 ml",
    "category": "Wereldkeukens, kruiden, pasta en rijst",
    "price": 2.39,
    "promoPrice": null,
    "pricePerUnit": "11.95 l",
    "image": "https://www.jumbo.com/dam-images/fit-in/360x360/Products/30082025_1756516286703_1756516289089_213043_FLS_08853662056272_C1N1.png",
    "available": true,
    "promoUntil": null
  },
  {
    "id": "550240ZK",
    "title": "Hands Off Bites Sweet and Salty Almond 130 g",
    "category": "Koek, snoep, chocolade en chips",
    "price": 3.95,
    "promoPrice": null,
    "pricePerUnit": "30.38 kg",
    "image": "https://www.jumbo.com/dam-images/fit-in/360x360/Products/16072024_1721144059699_1721144063617_8718754740746_1.png",
    "available": true,
    "promoUntil": null
  },
  {
    "id": "586109ZK",
    "title": "Ella's Kitchen Perziken + bananen 4+ biologisch 120 g",
    "category": "Drogisterij en baby",
    "price": 1.93,
    "promoPrice": null,
    "pricePerUnit": "16.08 kg",
    "image": "https://www.jumbo.com/dam-images/fit-in/360x360/Products/19112024_1731983767793_1731983770070_586109_ZK_05060107330382_C1N1.png",
    "available": true,
    "promoUntil": null
  },
  {
    "id": "194786STK",
    "title": "Jumbo Boemboe Ajam Paniki Pittig 95 g",
    "category": "Wereldkeukens, kruiden, pasta en rijst",
    "price": 1.39,
    "promoPrice": null,
    "pricePerUnit": "14.63 kg",
    "image": "https://www.jumbo.com/dam-images/fit-in/360x360/Products/04122024_1733329976511_1733329995535_8718452765676_596.png",
    "available": true,
    "promoUntil": null
  },
  {
    "id": "496341STK",
    "title": "Advil Reliva Forte Oval-Tabs pijnstiller 400 mg, 20 stuks",
    "category": "Drogisterij en baby",
    "price": 5.99,
    "promoPrice": null,
    "pricePerUnit": "0.3 pieces",
    "image": "https://www.jumbo.com/dam-images/fit-in/360x360/Products/24092025_1758672136742_1758672146850_8712769011662_1.png",
    "available": true,
    "promoUntil": null
  },
  {
    "id": "368119TUB",
    "title": "Colgate Triple Action Whitening Tandpasta 75 ml",
    "category": "Drogisterij en baby",
    "price": 2.49,
    "promoPrice": null,
    "pricePerUnit": "33.2 l",
    "image": "https://www.jumbo.com/dam-images/fit-in/360x360/Products/09082024_1723168968774_1723168971385_368119_TUB_08718951347144_C1N1.png",
    "available": true,
    "promoUntil": null
  },
  {
    "id": "671089DS",
    "title": "Finimal 500 mg Paracetamol, 50 mg Coffeï",
    "category": "Drogisterij en baby",
    "price": 2.89,
    "promoPrice": null,
    "pricePerUnit": "0.18 pieces",
    "image": "https://www.jumbo.com/dam-images/fit-in/360x360/Products/21052025_1747785750451_1747785753695_4057598021388_1.png",
    "available": true,
    "promoUntil": null
  },
  {
    "id": "672045BLK",
    "title": "Euroma Classic Egg Topping by Jonnie Boer 44g",
    "category": "Wereldkeukens, kruiden, pasta en rijst",
    "price": 3.26,
    "promoPrice": null,
    "pricePerUnit": "74.09 kg",
    "image": "https://www.jumbo.com/dam-images/fit-in/360x360/Products/07012025_1736216497850_1736216507326_672045_BLK_08717600358142_C1N1.png",
    "available": true,
    "promoUntil": null
  },
  {
    "id": "694706ZK",
    "title": "Frisia Crunchy UFO's with Fruit Flavours The Original! Zure Hosties 36 g",
    "category": "Koek, snoep, chocolade en chips",
    "price": 1.48,
    "promoPrice": null,
    "pricePerUnit": "41.11 kg",
    "image": "https://www.jumbo.com/dam-images/fit-in/360x360/Products/02092025_1756776197547_1756776208414_694706_ZK_05411011561216_C1N1.png",
    "available": true,
    "promoUntil": null
  },
  {
    "id": "678377BLS",
    "title": "HEMA Elastieken 10 Stuks",
    "category": "Drogisterij en baby",
    "price": 2.39,
    "promoPrice": null,
    "pricePerUnit": "2.39 pieces",
    "image": "https://www.jumbo.com/dam-images/fit-in/360x360/Products/23032024_1711161505809_1711161509767_550901_BLS_08717763824461_C1N1.png",
    "available": true,
    "promoUntil": null
  },
  {
    "id": "578047ZK",
    "title": "Jumbo Kingsize Suiker Pinda's 325 g",
    "category": "Koek, snoep, chocolade en chips",
    "price": 2.99,
    "promoPrice": null,
    "pricePerUnit": "9.97 kg",
    "image": "https://www.jumbo.com/dam-images/fit-in/360x360/Products/14022024_1707873742180_1707873750909_8718452741403_1.png",
    "available": true,
    "promoUntil": null
  },
  {
    "id": "442789STK",
    "title": "Jumbo Ongezouten Walnoten, Amandelen en Cashews",
    "category": "Koek, snoep, chocolade en chips",
    "price": 8.17,
    "promoPrice": null,
    "pricePerUnit": "None None",
    "image": "https://www.jumbo.com/dam-images/fit-in/360x360/Products/442789STK9253e4dc-0bf4-43e3-a92b-7a2fdbb978ca-1727873051432.png",
    "available": true,
    "promoUntil": null
  },
  {
    "id": "177610STK",
    "title": "Centrum  Men 50+ multivitaminen & multimineralen tabletten, 90 stuks",
    "category": "Drogisterij en baby",
    "price": 32.99,
    "promoPrice": null,
    "pricePerUnit": "0.37 pieces",
    "image": "https://www.jumbo.com/dam-images/fit-in/360x360/Products/24092025_1758672134101_1758672139988_8712769024709_1.png",
    "available": true,
    "promoUntil": null
  },
  {
    "id": "544730FLS",
    "title": "Heredad de Peñalosa - Rueda - 750 ML",
    "category": "Bier en wijn",
    "price": 9.99,
    "promoPrice": null,
    "pricePerUnit": "13.32 l",
    "image": "https://www.jumbo.com/dam-images/fit-in/360x360/Products/08022024_1707359709780_1707359713931_8421474123316_1.png",
    "available": true,
    "promoUntil": null
  },
  {
    "id": "418479STK",
    "title": "Candyman Verrassingszakje Verrassend Lekkere Mix 52 g",
    "category": "Koek, snoep, chocolade en chips",
    "price": 1.21,
    "promoPrice": null,
    "pricePerUnit": "23.27 kg",
    "image": "https://www.jumbo.com/dam-images/fit-in/360x360/Products/12122023_1702352546835_1702352550916_418479_STK_08719700007432_C1N1.png",
    "available": true,
    "promoUntil": null
  },
  {
    "id": "10047PAK",
    "title": "Bubblicious Strawberry Splash 4 x 5 Stuks 4 x 38 g",
    "category": "Koek, snoep, chocolade en chips",
    "price": 2.34,
    "promoPrice": null,
    "pricePerUnit": "15.39 kg",
    "image": "https://www.jumbo.com/dam-images/fit-in/360x360/Products/02042025_1743562344930_1743562349943_10047_PAK_08723400939542_A1N1.png",
    "available": true,
    "promoUntil": null
  },
  {
    "id": "632643BLK",
    "title": "Jopen - Wit - Craft Beer - <0.5% Alcoholvrij - Blik - 330ML",
    "category": "Bier en wijn",
    "price": 2.39,
    "promoPrice": null,
    "pricePerUnit": "7.24 l",
    "image": "https://www.jumbo.com/dam-images/fit-in/360x360/Products/27062024_1719484372114_1719484378089_8714799302147_1.png",
    "available": true,
    "promoUntil": null
  },
  {
    "id": "608964PAK",
    "title": "DubbelFrisss 1Kcal Framboos - Cranberry 0,35L",
    "category": "Frisdrank en sappen",
    "price": 0.99,
    "promoPrice": null,
    "pricePerUnit": "2.83 l",
    "image": "https://www.jumbo.com/dam-images/fit-in/360x360/Products/26052025_1748277172684_1748277186150_8720157400769_1.png",
    "available": true,
    "promoUntil": null
  },
  {
    "id": "72004FLS",
    "title": "Farmlight Lampoil 1000 ml",
    "category": "Non-food en servicebalie",
    "price": 3.29,
    "promoPrice": null,
    "pricePerUnit": "3.29 l",
    "image": "https://www.jumbo.com/dam-images/fit-in/360x360/Products/09082023_1691584705101_1691584712445_8710744069509_1.png",
    "available": true,
    "promoUntil": null
  },
  {
    "id": "691467STK",
    "title": "HEMA Vershoudbakjes 600ml 4 Stuks",
    "category": "Non-food en servicebalie",
    "price": 3.69,
    "promoPrice": null,
    "pricePerUnit": "3.69 pieces",
    "image": "https://www.jumbo.com/dam-images/fit-in/360x360/Products/09082023_1691594750440_1691594758626_8720354650417_1.png",
    "available": true,
    "promoUntil": null
  },
  {
    "id": "640726POT",
    "title": "HG Tegen Stinkend Wasgoed Wasmiddeltoevoeging 500g",
    "category": "Huishouden en dieren",
    "price": 7.29,
    "promoPrice": null,
    "pricePerUnit": "0.46 wb",
    "image": "https://www.jumbo.com/dam-images/fit-in/360x360/Products/22112024_1732245674124_1732245678662_640726_POT_08711577256920_C1N1.png",
    "available": true,
    "promoUntil": null
  },
  {
    "id": "683107CUP",
    "title": "Johma Surimi Rode Currysalade 175g",
    "category": "Vleeswaren, kaas en tapas",
    "price": 3.15,
    "promoPrice": null,
    "pricePerUnit": "18.0 kg",
    "image": "https://www.jumbo.com/dam-images/fit-in/360x360/Products/16052025_1747362487885_1747362497685_683107_CUP_08710506091335_C1N1.png",
    "available": true,
    "promoUntil": null
  },
  {
    "id": "662685PAK",
    "title": "Jumbo Vochtige Toetendoekjes voor Onderweg 20 Stuks",
    "category": "Drogisterij en baby",
    "price": 1.09,
    "promoPrice": null,
    "pricePerUnit": "0.05 pieces",
    "image": "https://www.jumbo.com/dam-images/fit-in/360x360/Products/14022025_1739539722851_1739539730915_8718452816392_596.png",
    "available": true,
    "promoUntil": null
  },
  {
    "id": "157217ZK",
    "title": "Chupa Chups Fruit 16 stuks ",
    "category": "Koek, snoep, chocolade en chips",
    "price": 2.25,
    "promoPrice": null,
    "pricePerUnit": "11.72 kg",
    "image": "https://www.jumbo.com/dam-images/fit-in/360x360/Products/07072025_1751902617310_1751902623177_8410031936469_1.png",
    "available": true,
    "promoUntil": null
  },
  {
    "id": "645648KGR",
    "title": "Jumbo Berliner Wit Vel ca. 120 g",
    "category": "Vleeswaren, kaas en tapas",
    "price": 2.28,
    "promoPrice": null,
    "pricePerUnit": "19.0 kg",
    "image": "https://www.jumbo.com/dam-images/fit-in/360x360/Products/09092025_1757421315123_1757421323226_2346770000000_1.png",
    "available": true,
    "promoUntil": null
  },
  {
    "id": "621396STK",
    "title": "Jumbo Luierbroekjes Maat 4 8-15 kg 22 Stuks",
    "category": "Drogisterij en baby",
    "price": 5.89,
    "promoPrice": null,
    "pricePerUnit": "0.27 pieces",
    "image": "https://www.jumbo.com/dam-images/fit-in/360x360/Products/12122024_1734014704087_1734014709212_8718452668373_1.png",
    "available": true,
    "promoUntil": null
  },
  {
    "id": "705378BLK",
    "title": "BACARDI Sunset Punch 250ML",
    "category": "Bier en wijn",
    "price": 2.49,
    "promoPrice": null,
    "pricePerUnit": "9.96 l",
    "image": "https://www.jumbo.com/dam-images/fit-in/360x360/Products/17062025_1750163231064_1750163234518_705378_BLK_07610113027455_C1N1.png",
    "available": true,
    "promoUntil": null
  },
  {
    "id": "421530ZK",
    "title": "Jumbo Hondenbrokken Junior Kip & Rijst 1,5 kg",
    "category": "Huishouden en dieren",
    "price": 7.69,
    "promoPrice": null,
    "pricePerUnit": "5.13 kg",
    "image": "https://www.jumbo.com/dam-images/fit-in/360x360/Products/28092023_1695920456248_1695920468439_8718452508846_1.png",
    "available": true,
    "promoUntil": null
  },
  {
    "id": "408584BLK",
    "title": "Jumbo Kokosmelk 6 % Vet 400 ml",
    "category": "Wereldkeukens, kruiden, pasta en rijst",
    "price": 1.8,
    "promoPrice": null,
    "pricePerUnit": "4.5 l",
    "image": "https://www.jumbo.com/dam-images/fit-in/360x360/Products/10082023_1691676549535_1691676560432_8718452516537_1.png",
    "available": true,
    "promoUntil": null
  },
  {
    "id": "670789STK",
    "title": "HEMA Dikke Potloden 8 Stuks",
    "category": "Non-food en servicebalie",
    "price": 4.99,
    "promoPrice": null,
    "pricePerUnit": "0.62 pieces",
    "image": "https://www.jumbo.com/dam-images/fit-in/360x360/Products/08042025_1744081455604_1744081460618_670789_STK_08718537664092_C1N1.png",
    "available": true,
    "promoUntil": null
  },
  {
    "id": "647997STK",
    "title": "Jumbo Biologisch Knijpfruit Appel, Mango & Banaan 6+ Maanden 2 x 90 g",
    "category": "Drogisterij en baby",
    "price": 1.96,
    "promoPrice": null,
    "pricePerUnit": "None None",
    "image": "https://www.jumbo.com/dam-images/fit-in/360x360/Products/20230128eb00eaea-fc6d-4bf6-9da2-c70082152c93-1725526831867.png",
    "available": true,
    "promoUntil": null
  },
  {
    "id": "710997STK",
    "title": "Jumbo Kauwsticks Rund 2 x 5 Stuks",
    "category": "Huishouden en dieren",
    "price": 1.5,
    "promoPrice": null,
    "pricePerUnit": "None None",
    "image": "https://www.jumbo.com/dam-images/fit-in/360x360/Products/20258498b07b609b-8221-4be3-8aa1-f6c29581deed-1753457923072.png",
    "available": true,
    "promoUntil": null
  },
  {
    "id": "584568STK",
    "title": "Jumbo Kipfilet 4 x 175g",
    "category": "Vleeswaren, kaas en tapas",
    "price": 11.0,
    "promoPrice": null,
    "pricePerUnit": "None None",
    "image": "https://www.jumbo.com/dam-images/fit-in/360x360/Products/584568_20219512_2_1_584568STK12553379c-6a6b-4154-8444-d722149fd55c1692016781404.png",
    "available": true,
    "promoUntil": null
  },
  {
    "id": "218407STK",
    "title": "Jumbo Snack met Rund & Kip Kauwbotjes 70 g",
    "category": "Huishouden en dieren",
    "price": 2.86,
    "promoPrice": null,
    "pricePerUnit": "40.86 kg",
    "image": "https://www.jumbo.com/dam-images/fit-in/360x360/Products/19062024_1718814835743_1718814841578_8718452583980_1.png",
    "available": true,
    "promoUntil": null
  },
  {
    "id": "603742BLS",
    "title": "Jumbo Wax Flosdraad met Mintsmaak 50 m",
    "category": "Drogisterij en baby",
    "price": 1.49,
    "promoPrice": null,
    "pricePerUnit": "0.03 l",
    "image": "https://www.jumbo.com/dam-images/fit-in/360x360/Products/22012024_1705941244836_1705941254022_8718452776177_1.png",
    "available": true,
    "promoUntil": null
  },
  {
    "id": "710540FLS",
    "title": "Gulden Draak - 9000 Quadruple - Fles - 330ML",
    "category": "Bier en wijn",
    "price": 2.49,
    "promoPrice": null,
    "pricePerUnit": "7.55 l",
    "image": "https://www.jumbo.com/dam-images/fit-in/360x360/Products/20092025_1758333998889_1758334001818_710540_FLS_05411663002846_C1N1.png",
    "available": true,
    "promoUntil": null
  },
  {
    "id": "625100PAK",
    "title": "Appelsientje FruitDrink Sinaasappel 300ml",
    "category": "Frisdrank en sappen",
    "price": 1.09,
    "promoPrice": null,
    "pricePerUnit": "3.63 l",
    "image": "https://www.jumbo.com/dam-images/fit-in/360x360/Products/23062025_1750641710565_1750641745366_625100_PAK_08720157402145_C1N1.png",
    "available": true,
    "promoUntil": null
  },
  {
    "id": "464839ZK",
    "title": "BioToday Koekjes met Stukjes Chocolade 150 g",
    "category": "Koek, snoep, chocolade en chips",
    "price": 3.65,
    "promoPrice": null,
    "pricePerUnit": "24.33 kg",
    "image": "https://www.jumbo.com/dam-images/fit-in/360x360/Products/13052025_1747153986547_1747153992155_8719153037550_1.png",
    "available": true,
    "promoUntil": null
  },
  {
    "id": "633351STK",
    "title": "Jumbo Biologisch Babyvoeding Groenten, Rijst & Rundvlees 15+ Maanden 250 g",
    "category": "Drogisterij en baby",
    "price": 1.48,
    "promoPrice": null,
    "pricePerUnit": "5.92 kg",
    "image": "https://www.jumbo.com/dam-images/fit-in/360x360/Products/26082024_1724675598458_1724675604385_8718452803910_1.png",
    "available": true,
    "promoUntil": null
  },
  {
    "id": "294100STK",
    "title": "Faja Lobi Bami Trafasie 140 g",
    "category": "Wereldkeukens, kruiden, pasta en rijst",
    "price": 2.27,
    "promoPrice": null,
    "pricePerUnit": "16.21 kg",
    "image": "https://www.jumbo.com/dam-images/fit-in/360x360/Products/23032024_1711165392155_1711165400146_294100_STK_08712631995939_C1N1.png",
    "available": true,
    "promoUntil": null
  },
  {
    "id": "640734DS",
    "title": "HG Haarontstopper 450ml",
    "category": "Huishouden en dieren",
    "price": 10.69,
    "promoPrice": null,
    "pricePerUnit": "23.76 l",
    "image": "https://www.jumbo.com/dam-images/fit-in/360x360/Products/06092025_1757123361060_1757123364875_640734_DS_08711577244712_C1N1.png",
    "available": true,
    "promoUntil": null
  },
  {
    "id": "184213SC",
    "title": "Jumbo Mild Peper Mix 50 g",
    "category": "Wereldkeukens, kruiden, pasta en rijst",
    "price": 1.19,
    "promoPrice": null,
    "pricePerUnit": "23.8 kg",
    "image": "https://www.jumbo.com/dam-images/fit-in/360x360/Products/29092023_1695994872040_1695994875601_8718452237579_1.png",
    "available": true,
    "promoUntil": null
  },
  {
    "id": "620313STK",
    "title": "Jumbo Babyvoeding Biologisch Wortel 4+ Maanden 125 g",
    "category": "Drogisterij en baby",
    "price": 0.98,
    "promoPrice": null,
    "pricePerUnit": "7.84 kg",
    "image": "https://www.jumbo.com/dam-images/fit-in/360x360/Products/24052024_1716546853229_1716546862845_8718452803750_1.png",
    "available": true,
    "promoUntil": null
  },
  {
    "id": "698633FLS",
    "title": "Andrélon Conditioner Stralend Blond 200 ml",
    "category": "Drogisterij en baby",
    "price": 6.49,
    "promoPrice": null,
    "pricePerUnit": "32.45 l",
    "image": "https://www.jumbo.com/dam-images/fit-in/360x360/Products/11072025_1752244367067_1752244371980_8720181619380_1.png",
    "available": true,
    "promoUntil": null
  },
  {
    "id": "510784CUP",
    "title": "Jumbo Boemboe Gele Curry 95 g",
    "category": "Wereldkeukens, kruiden, pasta en rijst",
    "price": 0.98,
    "promoPrice": null,
    "pricePerUnit": "10.32 kg",
    "image": "https://www.jumbo.com/dam-images/fit-in/360x360/Products/04122024_1733329976735_1733329995764_8718452599639_596.png",
    "available": true,
    "promoUntil": null
  },
  {
    "id": "680031TRA",
    "title": "Jumbo Empanada Masala 200 g",
    "category": "Verse maaltijden en gemak",
    "price": 3.95,
    "promoPrice": null,
    "pricePerUnit": "19.75 kg",
    "image": "https://www.jumbo.com/dam-images/fit-in/360x360/Products/14022025_1739561668509_1739561678366_8718452826896_1.png",
    "available": true,
    "promoUntil": null
  },
  {
    "id": "578023CUP",
    "title": "Jumbo Ongebrande Cashewnoten 140 g",
    "category": "Koek, snoep, chocolade en chips",
    "price": 3.79,
    "promoPrice": null,
    "pricePerUnit": "27.07 kg",
    "image": "https://www.jumbo.com/dam-images/fit-in/360x360/Products/14022024_1707873701828_1707873705518_8718452739714_1.png",
    "available": true,
    "promoUntil": null
  },
  {
    "id": "603601BLK",
    "title": "Jopen - Blond - BIO Craft Beer Organic - Blik - 330ML",
    "category": "Bier en wijn",
    "price": 2.39,
    "promoPrice": null,
    "pricePerUnit": "7.24 l",
    "image": "https://www.jumbo.com/dam-images/fit-in/360x360/Products/07082025_1754532599037_1754532599595_603601_BLK_08714799302222_A1N1.png",
    "available": true,
    "promoUntil": null
  },
  {
    "id": "11144STK",
    "title": "Davitamon Compleet mama tabletten, 60 stuks",
    "category": "Drogisterij en baby",
    "price": 20.49,
    "promoPrice": null,
    "pricePerUnit": "0.34 pieces",
    "image": "https://www.jumbo.com/dam-images/fit-in/360x360/Products/24092025_1758672133569_1758672141239_8710537704235_1.png",
    "available": true,
    "promoUntil": null
  },
  {
    "id": "667159BLK",
    "title": "Brand Garage Lemon Mama 330ML",
    "category": "Frisdrank en sappen",
    "price": 1.79,
    "promoPrice": null,
    "pricePerUnit": "5.42 l",
    "image": "https://www.jumbo.com/dam-images/fit-in/360x360/Products/03122024_1733228197688_1733228204462_667159_BLK_04260370660693_C1N1.png",
    "available": true,
    "promoUntil": null
  },
  {
    "id": "564479DS",
    "title": "Beemster X-O schuitje 220 g",
    "category": "Vleeswaren, kaas en tapas",
    "price": 6.75,
    "promoPrice": null,
    "pricePerUnit": "30.68 kg",
    "image": "https://www.jumbo.com/dam-images/fit-in/360x360/Products/14022024_1707872591742_1707872597938_8712243004678_1.png",
    "available": true,
    "promoUntil": null
  },
  {
    "id": "709468STK",
    "title": "Catsan Natural - Kattenbakvulling - 8 L",
    "category": "Huishouden en dieren",
    "price": 14.84,
    "promoPrice": null,
    "pricePerUnit": "1.86 l",
    "image": "https://www.jumbo.com/dam-images/fit-in/360x360/Products/11072025_1752258785287_1752258799108_4008429117138_596.png",
    "available": true,
    "promoUntil": null
  },
  {
    "id": "637148ZK",
    "title": "Croky Tubes Nacho Cheese Flavour 100 g",
    "category": "Koek, snoep, chocolade en chips",
    "price": 1.59,
    "promoPrice": null,
    "pricePerUnit": "15.9 kg",
    "image": "https://www.jumbo.com/dam-images/fit-in/360x360/Products/14112024_1731594816518_1731594827944_5414359994661_596.png",
    "available": true,
    "promoUntil": null
  },
  {
    "id": "702261DS",
    "title": "Durex Nude Condooms, 10st",
    "category": "Drogisterij en baby",
    "price": 16.49,
    "promoPrice": null,
    "pricePerUnit": "1.65 pieces",
    "image": "https://www.jumbo.com/dam-images/fit-in/360x360/Products/24092025_1758672138218_1758672147443_5410036306703_1.png",
    "available": true,
    "promoUntil": null
  },
  {
    "id": "491953DS",
    "title": "Fairtrade Original Organic Jasmine Rice 400g",
    "category": "Wereldkeukens, kruiden, pasta en rijst",
    "price": 2.66,
    "promoPrice": null,
    "pricePerUnit": "6.65 kg",
    "image": "https://www.jumbo.com/dam-images/fit-in/360x360/Products/27032025_1743049981499_1743049985125_491953_DS_08711741359273_C1N1.png",
    "available": true,
    "promoUntil": null
  },
  {
    "id": "577108STK",
    "title": "Ella's Kitchen Wortels, appels + pastinaak 4+ biologisch 120 g",
    "category": "Drogisterij en baby",
    "price": 1.93,
    "promoPrice": null,
    "pricePerUnit": "16.08 kg",
    "image": "https://www.jumbo.com/dam-images/fit-in/360x360/Products/20122023_1703055193106_1703055196534_577108_STK_05060503500785_C1N1.png",
    "available": true,
    "promoUntil": null
  },
  {
    "id": "669644BLK",
    "title": "Frontaal Head First Tropical IPA 330ML",
    "category": "Bier en wijn",
    "price": 2.89,
    "promoPrice": null,
    "pricePerUnit": "8.76 l",
    "image": "https://www.jumbo.com/dam-images/fit-in/360x360/Products/17122024_1734413095224_1734413097774_669644_BLK_08721001431519_C1N1.png",
    "available": true,
    "promoUntil": null
  },
  {
    "id": "380612DS",
    "title": "Hollandia 100% Natural Toast 100 g",
    "category": "Koek, snoep, chocolade en chips",
    "price": 1.67,
    "promoPrice": null,
    "pricePerUnit": "16.7 kg",
    "image": "https://www.jumbo.com/dam-images/fit-in/360x360/Products/31072025_1753925791782_1753925807402_380612_DS_08710536100137_C1N1.png",
    "available": true,
    "promoUntil": null
  },
  {
    "id": "638043DS",
    "title": "Holie's Crunchy Bar Protein Peanut 6 x 20g",
    "category": "Koek, snoep, chocolade en chips",
    "price": 3.26,
    "promoPrice": null,
    "pricePerUnit": "27.17 kg",
    "image": "https://www.jumbo.com/dam-images/fit-in/360x360/Products/12022025_1739327155590_1739327164566_638043_DS_08720256082644_C1N1.png",
    "available": true,
    "promoUntil": null
  },
  {
    "id": "561938ZK",
    "title": "Jumbo Biologisch Gepofte Quinoa 125 g",
    "category": "Wereldkeukens, kruiden, pasta en rijst",
    "price": 1.97,
    "promoPrice": null,
    "pricePerUnit": "15.76 kg",
    "image": "https://www.jumbo.com/dam-images/fit-in/360x360/Products/14022024_1707872839038_1707872849010_8718452697816_1.png",
    "available": true,
    "promoUntil": null
  },
  {
    "id": "368172TUB",
    "title": "Colgate Blue Fresh Gel Tandpasta 75 ml",
    "category": "Drogisterij en baby",
    "price": 2.39,
    "promoPrice": null,
    "pricePerUnit": "31.87 l",
    "image": "https://www.jumbo.com/dam-images/fit-in/360x360/Products/18072024_1721269402258_1721269404733_368172_TUB_08718951359345_C1N1.png",
    "available": true,
    "promoUntil": null
  },
  {
    "id": "293535STK",
    "title": "Jumbo Fijne Boterwafels Koekjes met Roomboter 120 g",
    "category": "Koek, snoep, chocolade en chips",
    "price": 1.69,
    "promoPrice": null,
    "pricePerUnit": "14.08 kg",
    "image": "https://www.jumbo.com/dam-images/fit-in/360x360/Products/09092025_1757421313149_1757421317976_8718452407774_1.png",
    "available": true,
    "promoUntil": null
  },
  {
    "id": "691523STK",
    "title": "Jumbo Lekker Veggie Vegan Boterhamworst 110 g ",
    "category": "Vleeswaren, kaas en tapas",
    "price": 2.73,
    "promoPrice": null,
    "pricePerUnit": "24.82 kg",
    "image": "https://www.jumbo.com/dam-images/fit-in/360x360/Products/16072025_1752680048167_1752680053343_8718452750085_1.png",
    "available": true,
    "promoUntil": null
  },
  {
    "id": "626774STK",
    "title": "Aperol Spritz Pakket",
    "category": "Bier en wijn",
    "price": 26.56,
    "promoPrice": null,
    "pricePerUnit": "None None",
    "image": "https://www.jumbo.com/dam-images/fit-in/360x360/Products/20058173003e7c28-790f-4484-a6d6-f0b529a015d4-1725534731276.png",
    "available": true,
    "promoUntil": null
  },
  {
    "id": "611509DS",
    "title": "Curalyn Neusspray zoutoplossing 15ml",
    "category": "Drogisterij en baby",
    "price": 3.69,
    "promoPrice": null,
    "pricePerUnit": "246.0 l",
    "image": "https://www.jumbo.com/dam-images/fit-in/360x360/Products/24092025_1758672092994_1758672096193_8712113648544_1.png",
    "available": true,
    "promoUntil": null
  },
  {
    "id": "206429FLS",
    "title": "Fever-Tree Mediterranean Tonic Water 500 ml",
    "category": "Frisdrank en sappen",
    "price": 3.49,
    "promoPrice": null,
    "pricePerUnit": "6.98 l",
    "image": "https://www.jumbo.com/dam-images/fit-in/360x360/Products/13122023_1702437784345_1702437787418_206429_FLS_05060108450546_C1N1.png",
    "available": true,
    "promoUntil": null
  },
  {
    "id": "673753ZK",
    "title": "Jumbo Borrelzoutjes Mediterrane Stijl Krokantjes 150 g",
    "category": "Koek, snoep, chocolade en chips",
    "price": 2.7,
    "promoPrice": null,
    "pricePerUnit": "18.0 kg",
    "image": "https://www.jumbo.com/dam-images/fit-in/360x360/Products/22032025_1742611078359_1742611096788_673753_ZK_08718452879564_C1N1.png",
    "available": true,
    "promoUntil": null
  },
  {
    "id": "580734STK",
    "title": "Jumbo Microvezel Glasdoek 1 Stuk",
    "category": "Huishouden en dieren",
    "price": 1.19,
    "promoPrice": null,
    "pricePerUnit": "1.19 pieces",
    "image": "https://www.jumbo.com/dam-images/fit-in/360x360/Products/14052025_1747215231635_1747215242512_8718452699605_1.png",
    "available": true,
    "promoUntil": null
  },
  {
    "id": "652693PAK",
    "title": "Jumbo Pleisters 18 Stuks",
    "category": "Drogisterij en baby",
    "price": 1.53,
    "promoPrice": null,
    "pricePerUnit": "0.09 pieces",
    "image": "https://www.jumbo.com/dam-images/fit-in/360x360/Products/01112024_1730471708064_1730471722818_8718452855704_596.png",
    "available": true,
    "promoUntil": null
  },
  {
    "id": "637282FLS",
    "title": "Finca Las Morras - Malbec - 750ML",
    "category": "Bier en wijn",
    "price": 5.99,
    "promoPrice": 4.99,
    "pricePerUnit": "6.65 l",
    "image": "https://www.jumbo.com/dam-images/fit-in/360x360/Products/25092024_1727278476751_1727278480693_7791540127168_1.png",
    "available": true,
    "promoUntil": "di 30 sep"
  },
  {
    "id": "560534ZK",
    "title": "Always Always Cotton Protection Ultra Long Maandverbanden",
    "category": "Drogisterij en baby",
    "price": 5.49,
    "promoPrice": null,
    "pricePerUnit": "0.31 pieces",
    "image": "https://www.jumbo.com/dam-images/fit-in/360x360/Products/20092025_1758332111403_1758332113556_560534_ZK_08006540707982_C1N1.png",
    "available": true,
    "promoUntil": null
  },
  {
    "id": "512901FLS",
    "title": "Castellani Beni Duilio - Chianti Classico Riserva - 750ML",
    "category": "Bier en wijn",
    "price": 12.49,
    "promoPrice": null,
    "pricePerUnit": "16.65 l",
    "image": "https://www.jumbo.com/dam-images/fit-in/360x360/Products/03032025_1741030348730_1741030352511_8002153993088_1.png",
    "available": true,
    "promoUntil": null
  },
  {
    "id": "177853STK",
    "title": "Davitamon Magnesium tabletten voor spieren en botten, 42 stuks",
    "category": "Drogisterij en baby",
    "price": 16.49,
    "promoPrice": null,
    "pricePerUnit": "0.39 pieces",
    "image": "https://www.jumbo.com/dam-images/fit-in/360x360/Products/24092025_1758672134247_1758672141180_8710537707557_1.png",
    "available": true,
    "promoUntil": null
  },
  {
    "id": "680450STK",
    "title": "HEMA Appel/Peer Snijder Oranje 1 Stuk",
    "category": "Non-food en servicebalie",
    "price": 5.59,
    "promoPrice": null,
    "pricePerUnit": "5.59 pieces",
    "image": "https://www.jumbo.com/dam-images/fit-in/360x360/Products/25042025_1745547264396_1745547266890_680450_STK_08720354519639_C1N1.png",
    "available": true,
    "promoUntil": null
  },
  {
    "id": "686188PAK",
    "title": "CoolBest Protein Drink Mango 330ml",
    "category": "Frisdrank en sappen",
    "price": 1.99,
    "promoPrice": null,
    "pricePerUnit": "6.03 l",
    "image": "https://www.jumbo.com/dam-images/fit-in/360x360/Products/19052025_1747616885329_1747616904526_686188_PAK_08720157403333_C1N1.png",
    "available": true,
    "promoUntil": null
  },
  {
    "id": "683447PAK",
    "title": "Cote D'or Melkchocolade met Noten en Rozijnen Tablet 180g",
    "category": "Koek, snoep, chocolade en chips",
    "price": 5.73,
    "promoPrice": null,
    "pricePerUnit": "31.83 kg",
    "image": "https://www.jumbo.com/dam-images/fit-in/360x360/Products/27062025_1750988654782_1750988692270_683447_PAK_07622210995049_C1N1_s05.png",
    "available": true,
    "promoUntil": null
  },
  {
    "id": "295050STK",
    "title": "Ecosym Week Forte 100 ml",
    "category": "Drogisterij en baby",
    "price": 5.49,
    "promoPrice": null,
    "pricePerUnit": "54.9 l",
    "image": "https://www.jumbo.com/dam-images/fit-in/360x360/Products/15082025_1755223720467_1755223728769_295050_STK_08711744041311_C1N1.png",
    "available": true,
    "promoUntil": null
  },
  {
    "id": "640746FLS",
    "title": "HG Kalkweg Schuimspray 500ML",
    "category": "Huishouden en dieren",
    "price": 5.39,
    "promoPrice": null,
    "pricePerUnit": "10.78 l",
    "image": "https://www.jumbo.com/dam-images/fit-in/360x360/Products/14062025_1749866541123_1749866545299_640746_FLS_08711577008284_C1N1.png",
    "available": true,
    "promoUntil": null
  },
  {
    "id": "640727FLS",
    "title": "HG Tegen Stinkende Wasmachines 550g",
    "category": "Huishouden en dieren",
    "price": 8.81,
    "promoPrice": null,
    "pricePerUnit": "16.02 kg",
    "image": "https://www.jumbo.com/dam-images/fit-in/360x360/Products/17072024_1721196559560_1721196563850_640727_FLS_08711577230081_C1N1.png",
    "available": true,
    "promoUntil": null
  },
  {
    "id": "675704DS",
    "title": "JIMMY's Nacho Sweet Chilli Pepper and Salsa Sauce 190g",
    "category": "Koek, snoep, chocolade en chips",
    "price": 3.49,
    "promoPrice": null,
    "pricePerUnit": "18.37 kg",
    "image": "https://www.jumbo.com/dam-images/fit-in/360x360/Products/19052025_1747650766242_1747650771064_8713276432148_1.png",
    "available": true,
    "promoUntil": null
  },
  {
    "id": "592113STK",
    "title": "Jumbo Biologisch Knijpfruit Appel, Mango & Banaan 6+ Maanden 90 g",
    "category": "Drogisterij en baby",
    "price": 0.98,
    "promoPrice": null,
    "pricePerUnit": "10.89 kg",
    "image": "https://www.jumbo.com/dam-images/fit-in/360x360/Products/17042025_1744878790592_1744878796484_8718452744497_1.png",
    "available": true,
    "promoUntil": null
  },
  {
    "id": "687192ZK",
    "title": "Jumbo Kruidnoten Pure Chocolade 250 g",
    "category": "Koek, snoep, chocolade en chips",
    "price": 2.99,
    "promoPrice": null,
    "pricePerUnit": "11.96 kg",
    "image": "https://www.jumbo.com/dam-images/fit-in/360x360/Products/12062025_1749742493478_1749742507048_8718452899661_596.png",
    "available": true,
    "promoUntil": null
  },
  {
    "id": "711324CUP",
    "title": "Jumbo Gevulde Eieren Pittig 4 Stuks",
    "category": "Vleeswaren, kaas en tapas",
    "price": 2.79,
    "promoPrice": null,
    "pricePerUnit": "30.33 kg",
    "image": "https://www.jumbo.com/dam-images/fit-in/360x360/Products/15082025_1755268376849_1755268383474_8718452951338_1.png",
    "available": true,
    "promoUntil": null
  },
  {
    "id": "711034DS",
    "title": "Jumbo Ibuprofen 400mg Capsule 20 Stuks",
    "category": "Drogisterij en baby",
    "price": 5.09,
    "promoPrice": null,
    "pricePerUnit": "0.25 pieces",
    "image": "https://www.jumbo.com/dam-images/fit-in/360x360/Products/23072025_1753263428261_1753263431600_711034_DS_08718452748167_C1N1_s01.png",
    "available": true,
    "promoUntil": null
  },
  {
    "id": "612741BLK",
    "title": "Jack Daniel's Tennessee Whiskey Mixed with Coca-Cola Zero Sugar - 330ML",
    "category": "Bier en wijn",
    "price": 2.99,
    "promoPrice": null,
    "pricePerUnit": "9.06 l",
    "image": "https://www.jumbo.com/dam-images/fit-in/360x360/Products/03022024_1706930892865_1706930898257_612741_BLK_05449000193643_H1N1.png",
    "available": true,
    "promoUntil": null
  },
  {
    "id": "688278BAK",
    "title": "Jumbo Yoghurt Framboos Granola 220 g",
    "category": "Aardappelen, groente en fruit",
    "price": 2.99,
    "promoPrice": null,
    "pricePerUnit": "13.59 kg",
    "image": "https://www.jumbo.com/dam-images/fit-in/360x360/Products/19052025_1747654467793_1747654474048_8718452924462_1.png",
    "available": true,
    "promoUntil": null
  },
  {
    "id": "341858DS",
    "title": "Always Daily Cotton Protection Inlegkruisjes",
    "category": "Drogisterij en baby",
    "price": 4.75,
    "promoPrice": null,
    "pricePerUnit": "0.13 pieces",
    "image": "https://www.jumbo.com/dam-images/fit-in/360x360/Products/15082025_1755216054177_1755216057639_8001841422596_1.png",
    "available": true,
    "promoUntil": null
  },
  {
    "id": "68757STK",
    "title": "Bananenchips Lang Krosso 150 g",
    "category": "Koek, snoep, chocolade en chips",
    "price": 3.79,
    "promoPrice": null,
    "pricePerUnit": "3.79 pieces",
    "image": "https://www.jumbo.com/dam-images/fit-in/360x360/Products/29042025_1745937191996_1745937200167_8717953240705_1.png",
    "available": true,
    "promoUntil": null
  },
  {
    "id": "677826STK",
    "title": "Jumbo Paté met Zalm 6 x 100 g",
    "category": "Huishouden en dieren",
    "price": 1.62,
    "promoPrice": null,
    "pricePerUnit": "None None",
    "image": "https://www.jumbo.com/dam-images/fit-in/360x360/Products/202588010d5b08d4-fb20-41f3-a147-8f835b792d1f-1751545713870.png",
    "available": true,
    "promoUntil": null
  },
  {
    "id": "475232STK",
    "title": "Fluimucil Bruistablet bij hoesten 600 mg, 6 stuks",
    "category": "Drogisterij en baby",
    "price": 8.49,
    "promoPrice": null,
    "pricePerUnit": "1.42 pieces",
    "image": "https://www.jumbo.com/dam-images/fit-in/360x360/Products/22082025_1755820923845_1755820929296_8717056280028_1.png",
    "available": true,
    "promoUntil": null
  },
  {
    "id": "482801BLK",
    "title": "Gourmet Nature's Creations Kattenvoer nat met Kip",
    "category": "Huishouden en dieren",
    "price": 1.11,
    "promoPrice": null,
    "pricePerUnit": "13.06 kg",
    "image": "https://www.jumbo.com/dam-images/fit-in/360x360/Products/09072025_1752024526627_1752024559968_482801_BLK_08445290079688_C1N1_s02.png",
    "available": true,
    "promoUntil": null
  },
  {
    "id": "669650ZK",
    "title": "Buiteman Traditionele Krokante Koekjes met Parmigiano Reggiano & Basilicum 100 g",
    "category": "Koek, snoep, chocolade en chips",
    "price": 2.99,
    "promoPrice": null,
    "pricePerUnit": "29.9 kg",
    "image": "https://www.jumbo.com/dam-images/fit-in/360x360/Products/12082025_1754960410630_1754960423597_669650_ZK_08710873993850_C1N1.png",
    "available": true,
    "promoUntil": null
  },
  {
    "id": "173031ZK",
    "title": "Ella's Kitchen Maize puffs aardbei + banaan 6+ biologisch 20 g",
    "category": "Drogisterij en baby",
    "price": 1.56,
    "promoPrice": null,
    "pricePerUnit": "78.0 kg",
    "image": "https://www.jumbo.com/dam-images/fit-in/360x360/Products/29042025_1745893496750_1745893499579_173031_ZK_05060107338463_C1N1.png",
    "available": true,
    "promoUntil": null
  },
  {
    "id": "678427PAK",
    "title": "Galbani Mozzarella Kaas 250 g",
    "category": "Vleeswaren, kaas en tapas",
    "price": 2.29,
    "promoPrice": null,
    "pricePerUnit": "18.32 kg",
    "image": "https://www.jumbo.com/dam-images/fit-in/360x360/Products/30042025_1746023548826_1746023556194_8000430135985_1.png",
    "available": true,
    "promoUntil": null
  },
  {
    "id": "640408FLS",
    "title": "HG Glasreiniger Concentraat 500ml",
    "category": "Huishouden en dieren",
    "price": 6.49,
    "promoPrice": null,
    "pricePerUnit": "12.98 l",
    "image": "https://www.jumbo.com/dam-images/fit-in/360x360/Products/26072024_1721960595975_1721960600372_640408_FLS_08711577190286_C1N1.png",
    "available": true,
    "promoUntil": null
  },
  {
    "id": "693709DS",
    "title": "Hansaplast Kinderpleister 20 stuks",
    "category": "Drogisterij en baby",
    "price": 4.49,
    "promoPrice": null,
    "pricePerUnit": "0.22 pieces",
    "image": "https://www.jumbo.com/dam-images/fit-in/360x360/Products/15042025_1744718490557_1744718493721_693709_DS_04005800258886_C1N1.png",
    "available": true,
    "promoUntil": null
  },
  {
    "id": "641710FLS",
    "title": "Jumbo 100% Sap Golden Kiwi met Appel 750ML",
    "category": "Frisdrank en sappen",
    "price": 2.29,
    "promoPrice": null,
    "pricePerUnit": "3.05 l",
    "image": "https://www.jumbo.com/dam-images/fit-in/360x360/Products/21112024_1732214242849_1732214246108_8718452846634_1.png",
    "available": true,
    "promoUntil": null
  },
  {
    "id": "669610DS",
    "title": "Ariel 4in1 PODS Actief, Wasmiddel Capsules 15",
    "category": "Huishouden en dieren",
    "price": 15.99,
    "promoPrice": null,
    "pricePerUnit": "1.07 pieces",
    "image": "https://www.jumbo.com/dam-images/fit-in/360x360/Products/14082025_1755200015225_1755200020819_8700216648691_1.png",
    "available": true,
    "promoUntil": null
  },
  {
    "id": "558566POT",
    "title": "Grand'Italia Pesto Rosso 90 g",
    "category": "Wereldkeukens, kruiden, pasta en rijst",
    "price": 2.66,
    "promoPrice": null,
    "pricePerUnit": "29.56 kg",
    "image": "https://www.jumbo.com/dam-images/fit-in/360x360/Products/19092025_1758244419796_1758244431325_558566_POT_00000080024088_C1N1.png",
    "available": true,
    "promoUntil": null
  },
  {
    "id": "608747KGR",
    "title": "Jumbo Boeren Leidse Kaas 30+ Plakken ca. 180 g",
    "category": "Vleeswaren, kaas en tapas",
    "price": 3.48,
    "promoPrice": null,
    "pricePerUnit": "19.32 kg",
    "image": "https://www.jumbo.com/dam-images/fit-in/360x360/Products/25032024_1711381697258_1711381715799_2335615000000_1.png",
    "available": true,
    "promoUntil": null
  },
  {
    "id": "471634ZK",
    "title": "FELIX® Party Mix Original met Kip-, Lever- & Kalkoensmaak - Kattensnacks - 60g",
    "category": "Huishouden en dieren",
    "price": 1.79,
    "promoPrice": null,
    "pricePerUnit": "29.83 kg",
    "image": "https://www.jumbo.com/dam-images/fit-in/360x360/Products/10072025_1752113334409_1752113355617_471634_ZK_07613287595317_C1N1_s03.png",
    "available": true,
    "promoUntil": null
  },
  {
    "id": "701351FLS",
    "title": "Andrélon Men Marine Fresh Zuiverende Shampoo 400 ml",
    "category": "Drogisterij en baby",
    "price": 6.99,
    "promoPrice": null,
    "pricePerUnit": "17.48 l",
    "image": "https://www.jumbo.com/dam-images/fit-in/360x360/Products/15092025_1757943178041_1757943182431_8720181576737_1.png",
    "available": true,
    "promoUntil": null
  },
  {
    "id": "685494BLK",
    "title": "Bozu Night Fuel Vodka Energy 250ML",
    "category": "Bier en wijn",
    "price": 2.19,
    "promoPrice": null,
    "pricePerUnit": "8.76 l",
    "image": "https://www.jumbo.com/dam-images/fit-in/360x360/Products/08721161861058A1N1aaddb64f-8b8b-488f-9e96-10db09ea6e62-1749548841451.png",
    "available": true,
    "promoUntil": null
  },
  {
    "id": "688240FLS",
    "title": "Jopen Nonnetje IPA Fles 330ML",
    "category": "Bier en wijn",
    "price": 2.59,
    "promoPrice": null,
    "pricePerUnit": "7.85 l",
    "image": "https://www.jumbo.com/dam-images/fit-in/360x360/Products/25032025_1742931207436_1742931210681_8714799403967_1.png",
    "available": true,
    "promoUntil": null
  },
  {
    "id": "227445FLS",
    "title": "Conimex Woksaus Sweet Chili 175 ml",
    "category": "Wereldkeukens, kruiden, pasta en rijst",
    "price": 2.66,
    "promoPrice": null,
    "pricePerUnit": "15.2 l",
    "image": "https://www.jumbo.com/dam-images/fit-in/360x360/Products/22082025_1755825681161_1755825705536_227445_FLS_08711200431717_H1N1.png",
    "available": true,
    "promoUntil": null
  },
  {
    "id": "711209STK",
    "title": "Jumbo Kauwsticks Zalm 2 x 5 Stuks",
    "category": "Huishouden en dieren",
    "price": 1.2,
    "promoPrice": null,
    "pricePerUnit": "None None",
    "image": "https://www.jumbo.com/dam-images/fit-in/360x360/Products/202593660eccb584-58f4-4c2d-96ea-9cc27e0f544d-1753710410284.png",
    "available": true,
    "promoUntil": null
  },
  {
    "id": "677639STK",
    "title": "Jumbo Paté met Kip 4 x 100 g",
    "category": "Huishouden en dieren",
    "price": 1.96,
    "promoPrice": null,
    "pricePerUnit": "None None",
    "image": "https://www.jumbo.com/dam-images/fit-in/360x360/Products/2025876498eaad39-94e0-43e8-86dc-d43cd32a9090-1751283283382.png",
    "available": true,
    "promoUntil": null
  },
  {
    "id": "705177ZK",
    "title": "Jumbo Tortilla Chips Paprika 170 g",
    "category": "Koek, snoep, chocolade en chips",
    "price": 1.09,
    "promoPrice": null,
    "pricePerUnit": "6.41 kg",
    "image": "https://www.jumbo.com/dam-images/fit-in/360x360/Products/04072025_1751636012118_1751636036396_8718452897407_596.png",
    "available": true,
    "promoUntil": null
  },
  {
    "id": "705174DS",
    "title": "BenBits Peppermint Kauwgom Fliptop",
    "category": "Koek, snoep, chocolade en chips",
    "price": 1.39,
    "promoPrice": null,
    "pricePerUnit": "77.22 kg",
    "image": "https://www.jumbo.com/dam-images/fit-in/360x360/Products/06092025_1757120955421_1757120957147_705174_DS_08720865414089_A1N1.png",
    "available": true,
    "promoUntil": null
  },
  {
    "id": "604892FLS",
    "title": "Bottle Up Still Water 500ML",
    "category": "Frisdrank en sappen",
    "price": 2.95,
    "promoPrice": null,
    "pricePerUnit": "5.9 l",
    "image": "https://www.jumbo.com/dam-images/fit-in/360x360/Products/27022024_1709030047799_1709030052847_8720648863103_1.png",
    "available": true,
    "promoUntil": null
  },
  {
    "id": "136724ZK",
    "title": "Jordan Flosser 3-in-1 36 Stuks",
    "category": "Drogisterij en baby",
    "price": 4.09,
    "promoPrice": null,
    "pricePerUnit": "0.08 pieces",
    "image": "https://www.jumbo.com/dam-images/fit-in/360x360/Products/10082023_1691674904335_1691674921108_7038516858108_1.png",
    "available": true,
    "promoUntil": null
  },
  {
    "id": "593504ZK",
    "title": "Jumbo Biologisch Spelt Volkoren Spaghetti 500 g",
    "category": "Wereldkeukens, kruiden, pasta en rijst",
    "price": 2.69,
    "promoPrice": null,
    "pricePerUnit": "5.38 kg",
    "image": "https://www.jumbo.com/dam-images/fit-in/360x360/Products/27112023_1701103207605_1701103214197_8718452776948_1.png",
    "available": true,
    "promoUntil": null
  },
  {
    "id": "701681STK",
    "title": "Jumbo Hond Paté met Kip",
    "category": "Huishouden en dieren",
    "price": 3.16,
    "promoPrice": null,
    "pricePerUnit": "None None",
    "image": "https://www.jumbo.com/dam-images/fit-in/360x360/Products/20259082edaf9658-b171-42a5-a4d7-01d8dc683be4-1749040105178.png",
    "available": true,
    "promoUntil": null
  },
  {
    "id": "195422STK",
    "title": "Jumbo Woksaus Hoisin 200 ml",
    "category": "Wereldkeukens, kruiden, pasta en rijst",
    "price": 1.89,
    "promoPrice": null,
    "pricePerUnit": "9.45 l",
    "image": "https://www.jumbo.com/dam-images/fit-in/360x360/Products/09082023_1691584854680_1691584871149_8718452262007_1.png",
    "available": true,
    "promoUntil": null
  },
  {
    "id": "633349STK",
    "title": "Jumbo Biologisch Babyvoeding Linzen Stoofpotje Rundvlees 12+ Maanden 250 g",
    "category": "Drogisterij en baby",
    "price": 1.49,
    "promoPrice": null,
    "pricePerUnit": "5.96 kg",
    "image": "https://www.jumbo.com/dam-images/fit-in/360x360/Products/26082024_1724675598213_1724675604783_8718452803880_1.png",
    "available": true,
    "promoUntil": null
  },
  {
    "id": "696338DS",
    "title": "Duracell Optimum AAA 4 Stuks",
    "category": "Non-food en servicebalie",
    "price": 9.39,
    "promoPrice": null,
    "pricePerUnit": "2.35 pieces",
    "image": "https://www.jumbo.com/dam-images/fit-in/360x360/Products/01082025_1754010903397_1754010906780_696338_DS_05000394137516_C1N1.png",
    "available": true,
    "promoUntil": null
  },
  {
    "id": "669654BLK",
    "title": "Gebrouwen door Vrouwen Bloesem Blond 330ML",
    "category": "Bier en wijn",
    "price": 2.69,
    "promoPrice": null,
    "pricePerUnit": "8.15 l",
    "image": "https://www.jumbo.com/dam-images/fit-in/360x360/Products/08719689872212A1N1e36f518b-8377-47d2-8a4e-dd61a9e3f02e-1741004563359.png",
    "available": true,
    "promoUntil": null
  },
  {
    "id": "560279FLS",
    "title": "Jumbo Cayennepeper 36 g",
    "category": "Wereldkeukens, kruiden, pasta en rijst",
    "price": 1.99,
    "promoPrice": null,
    "pricePerUnit": "55.28 kg",
    "image": "https://www.jumbo.com/dam-images/fit-in/360x360/Products/30112023_1701358506363_1701358514001_8718452740758_1.png",
    "available": true,
    "promoUntil": null
  },
  {
    "id": "637137TUB",
    "title": "Aquafresh All in One Protection Pure Breath Tandpasta 75 ML",
    "category": "Drogisterij en baby",
    "price": 3.79,
    "promoPrice": null,
    "pricePerUnit": "50.53 l",
    "image": "https://www.jumbo.com/dam-images/fit-in/360x360/Products/25062024_1719324941401_1719324943526_637137_TUB_05054563215932_C1N1.png",
    "available": true,
    "promoUntil": null
  },
  {
    "id": "584978STK",
    "title": "Colgate Max Fresh Tandpasta Origineel 75 ml",
    "category": "Drogisterij en baby",
    "price": 6.45,
    "promoPrice": null,
    "pricePerUnit": "28.67 l",
    "image": "https://www.jumbo.com/dam-images/fit-in/360x360/Products/06122024_1733452585664_1733452589684_584978_STK_08718951581951_C1N1.png",
    "available": true,
    "promoUntil": null
  },
  {
    "id": "579809FLS",
    "title": "Fourchette - Tripel - Fles - 330ML",
    "category": "Bier en wijn",
    "price": 2.15,
    "promoPrice": null,
    "pricePerUnit": "6.52 l",
    "image": "https://www.jumbo.com/dam-images/fit-in/360x360/Products/20092025_1758335774399_1758335776947_579809_FLS_05411663001627_C1N1.png",
    "available": true,
    "promoUntil": null
  },
  {
    "id": "691123FLS",
    "title": "Jumbo Mocktail Piña Colada 500ML",
    "category": "Aardappelen, groente en fruit",
    "price": 2.59,
    "promoPrice": null,
    "pricePerUnit": "5.18 l",
    "image": "https://www.jumbo.com/dam-images/fit-in/360x360/Products/31072025_1753961672865_1753961675084_8718452909940_1.png",
    "available": true,
    "promoUntil": null
  },
  {
    "id": "639894PAK",
    "title": "Belgian Waffles Thijs Mini Suikerwafel met Cacaobedekking 8 x 40 g",
    "category": "Koek, snoep, chocolade en chips",
    "price": 1.95,
    "promoPrice": null,
    "pricePerUnit": "6.09 kg",
    "image": "https://www.jumbo.com/dam-images/fit-in/360x360/Products/03012025_1735900466326_1735900470860_5411423108542_1.png",
    "available": true,
    "promoUntil": null
  },
  {
    "id": "223012STK",
    "title": "Conimex Ketjap Manis Gold 250 ml",
    "category": "Wereldkeukens, kruiden, pasta en rijst",
    "price": 4.64,
    "promoPrice": null,
    "pricePerUnit": "18.56 l",
    "image": "https://www.jumbo.com/dam-images/fit-in/360x360/Products/28032025_1743134411367_1743134438374_223012_STK_08711200382163_H1N1.png",
    "available": true,
    "promoUntil": null
  },
  {
    "id": "583779FLS",
    "title": "Chimay - Blond - Fles - 330ML",
    "category": "Bier en wijn",
    "price": 3.35,
    "promoPrice": null,
    "pricePerUnit": "10.15 l",
    "image": "https://www.jumbo.com/dam-images/fit-in/360x360/Products/20092025_1758332451903_1758332454770_583779_FLS_05410908100118_C1N1.png",
    "available": true,
    "promoUntil": null
  },
  {
    "id": "432449STK",
    "title": "Dagravit Becoforte dragees, 100 stuks",
    "category": "Drogisterij en baby",
    "price": 14.99,
    "promoPrice": null,
    "pricePerUnit": "14.99 pieces",
    "image": "https://www.jumbo.com/dam-images/fit-in/360x360/Products/24092025_1758672061528_1758672067932_8711744025670_1.png",
    "available": true,
    "promoUntil": null
  },
  {
    "id": "157218ZK",
    "title": "Chupa Chups Mini 20 stuks",
    "category": "Koek, snoep, chocolade en chips",
    "price": 2.34,
    "promoPrice": null,
    "pricePerUnit": "19.5 kg",
    "image": "https://www.jumbo.com/dam-images/fit-in/360x360/Products/07072025_1751902617209_1751902623736_4601798020131_1.png",
    "available": true,
    "promoUntil": null
  },
  {
    "id": "675401EM",
    "title": "Clevers IJs Speculoos IJs 500ML",
    "category": "Diepvries",
    "price": 5.95,
    "promoPrice": null,
    "pricePerUnit": "11.9 l",
    "image": "https://www.jumbo.com/dam-images/fit-in/360x360/Products/08720589422483C1N18fded52c-cdaf-4b15-93ed-9d4d7f904b0b-1746535681242.png",
    "available": true,
    "promoUntil": null
  },
  {
    "id": "542850BLS",
    "title": "Glade Touch & Fresh Relaxing Zen 10 ml",
    "category": "Huishouden en dieren",
    "price": 3.35,
    "promoPrice": null,
    "pricePerUnit": "335.0 l",
    "image": "https://www.jumbo.com/dam-images/fit-in/360x360/Products/22092025_1758548011292_1758548018251_5000204298901_1.png",
    "available": true,
    "promoUntil": null
  },
  {
    "id": "679820DS",
    "title": "HEMA Panty Shine Transparent 20 Denier Zwart Maat XL 48/52 4 Stuks",
    "category": "Non-food en servicebalie",
    "price": 8.99,
    "promoPrice": null,
    "pricePerUnit": "2.25 pieces",
    "image": "https://www.jumbo.com/dam-images/fit-in/360x360/Products/14022025_1739525106483_1739525109022_679820_DS_08716618167104_C1N1.png",
    "available": true,
    "promoUntil": null
  },
  {
    "id": "693345STK",
    "title": "HEMA Kinderschaartje - 1 Stuk",
    "category": "Non-food en servicebalie",
    "price": 1.49,
    "promoPrice": null,
    "pricePerUnit": "1.49 pieces",
    "image": "https://www.jumbo.com/dam-images/fit-in/360x360/Products/30112023_1701313820784_1701313826118_537179_STK_08720354494783_C1N1.png",
    "available": true,
    "promoUntil": null
  },
  {
    "id": "667431STK",
    "title": "HEMA Servetten 33x33 Kaarsjes 20 Stuks",
    "category": "Non-food en servicebalie",
    "price": 1.99,
    "promoPrice": null,
    "pricePerUnit": "0.1 pieces",
    "image": "https://www.jumbo.com/dam-images/fit-in/360x360/Products/04122024_1733304082212_1733304087345_667431_STK_08720354508794_C1N1.png",
    "available": true,
    "promoUntil": null
  },
  {
    "id": "158340PAK",
    "title": "Heinz Tomaten met knoflook",
    "category": "Wereldkeukens, kruiden, pasta en rijst",
    "price": 1.51,
    "promoPrice": null,
    "pricePerUnit": "3.87 kg",
    "image": "https://www.jumbo.com/dam-images/fit-in/360x360/Products/02082025_1754097524156_1754097533170_158340_PAK_08715700422237_C1N1.png",
    "available": true,
    "promoUntil": null
  },
  {
    "id": "577084ZK",
    "title": "Ella's Kitchen Mango yoghurt 6+ biologisch 90 g",
    "category": "Drogisterij en baby",
    "price": 1.53,
    "promoPrice": null,
    "pricePerUnit": "17.0 kg",
    "image": "https://www.jumbo.com/dam-images/fit-in/360x360/Products/25022025_1740474235114_1740474238984_5060107339200_1.png",
    "available": true,
    "promoUntil": null
  },
  {
    "id": "645623POT",
    "title": "Bertolli met Basilicum en Witte Wijn Voordeelverpakking 500 g",
    "category": "Wereldkeukens, kruiden, pasta en rijst",
    "price": 3.69,
    "promoPrice": null,
    "pricePerUnit": "7.38 kg",
    "image": "https://www.jumbo.com/dam-images/fit-in/360x360/Products/06112024_1730889185695_1730889191427_8720791224271_1.png",
    "available": true,
    "promoUntil": null
  },
  {
    "id": "562819DSL",
    "title": "Always Daily Fresh Normal Met Een Frisse Geur 10 x 30 Stuks",
    "category": "Drogisterij en baby",
    "price": 29.9,
    "promoPrice": 20.93,
    "pricePerUnit": "0.07 pieces",
    "image": "https://www.jumbo.com/dam-images/fit-in/360x360/Products/562819DSL-1692362336907.png",
    "available": true,
    "promoUntil": "di 7 okt"
  },
  {
    "id": "552408PAK",
    "title": "Chokay Almond Sea Salt 85 g",
    "category": "Koek, snoep, chocolade en chips",
    "price": 3.29,
    "promoPrice": null,
    "pricePerUnit": "38.71 kg",
    "image": "https://www.jumbo.com/dam-images/fit-in/360x360/Products/14022024_1707872531041_1707872536372_8718481612248_1.png",
    "available": true,
    "promoUntil": null
  },
  {
    "id": "378546STK",
    "title": "Jumbo Geitenkaas 48+ Spek 80 g",
    "category": "Vleeswaren, kaas en tapas",
    "price": 2.29,
    "promoPrice": null,
    "pricePerUnit": "28.63 kg",
    "image": "https://www.jumbo.com/dam-images/fit-in/360x360/Products/09082023_1691587249240_1691587256210_8718452489978_1.png",
    "available": true,
    "promoUntil": null
  },
  {
    "id": "672957CUP",
    "title": "Jumbo Smokey Hot Chicken Salade 150 g",
    "category": "Vleeswaren, kaas en tapas",
    "price": 2.45,
    "promoPrice": null,
    "pricePerUnit": "16.33 kg",
    "image": "https://www.jumbo.com/dam-images/fit-in/360x360/Products/21052025_1747837989245_1747837997337_8718452904167_1.png",
    "available": true,
    "promoUntil": null
  },
  {
    "id": "706319STK",
    "title": "Cremeux Blanc Kaas 150 g",
    "category": "Vleeswaren, kaas en tapas",
    "price": 2.5,
    "promoPrice": null,
    "pricePerUnit": "16.67 kg",
    "image": "https://www.jumbo.com/dam-images/fit-in/360x360/Products/20082025_1755696814822_1755696821817_8720634784450_1.png",
    "available": true,
    "promoUntil": null
  },
  {
    "id": "617008BLK",
    "title": "Euroma African style BBQ by Jonnie Boer",
    "category": "Wereldkeukens, kruiden, pasta en rijst",
    "price": 3.55,
    "promoPrice": null,
    "pricePerUnit": "72.45 kg",
    "image": "https://www.jumbo.com/dam-images/fit-in/360x360/Products/03062024_1717414577598_1717414588118_8717600352003_1.png",
    "available": true,
    "promoUntil": null
  },
  {
    "id": "684433DS",
    "title": "Al'Fez Middle Eastern Style Salad Bowl 150 g",
    "category": "Wereldkeukens, kruiden, pasta en rijst",
    "price": 3.16,
    "promoPrice": null,
    "pricePerUnit": "21.07 kg",
    "image": "https://www.jumbo.com/dam-images/fit-in/360x360/Products/23042025_1745417728192_1745417733345_684433_DS_05010338000318_C1N1.png",
    "available": true,
    "promoUntil": null
  },
  {
    "id": "562845FLS",
    "title": "Arizona Green Tea Peach 1L",
    "category": "Frisdrank en sappen",
    "price": 2.19,
    "promoPrice": null,
    "pricePerUnit": "2.19 l",
    "image": "https://www.jumbo.com/dam-images/fit-in/360x360/Products/562845_613008765736_2_1_562845FLS11a8d2cef-ef34-44aa-ad63-5309a3ebbb3d1692112235630.png",
    "available": true,
    "promoUntil": null
  },
  {
    "id": "636443FLS",
    "title": "Dove Soothing Caring Bath Badcrème Amandelolie & Hibiscus 450 ml",
    "category": "Drogisterij en baby",
    "price": 5.99,
    "promoPrice": null,
    "pricePerUnit": "13.31 l",
    "image": "https://www.jumbo.com/dam-images/fit-in/360x360/Products/02062025_1748828525335_1748828547252_636443_FLS_08720181494253_H1N1.png",
    "available": true,
    "promoUntil": null
  },
  {
    "id": "670059STK",
    "title": "HEMA Sokken Melange 43/46 5 Paar",
    "category": "Non-food en servicebalie",
    "price": 11.99,
    "promoPrice": null,
    "pricePerUnit": "2.4 pieces",
    "image": "https://www.jumbo.com/dam-images/fit-in/360x360/Products/18032025_1742265748789_1742265751473_670059_STK_08718537611553_C1N1.png",
    "available": true,
    "promoUntil": null
  },
  {
    "id": "577104STK",
    "title": "Ella's Kitchen Bananen + kokos 4+ biologisch 120 g",
    "category": "Drogisterij en baby",
    "price": 1.93,
    "promoPrice": null,
    "pricePerUnit": "16.08 kg",
    "image": "https://www.jumbo.com/dam-images/fit-in/360x360/Products/06012025_1736152387199_1736152391701_5060503500648_1.png",
    "available": true,
    "promoUntil": null
  },
  {
    "id": "578766PAK",
    "title": "Ella's Kitchen Maize sticks perzik + banaan 7+ biologisch 16 g",
    "category": "Drogisterij en baby",
    "price": 1.97,
    "promoPrice": null,
    "pricePerUnit": "123.13 kg",
    "image": "https://www.jumbo.com/dam-images/fit-in/360x360/Products/10082023_1691677236769_1691677243724_5060503502307_1.png",
    "available": true,
    "promoUntil": null
  },
  {
    "id": "577102STK",
    "title": "Ella's Kitchen Zoete aardappel, pompoen + bosbes 4+ biologisch 120 g",
    "category": "Drogisterij en baby",
    "price": 1.93,
    "promoPrice": null,
    "pricePerUnit": "16.08 kg",
    "image": "https://www.jumbo.com/dam-images/fit-in/360x360/Products/06012025_1736152387274_1736152391793_5060503500709_1.png",
    "available": true,
    "promoUntil": null
  },
  {
    "id": "142675POT",
    "title": "Euroma Tijm Vriesdroog 14 g",
    "category": "Wereldkeukens, kruiden, pasta en rijst",
    "price": 2.99,
    "promoPrice": null,
    "pricePerUnit": "213.57 kg",
    "image": "https://www.jumbo.com/dam-images/fit-in/360x360/Products/12122023_1702364949975_1702364967547_142675_POT_08717600197246_C1N1.png",
    "available": true,
    "promoUntil": null
  },
  {
    "id": "459029PAK",
    "title": "Jumbo Double Chocolate Cookies 8 Stuks",
    "category": "Koek, snoep, chocolade en chips",
    "price": 1.68,
    "promoPrice": null,
    "pricePerUnit": "8.4 kg",
    "image": "https://www.jumbo.com/dam-images/fit-in/360x360/Products/18042024_1713447308417_1713447323095_8718452671465_596.png",
    "available": true,
    "promoUntil": null
  },
  {
    "id": "640761DS",
    "title": "Jumbo Spaanse Paella Rijst 500 g",
    "category": "Wereldkeukens, kruiden, pasta en rijst",
    "price": 1.67,
    "promoPrice": null,
    "pricePerUnit": "3.34 kg",
    "image": "https://www.jumbo.com/dam-images/fit-in/360x360/Products/01112024_1730471707556_1730471722239_8718452857463_596.png",
    "available": true,
    "promoUntil": null
  },
  {
    "id": "698634FLS",
    "title": "Andrélon Conditioner Kokos Volume Boost 200 ml",
    "category": "Drogisterij en baby",
    "price": 6.49,
    "promoPrice": null,
    "pricePerUnit": "32.45 l",
    "image": "https://www.jumbo.com/dam-images/fit-in/360x360/Products/02072025_1751473967463_1751473972115_8720181619342_1.png",
    "available": true,
    "promoUntil": null
  },
  {
    "id": "567419FLS",
    "title": "Anun - Gran Reserva - Carmenere - 750ML",
    "category": "Bier en wijn",
    "price": 11.99,
    "promoPrice": null,
    "pricePerUnit": "15.99 l",
    "image": "https://www.jumbo.com/dam-images/fit-in/360x360/Products/09082023_1691596141425_1691596145012_7804668318612_1.png",
    "available": true,
    "promoUntil": null
  },
  {
    "id": "707455ZK",
    "title": "Frisia Tunes Sour 150 g",
    "category": "Koek, snoep, chocolade en chips",
    "price": 1.87,
    "promoPrice": null,
    "pricePerUnit": "12.47 kg",
    "image": "https://www.jumbo.com/dam-images/fit-in/360x360/Products/05411011561223C1N1f24e8fc8-7cfe-441e-8756-77c836548a2f-1758613178768.png",
    "available": true,
    "promoUntil": null
  },
  {
    "id": "634363STK",
    "title": "Jumbo Passendale Kaas 50+ 3 Plakken 75 g",
    "category": "Vleeswaren, kaas en tapas",
    "price": 2.0,
    "promoPrice": null,
    "pricePerUnit": "26.67 kg",
    "image": "https://www.jumbo.com/dam-images/fit-in/360x360/Products/09092025_1757421317974_1757421325496_8718452807499_1.png",
    "available": true,
    "promoUntil": null
  },
  {
    "id": "308834STK",
    "title": "Corsodyl Mondspoeling 2 mg/ml, 300 ml",
    "category": "Drogisterij en baby",
    "price": 11.89,
    "promoPrice": null,
    "pricePerUnit": "39.63 l",
    "image": "https://www.jumbo.com/dam-images/fit-in/360x360/Products/24092025_1758672135957_1758672142393_5054563043665_1.png",
    "available": true,
    "promoUntil": null
  },
  {
    "id": "567381DS",
    "title": "A.Vogel Oogdruppels Ontstoken Ogen 10 ml",
    "category": "Drogisterij en baby",
    "price": 17.99,
    "promoPrice": null,
    "pricePerUnit": "1799.0 l",
    "image": "https://www.jumbo.com/dam-images/fit-in/360x360/Products/24092025_1758672137090_1758672146226_8711596595949_1.png",
    "available": true,
    "promoUntil": null
  },
  {
    "id": "189696STK",
    "title": "Jopen - Mooie Nel North Sea IPA - Fles - 330ML",
    "category": "Bier en wijn",
    "price": 2.59,
    "promoPrice": null,
    "pricePerUnit": "7.85 l",
    "image": "https://www.jumbo.com/dam-images/fit-in/360x360/Products/05122023_1701746652866_1701746654650_189696_STK_08714799401192_C1N1.png",
    "available": true,
    "promoUntil": null
  },
  {
    "id": "574145ZK",
    "title": "Bolletje Witte Chocolade Kruidnoten 250 g",
    "category": "Koek, snoep, chocolade en chips",
    "price": 3.39,
    "promoPrice": null,
    "pricePerUnit": "13.56 kg",
    "image": "https://www.jumbo.com/dam-images/fit-in/360x360/Products/18042024_1713465395952_1713465404341_8710482534598_1.png",
    "available": true,
    "promoUntil": null
  },
  {
    "id": "442933FLS",
    "title": "Dek Som Boon Black Soy Sauce 300 ml",
    "category": "Wereldkeukens, kruiden, pasta en rijst",
    "price": 2.69,
    "promoPrice": null,
    "pricePerUnit": "8.97 l",
    "image": "https://www.jumbo.com/dam-images/fit-in/360x360/Products/23102024_1729675987208_1729676003538_8850206061259_1.png",
    "available": true,
    "promoUntil": null
  },
  {
    "id": "463175FLS",
    "title": "Go-Tan Oestersaus 140ml",
    "category": "Wereldkeukens, kruiden, pasta en rijst",
    "price": 2.66,
    "promoPrice": null,
    "pricePerUnit": "19.0 l",
    "image": "https://www.jumbo.com/dam-images/fit-in/360x360/Products/28032025_1743157976947_1743157980680_8710605018714_1.png",
    "available": true,
    "promoUntil": null
  },
  {
    "id": "679987STK",
    "title": "HEMA Bindtouw Rood-Wit",
    "category": "Non-food en servicebalie",
    "price": 3.79,
    "promoPrice": null,
    "pricePerUnit": "3.79 pieces",
    "image": "https://www.jumbo.com/dam-images/fit-in/360x360/Products/14022025_1739539912378_1739539917332_679987_STK_08716618708451_C1N1.png",
    "available": true,
    "promoUntil": null
  },
  {
    "id": "678586STK",
    "title": "HEMA Feesthoedjes Multicolor 8 Stuks",
    "category": "Non-food en servicebalie",
    "price": 1.89,
    "promoPrice": null,
    "pricePerUnit": "0.24 pieces",
    "image": "https://www.jumbo.com/dam-images/fit-in/360x360/Products/07022025_1738939511615_1738939515400_678586_STK_08720354505823_C1N1.png",
    "available": true,
    "promoUntil": null
  },
  {
    "id": "423404FLS",
    "title": "Jumbo Baby Shampoo 250 ml",
    "category": "Drogisterij en baby",
    "price": 2.09,
    "promoPrice": null,
    "pricePerUnit": "8.36 l",
    "image": "https://www.jumbo.com/dam-images/fit-in/360x360/Products/09082023_1691588150427_1691588187096_8718452544554_1.png",
    "available": true,
    "promoUntil": null
  },
  {
    "id": "633348STK",
    "title": "Jumbo Biologisch Babyvoeding Groenten Risotto & Kalkoen 12+ Maanden 250 g",
    "category": "Drogisterij en baby",
    "price": 1.49,
    "promoPrice": null,
    "pricePerUnit": "5.96 kg",
    "image": "https://www.jumbo.com/dam-images/fit-in/360x360/Products/26082024_1724675598155_1724675605132_8718452807864_1.png",
    "available": true,
    "promoUntil": null
  },
  {
    "id": "559137FLS",
    "title": "Andrélon Pro Nature Haarconditioner Bamboo Volume Boost 400 ml",
    "category": "Drogisterij en baby",
    "price": 8.99,
    "promoPrice": null,
    "pricePerUnit": "22.48 l",
    "image": "https://www.jumbo.com/dam-images/fit-in/360x360/Products/20092025_1758337028053_1758337054510_559137_FLS_08720182568151_H1N1.png",
    "available": true,
    "promoUntil": null
  },
  {
    "id": "563604STK",
    "title": "Gulpener - Gladiator - Blik - 12 x 500ML",
    "category": "Bier en wijn",
    "price": 21.48,
    "promoPrice": null,
    "pricePerUnit": "None None",
    "image": "https://www.jumbo.com/dam-images/fit-in/360x360/Products/563604_20221881_1_T1_563604STK1691076625625.png",
    "available": true,
    "promoUntil": null
  },
  {
    "id": "677187CUP",
    "title": "Jumbo Olijven Mandarijn Chili 100 g",
    "category": "Vleeswaren, kaas en tapas",
    "price": 2.29,
    "promoPrice": null,
    "pricePerUnit": "22.9 kg",
    "image": "https://www.jumbo.com/dam-images/fit-in/360x360/Products/06052025_1746523985164_1746523992624_8718452897483_1.png",
    "available": true,
    "promoUntil": null
  },
  {
    "id": "126281FLS",
    "title": "Château Tour Prignac - Médoc - Merlot - Cabernet Sauvignon - 750ML",
    "category": "Bier en wijn",
    "price": 11.49,
    "promoPrice": null,
    "pricePerUnit": "15.32 l",
    "image": "https://www.jumbo.com/dam-images/fit-in/360x360/Products/3211209133698T15a3c78c0-95a1-4d17-88b8-9dae6f75e2db-1729692643977.png",
    "available": true,
    "promoUntil": null
  },
  {
    "id": "680856DS",
    "title": "Compeed Lipblaasjes Patch, 15 stuks",
    "category": "Drogisterij en baby",
    "price": 11.99,
    "promoPrice": null,
    "pricePerUnit": "0.8 pieces",
    "image": "https://www.jumbo.com/dam-images/fit-in/360x360/Products/24092025_1758672109554_1758672114800_3663555002089_1.png",
    "available": true,
    "promoUntil": null
  },
  {
    "id": "385224FLS",
    "title": "Garnier SkinActive Micellair Water met Rozenwater 400ml",
    "category": "Drogisterij en baby",
    "price": 8.99,
    "promoPrice": null,
    "pricePerUnit": "22.48 l",
    "image": "https://www.jumbo.com/dam-images/fit-in/360x360/Products/12042024_1712890406480_1712890411125_385224_FLS_03600542326537_C1N1.png",
    "available": true,
    "promoUntil": null
  },
  {
    "id": "680211STK",
    "title": "HEMA Siliconen Pannenschraper Dot Groen",
    "category": "Non-food en servicebalie",
    "price": 3.79,
    "promoPrice": null,
    "pricePerUnit": "3.79 pieces",
    "image": "https://www.jumbo.com/dam-images/fit-in/360x360/Products/17022025_1739787796088_1739787797968_680211_STK_08720354519646_C1N1.png",
    "available": true,
    "promoUntil": null
  },
  {
    "id": "440687DS",
    "title": "Jumbo Drop Keelpastilles 100 g",
    "category": "Koek, snoep, chocolade en chips",
    "price": 1.48,
    "promoPrice": null,
    "pricePerUnit": "14.8 kg",
    "image": "https://www.jumbo.com/dam-images/fit-in/360x360/Products/09082023_1691588245722_1691588253651_8718452534173_1.png",
    "available": true,
    "promoUntil": null
  },
  {
    "id": "459721ZK",
    "title": "Jumbo Disco Flikken 150 g",
    "category": "Koek, snoep, chocolade en chips",
    "price": 2.79,
    "promoPrice": null,
    "pricePerUnit": "18.6 kg",
    "image": "https://www.jumbo.com/dam-images/fit-in/360x360/Products/459721_8718452576418_1_T1_459721ZK1691161260597.png",
    "available": true,
    "promoUntil": null
  },
  {
    "id": "626122STK",
    "title": "Jumbo Wegwerp Scheermesjes met Aloë Vera 5 Stuks",
    "category": "Drogisterij en baby",
    "price": 1.99,
    "promoPrice": null,
    "pricePerUnit": "0.4 pieces",
    "image": "https://www.jumbo.com/dam-images/fit-in/360x360/Products/17032025_1742211312898_1742211324568_8718452778232_596.png",
    "available": true,
    "promoUntil": null
  },
  {
    "id": "578993POT",
    "title": "Espresso Martini in een Potje 120 ml",
    "category": "Bier en wijn",
    "price": 2.99,
    "promoPrice": null,
    "pricePerUnit": "24.92 l",
    "image": "https://www.jumbo.com/dam-images/fit-in/360x360/Products/11092025_1757554711325_1757554721898_578993_POT_08720938655050_C1N1.png",
    "available": true,
    "promoUntil": null
  },
  {
    "id": "578316FLS",
    "title": "Crocodile Dandy - Rouge - 750ML",
    "category": "Bier en wijn",
    "price": 8.99,
    "promoPrice": null,
    "pricePerUnit": "11.99 l",
    "image": "https://www.jumbo.com/dam-images/fit-in/360x360/Products/01112023_1698834902583_1698834905081_3760238693951_1.png",
    "available": true,
    "promoUntil": null
  },
  {
    "id": "637146ZK",
    "title": "Croky Tubes Paprika Flavour 100 g",
    "category": "Koek, snoep, chocolade en chips",
    "price": 1.59,
    "promoPrice": null,
    "pricePerUnit": "15.9 kg",
    "image": "https://www.jumbo.com/dam-images/fit-in/360x360/Products/14112024_1731594816772_1731594827595_5414359994616_596.png",
    "available": true,
    "promoUntil": null
  },
  {
    "id": "357777FLS",
    "title": "DuPont - Saison - Fles - 330ML",
    "category": "Bier en wijn",
    "price": 2.25,
    "promoPrice": null,
    "pricePerUnit": "6.82 l",
    "image": "https://www.jumbo.com/dam-images/fit-in/360x360/Products/09082023_1691587590028_1691587596351_5410702000331_1.png",
    "available": true,
    "promoUntil": null
  },
  {
    "id": "344222PAK",
    "title": "DryNites Pyjama Pants Disney Frozen 17-30 kg 4-7 Age 10 Stuks",
    "category": "Drogisterij en baby",
    "price": 7.49,
    "promoPrice": null,
    "pricePerUnit": "0.75 pieces",
    "image": "https://www.jumbo.com/dam-images/fit-in/360x360/Products/08052025_1746669387523_1746669390898_344222_PAK_05029054546963_C1N1.png",
    "available": true,
    "promoUntil": null
  },
  {
    "id": "667847FLS",
    "title": "Boba Loba Strawberry - Lychee 350ML",
    "category": "Frisdrank en sappen",
    "price": 3.49,
    "promoPrice": null,
    "pricePerUnit": "9.97 l",
    "image": "https://www.jumbo.com/dam-images/fit-in/360x360/Products/28012025_1738031794913_1738031798304_667847_FLS_08718481542552_C1N1.png",
    "available": true,
    "promoUntil": null
  },
  {
    "id": "621671ZK",
    "title": "Dettol Doekjes Cleanser 110 Stuks",
    "category": "Huishouden en dieren",
    "price": 5.89,
    "promoPrice": null,
    "pricePerUnit": "0.05 pieces",
    "image": "https://www.jumbo.com/dam-images/fit-in/360x360/Products/27032024_1711546026533_1711546029091_621671_ZK_08710552313337_A3N1.png",
    "available": true,
    "promoUntil": null
  },
  {
    "id": "542839BUS",
    "title": "Glade Automatic Spray Pure Clean Linen 269 ml",
    "category": "Huishouden en dieren",
    "price": 8.99,
    "promoPrice": null,
    "pricePerUnit": "33.42 l",
    "image": "https://www.jumbo.com/dam-images/fit-in/360x360/Products/22122023_1703226649903_1703226653315_542839_BUS_05000204073706_C1N1.png",
    "available": true,
    "promoUntil": null
  },
  {
    "id": "340183BLK",
    "title": "Gourmet Nature's Creations Kattenvoer nat met Tonijn",
    "category": "Huishouden en dieren",
    "price": 1.12,
    "promoPrice": null,
    "pricePerUnit": "13.18 kg",
    "image": "https://www.jumbo.com/dam-images/fit-in/360x360/Products/09072025_1752026219354_1752026240251_340183_BLK_07613038055541_C1N1_s04.png",
    "available": true,
    "promoUntil": null
  },
  {
    "id": "370864KGR",
    "title": "Jumbo Abdijpaté van Oudenburg ca. 170 g",
    "category": "Vleeswaren, kaas en tapas",
    "price": 2.97,
    "promoPrice": null,
    "pricePerUnit": "17.5 kg",
    "image": "https://www.jumbo.com/dam-images/fit-in/360x360/Products/09092025_1757421320093_1757421324969_2333448000000_1.png",
    "available": true,
    "promoUntil": null
  },
  {
    "id": "636195ZK",
    "title": "Jumbo Biologisch Boerenkool 450 g",
    "category": "Diepvries",
    "price": 1.19,
    "promoPrice": null,
    "pricePerUnit": "2.64 kg",
    "image": "https://www.jumbo.com/dam-images/fit-in/360x360/Products/04092024_1725460584212_1725460595354_8718452810062_1.png",
    "available": true,
    "promoUntil": null
  },
  {
    "id": "680027ZK",
    "title": "Hema Nagelborsteltje",
    "category": "Drogisterij en baby",
    "price": 1.99,
    "promoPrice": null,
    "pricePerUnit": "1.99 pieces",
    "image": "https://www.jumbo.com/dam-images/fit-in/360x360/Products/14022025_1739541519001_1739541524720_680027_ZK_08718537567867_C1N1.png",
    "available": true,
    "promoUntil": null
  },
  {
    "id": "562819DS",
    "title": "Always Daily Fresh Normal Met Een Frisse Geur",
    "category": "Drogisterij en baby",
    "price": 2.99,
    "promoPrice": null,
    "pricePerUnit": "0.1 pieces",
    "image": "https://www.jumbo.com/dam-images/fit-in/360x360/Products/15082025_1755216055240_1755216059737_8006540806807_1.png",
    "available": true,
    "promoUntil": null
  },
  {
    "id": "653849CUP",
    "title": "Jumbo Empanada Gehakt 80 g",
    "category": "Vleeswaren, kaas en tapas",
    "price": 2.49,
    "promoPrice": null,
    "pricePerUnit": "31.13 kg",
    "image": "https://www.jumbo.com/dam-images/fit-in/360x360/Products/09092025_1757421318145_1757421330625_8718452824939_1.png",
    "available": true,
    "promoUntil": null
  },
  {
    "id": "656711KGR",
    "title": "Jumbo Jong Belegen Gatenkaas 45+ Plakken ca. 200 g",
    "category": "Vleeswaren, kaas en tapas",
    "price": 3.26,
    "promoPrice": null,
    "pricePerUnit": "16.29 kg",
    "image": "https://www.jumbo.com/dam-images/fit-in/360x360/Products/14102024_1728894968609_1728894977661_2379011000000_1.png",
    "available": true,
    "promoUntil": null
  },
  {
    "id": "706817ZK",
    "title": "Edet Ultra Smart Toiletpapier 4 Rollen",
    "category": "Huishouden en dieren",
    "price": 4.99,
    "promoPrice": null,
    "pricePerUnit": "1.25 pieces",
    "image": "https://www.jumbo.com/dam-images/fit-in/360x360/Products/26062025_1750940801565_1750940806107_706817_ZK_.png",
    "available": true,
    "promoUntil": null
  },
  {
    "id": "675897CUP",
    "title": "Hertog IJssalon Mini IJs Citroentaart Meringue 200 ml",
    "category": "Diepvries",
    "price": 1.69,
    "promoPrice": null,
    "pricePerUnit": "8.45 l",
    "image": "https://www.jumbo.com/dam-images/fit-in/360x360/Products/27052025_1748307715018_1748307737650_675897_CUP_08711327670754_H1N1.png",
    "available": true,
    "promoUntil": null
  },
  {
    "id": "564441ZK",
    "title": "Jade Phoenix Dikke Chinese Eiernoedels 375 g",
    "category": "Wereldkeukens, kruiden, pasta en rijst",
    "price": 1.99,
    "promoPrice": null,
    "pricePerUnit": "5.31 kg",
    "image": "https://www.jumbo.com/dam-images/fit-in/360x360/Products/14022024_1707872686629_1707872691931_9310432882022_1.png",
    "available": true,
    "promoUntil": null
  },
  {
    "id": "626394GLS",
    "title": "Jumbo Babyvoeding Biologisch Groenten, Aardappel & Kip 12+ Maanden 250 g",
    "category": "Drogisterij en baby",
    "price": 1.49,
    "promoPrice": null,
    "pricePerUnit": "5.96 kg",
    "image": "https://www.jumbo.com/dam-images/fit-in/360x360/Products/16072024_1721144061018_1721144072036_8718452803866_1.png",
    "available": true,
    "promoUntil": null
  },
  {
    "id": "620317STK",
    "title": "Jumbo Babyvoeding Biologisch Melk, Groenten & Zoete Aardappel 6+ Maanden 190 g",
    "category": "Drogisterij en baby",
    "price": 1.18,
    "promoPrice": null,
    "pricePerUnit": "0.01 pieces",
    "image": "https://www.jumbo.com/dam-images/fit-in/360x360/Products/24052024_1716546853289_1716546860382_8718452807826_1.png",
    "available": true,
    "promoUntil": null
  },
  {
    "id": "696045DS",
    "title": "Jumbo Paracetamol 240mg zetp 10st",
    "category": "Drogisterij en baby",
    "price": 2.79,
    "promoPrice": null,
    "pricePerUnit": "0.28 pieces",
    "image": "https://www.jumbo.com/dam-images/fit-in/360x360/Products/24092025_1758672063638_1758672067303_8718449035478_1.png",
    "available": true,
    "promoUntil": null
  },
  {
    "id": "184151STK",
    "title": "Jumbo Roomboter Speculaaskoeken met Banketspijs 270 g",
    "category": "Koek, snoep, chocolade en chips",
    "price": 1.69,
    "promoPrice": null,
    "pricePerUnit": "6.26 kg",
    "image": "https://www.jumbo.com/dam-images/fit-in/360x360/Products/03092025_1756906416929_1756906421925_8718452909865_1.png",
    "available": true,
    "promoUntil": null
  },
  {
    "id": "620529ZK",
    "title": "Always Discreet Broekjes Voor Urineverlies x11",
    "category": "Drogisterij en baby",
    "price": 13.49,
    "promoPrice": null,
    "pricePerUnit": "1.23 pieces",
    "image": "https://www.jumbo.com/dam-images/fit-in/360x360/Products/08092025_1757338395064_1757338399332_8700216225021_1.png",
    "available": true,
    "promoUntil": null
  },
  {
    "id": "547751BUS",
    "title": "AXE Fine Fragrance Collection Premium Deodorant Bodyspray Copper Santal 150 ml",
    "category": "Drogisterij en baby",
    "price": 8.49,
    "promoPrice": null,
    "pricePerUnit": "56.6 l",
    "image": "https://www.jumbo.com/dam-images/fit-in/360x360/Products/14032025_1741923894191_1741923940896_547751_BUS_08720181297649_H1N1.png",
    "available": true,
    "promoUntil": null
  },
  {
    "id": "66814ZK",
    "title": "Catisfactions met Zalige Zalmsmaak 60 g",
    "category": "Huishouden en dieren",
    "price": 2.09,
    "promoPrice": null,
    "pricePerUnit": "34.83 kg",
    "image": "https://www.jumbo.com/dam-images/fit-in/360x360/Products/02072025_1751445187049_1751445201927_5998749117750_596.png",
    "available": true,
    "promoUntil": null
  },
  {
    "id": "192284POT",
    "title": "Euroma Kruidenboter Kruiden Vriesdroog 15 g",
    "category": "Wereldkeukens, kruiden, pasta en rijst",
    "price": 3.22,
    "promoPrice": null,
    "pricePerUnit": "214.67 kg",
    "image": "https://www.jumbo.com/dam-images/fit-in/360x360/Products/12122023_1702357930274_1702357947245_192284_POT_08717600239014_C1N1.png",
    "available": true,
    "promoUntil": null
  },
  {
    "id": "545765BUS",
    "title": "Gillette Fusion Scheergel Sensitive, 200ml",
    "category": "Drogisterij en baby",
    "price": 7.59,
    "promoPrice": null,
    "pricePerUnit": "37.95 l",
    "image": "https://www.jumbo.com/dam-images/fit-in/360x360/Products/05092025_1757030526995_1757030530592_8006540765654_1.png",
    "available": true,
    "promoUntil": null
  },
  {
    "id": "185402STK",
    "title": "Dr. Beckmann Ultra Intensieve Wasmachine Reiniger 250 g",
    "category": "Huishouden en dieren",
    "price": 3.99,
    "promoPrice": null,
    "pricePerUnit": "15.96 kg",
    "image": "https://www.jumbo.com/dam-images/fit-in/360x360/Products/24092025_1758678521617_1758678522699_185402_STK_04008455425511_A1N1.png",
    "available": true,
    "promoUntil": null
  },
  {
    "id": "521784FLS",
    "title": "Famiglia Castellani - Vino Nobile di Montepulciano - 750ML",
    "category": "Bier en wijn",
    "price": 13.99,
    "promoPrice": null,
    "pricePerUnit": "18.65 l",
    "image": "https://www.jumbo.com/dam-images/fit-in/360x360/Products/25032024_1711381332405_1711381334886_8002153223475_1.png",
    "available": true,
    "promoUntil": null
  },
  {
    "id": "667183BLK",
    "title": "Fever-Tree Ginger Beer 250ML",
    "category": "Frisdrank en sappen",
    "price": 1.69,
    "promoPrice": null,
    "pricePerUnit": "6.76 l",
    "image": "https://www.jumbo.com/dam-images/fit-in/360x360/Products/19082025_1755567435843_1755567436854_667183_BLK_05060108457927_A1N1.png",
    "available": true,
    "promoUntil": null
  },
  {
    "id": "170560FLS",
    "title": "Go-Tan Wok Original Black Bean 240 ml",
    "category": "Wereldkeukens, kruiden, pasta en rijst",
    "price": 2.56,
    "promoPrice": null,
    "pricePerUnit": "10.67 l",
    "image": "https://www.jumbo.com/dam-images/fit-in/360x360/Products/09082023_1691587012712_1691587015860_8710605027051_1.png",
    "available": true,
    "promoUntil": null
  },
  {
    "id": "681165BLS",
    "title": "HEMA Schoenveters Plat Wit 120 cm",
    "category": "Non-food en servicebalie",
    "price": 2.39,
    "promoPrice": null,
    "pricePerUnit": "2.39 pieces",
    "image": "https://www.jumbo.com/dam-images/fit-in/360x360/Products/20022025_1740083567571_1740083570697_8716618891788_1.png",
    "available": true,
    "promoUntil": null
  },
  {
    "id": "620380STK",
    "title": "Jumbo Babyvoeding Biologisch Spaghetti Bolognese met Rundvlees 18+ Maanden 250 g",
    "category": "Drogisterij en baby",
    "price": 1.49,
    "promoPrice": null,
    "pricePerUnit": "5.96 kg",
    "image": "https://www.jumbo.com/dam-images/fit-in/360x360/Products/24052024_1716546853682_1716546860343_8718452803965_1.png",
    "available": true,
    "promoUntil": null
  },
  {
    "id": "648147ZK",
    "title": "Gran Pavesi Sfoglie 180 g",
    "category": "Wereldkeukens, kruiden, pasta en rijst",
    "price": 2.99,
    "promoPrice": null,
    "pricePerUnit": "16.61 kg",
    "image": "https://www.jumbo.com/dam-images/fit-in/360x360/Products/26112024_1732631598635_1732631604904_8013355501278_1.png",
    "available": true,
    "promoUntil": null
  },
  {
    "id": "452428ZK",
    "title": "Bertolli Base Per Pizza 2 Stuks 280 g",
    "category": "Wereldkeukens, kruiden, pasta en rijst",
    "price": 2.53,
    "promoPrice": null,
    "pricePerUnit": "9.04 kg",
    "image": "https://www.jumbo.com/dam-images/fit-in/360x360/Products/13112024_1731467622025_1731467632962_452428_ZK_08712247231544_C1N1.png",
    "available": true,
    "promoUntil": null
  },
  {
    "id": "348744PAK",
    "title": "Brand Pilsener Bier Fles 6 x 300ml",
    "category": "Bier en wijn",
    "price": 6.49,
    "promoPrice": null,
    "pricePerUnit": "3.61 l",
    "image": "https://www.jumbo.com/dam-images/fit-in/360x360/Products/07012025_1736267673191_1736267680714_8723200102405_1.png",
    "available": true,
    "promoUntil": null
  },
  {
    "id": "54458STK",
    "title": "Jumbo Likkepot 150 g",
    "category": "Vleeswaren, kaas en tapas",
    "price": 2.09,
    "promoPrice": null,
    "pricePerUnit": "13.93 kg",
    "image": "https://www.jumbo.com/dam-images/fit-in/360x360/Products/14022024_1707873250948_1707873257672_8718452750467_1.png",
    "available": true,
    "promoUntil": null
  },
  {
    "id": "648716STK",
    "title": "Jumbo Saint Paulin Kaas 45+ ca. 100 g",
    "category": "Vleeswaren, kaas en tapas",
    "price": 1.5,
    "promoPrice": null,
    "pricePerUnit": "14.42 kg",
    "image": "https://www.jumbo.com/dam-images/fit-in/360x360/Products/540723_8718452711437_1_T1_540723STK1691132503118.png",
    "available": true,
    "promoUntil": null
  },
  {
    "id": "711991TRA",
    "title": "Jumbo Stamppot Hutspot met Gehaktballen in Jus 500 g",
    "category": "Verse maaltijden en gemak",
    "price": 4.45,
    "promoPrice": null,
    "pricePerUnit": "8.9 kg",
    "image": "https://www.jumbo.com/dam-images/fit-in/360x360/Products/23092025_1758619991244_1758619998888_8718452953103_1.png",
    "available": true,
    "promoUntil": null
  },
  {
    "id": "684435FLS",
    "title": "Al'Fez Tahini Sauce Sesam & Knoflook 238ML",
    "category": "Wereldkeukens, kruiden, pasta en rijst",
    "price": 3.79,
    "promoPrice": null,
    "pricePerUnit": "15.92 l",
    "image": "https://www.jumbo.com/dam-images/fit-in/360x360/Products/23042025_1745417728398_1745417731476_684435_FLS_05010338000868_C1N1.png",
    "available": true,
    "promoUntil": null
  },
  {
    "id": "576011DSL",
    "title": "Andrélon Conditioner Glans 250 ml x 6",
    "category": "Drogisterij en baby",
    "price": 29.94,
    "promoPrice": 20.95,
    "pricePerUnit": "13.97 l",
    "image": "https://www.jumbo.com/dam-images/fit-in/360x360/Products/576011DSL1a035bec5-51d4-410c-be8b-bf22d43f8df6-1718003599939.png",
    "available": true,
    "promoUntil": "di 7 okt"
  },
  {
    "id": "633888FLS",
    "title": "Belvoir Farm Exotic Mango & Passion Fruit Cordial 500 ml",
    "category": "Frisdrank en sappen",
    "price": 5.29,
    "promoPrice": null,
    "pricePerUnit": "10.58 l",
    "image": "https://www.jumbo.com/dam-images/fit-in/360x360/Products/23112024_1732333749506_1732333757597_633888_FLS_05022019280209_C1N1.png",
    "available": true,
    "promoUntil": null
  },
  {
    "id": "667141BLK",
    "title": "Brand Garage Passion Mama 330 ML",
    "category": "Frisdrank en sappen",
    "price": 1.79,
    "promoPrice": null,
    "pricePerUnit": "5.42 l",
    "image": "https://www.jumbo.com/dam-images/fit-in/360x360/Products/03122024_1733227856795_1733227865014_667141_BLK_04260370660686_C1N1.png",
    "available": true,
    "promoUntil": null
  },
  {
    "id": "662533BLK",
    "title": "Coca-Cola Lime Zero Sugar 250 ml",
    "category": "Frisdrank en sappen",
    "price": 0.85,
    "promoPrice": null,
    "pricePerUnit": "3.4 l",
    "image": "https://www.jumbo.com/dam-images/fit-in/360x360/Products/10012025_1736477558730_1736477565959_662533_BLK_05000112680447_H1N1.png",
    "available": true,
    "promoUntil": null
  },
  {
    "id": "581861STK",
    "title": "ERU Goudkuipje Naturel 4 x 200g",
    "category": "Vleeswaren, kaas en tapas",
    "price": 11.56,
    "promoPrice": null,
    "pricePerUnit": "None None",
    "image": "https://www.jumbo.com/dam-images/fit-in/360x360/Products/581861_20219468_1_T1_581861STK1691078934062.png",
    "available": true,
    "promoUntil": null
  },
  {
    "id": "673752ZK",
    "title": "Jumbo Borrelzoutjes Paprikasmaak Krokantjes 150 g",
    "category": "Koek, snoep, chocolade en chips",
    "price": 2.7,
    "promoPrice": null,
    "pricePerUnit": "18.0 kg",
    "image": "https://www.jumbo.com/dam-images/fit-in/360x360/Products/22032025_1742611074524_1742611094129_673752_ZK_08718452879571_C1N1.png",
    "available": true,
    "promoUntil": null
  },
  {
    "id": "603715BLS",
    "title": "Jumbo Ragers 0.7mm 6 Stuks",
    "category": "Drogisterij en baby",
    "price": 2.99,
    "promoPrice": null,
    "pricePerUnit": "0.5 pieces",
    "image": "https://www.jumbo.com/dam-images/fit-in/360x360/Products/17012024_1705505711157_1705505721616_8718452776221_1.png",
    "available": true,
    "promoUntil": null
  },
  {
    "id": "682511PAK",
    "title": "Always Ultra  Maandverbanden Secure Night (maat 4)",
    "category": "Drogisterij en baby",
    "price": 2.89,
    "promoPrice": null,
    "pricePerUnit": "0.36 pieces",
    "image": "https://www.jumbo.com/dam-images/fit-in/360x360/Products/15082025_1755216057303_1755216061354_8006540588505_1.png",
    "available": true,
    "promoUntil": null
  },
  {
    "id": "547736BUS",
    "title": "AXE Fine Fragrance Collection Premium Deodorant Bodyspray Aqua Bergamot 150 ml",
    "category": "Drogisterij en baby",
    "price": 8.49,
    "promoPrice": null,
    "pricePerUnit": "56.6 l",
    "image": "https://www.jumbo.com/dam-images/fit-in/360x360/Products/04042025_1743731428910_1743731463593_547736_BUS_08720181297564_H1N1.png",
    "available": true,
    "promoUntil": null
  },
  {
    "id": "493630POT",
    "title": "Euroma Paella kruiden 66 g",
    "category": "Wereldkeukens, kruiden, pasta en rijst",
    "price": 3.99,
    "promoPrice": null,
    "pricePerUnit": "60.45 kg",
    "image": "https://www.jumbo.com/dam-images/fit-in/360x360/Products/13092024_1726196935541_1726196946540_493630_POT_08717600337109_C1N1.png",
    "available": true,
    "promoUntil": null
  },
  {
    "id": "679825ZK",
    "title": "HEMA Folie Ballon 0 30cm",
    "category": "Non-food en servicebalie",
    "price": 0.99,
    "promoPrice": null,
    "pricePerUnit": "0.99 pieces",
    "image": "https://www.jumbo.com/dam-images/fit-in/360x360/Products/09082023_1691587395791_1691587410728_8718537534203_1.png",
    "available": true,
    "promoUntil": null
  },
  {
    "id": "667483STK",
    "title": "HEMA Plakband 15 mm x 20 m 4 Stuks",
    "category": "Non-food en servicebalie",
    "price": 1.39,
    "promoPrice": null,
    "pricePerUnit": "0.35 pieces",
    "image": "https://www.jumbo.com/dam-images/fit-in/360x360/Products/25042025_1745547550349_1745547552855_667483_STK_08716618227068_C1N1.png",
    "available": true,
    "promoUntil": null
  },
  {
    "id": "695724BLK",
    "title": "Heinz Tomato Puree 140 g",
    "category": "Wereldkeukens, kruiden, pasta en rijst",
    "price": 1.29,
    "promoPrice": null,
    "pricePerUnit": "9.21 kg",
    "image": "https://www.jumbo.com/dam-images/fit-in/360x360/Products/28042025_1745844661794_1745844670450_695724_BLK_08715700127590_H1N1.png",
    "available": true,
    "promoUntil": null
  },
  {
    "id": "585775TRA",
    "title": "Ikra Bakeries Baklava Pistache 4 Stuks",
    "category": "Koek, snoep, chocolade en chips",
    "price": 3.49,
    "promoPrice": null,
    "pricePerUnit": "0.87 pieces",
    "image": "https://www.jumbo.com/dam-images/fit-in/360x360/Products/11012024_1704990845854_1704990858973_8720726197465_1.png",
    "available": true,
    "promoUntil": null
  },
  {
    "id": "633622STK",
    "title": "Jumbo Biologisch Babyvoeding Spaghetti met Tomaat 6+ Maanden 250 g",
    "category": "Drogisterij en baby",
    "price": 1.18,
    "promoPrice": null,
    "pricePerUnit": "6.21 kg",
    "image": "https://www.jumbo.com/dam-images/fit-in/360x360/Products/22082024_1724340927082_1724340934209_8718452807819_1.png",
    "available": true,
    "promoUntil": null
  },
  {
    "id": "363677STK",
    "title": "Fairtrade Original Japanse Teriyaki Woksaus 150 ml",
    "category": "Wereldkeukens, kruiden, pasta en rijst",
    "price": 2.47,
    "promoPrice": null,
    "pricePerUnit": "16.47 l",
    "image": "https://www.jumbo.com/dam-images/fit-in/360x360/Products/06022024_1707191305742_1707191308865_363677_STK_08711741358108_C1N1.png",
    "available": true,
    "promoUntil": null
  },
  {
    "id": "709900PAK",
    "title": "Bozu Hard Iced Tea Mixpack 4x250ML",
    "category": "Bier en wijn",
    "price": 8.59,
    "promoPrice": null,
    "pricePerUnit": "8.59 l",
    "image": "https://www.jumbo.com/dam-images/fit-in/360x360/Products/Vooraanzichtb48a8f94-863f-4a2b-ac3f-cb12ee2a2425-1753262672437.png",
    "available": true,
    "promoUntil": null
  },
  {
    "id": "194773STK",
    "title": "Conimex Mix Bami Speciaal 34 g",
    "category": "Wereldkeukens, kruiden, pasta en rijst",
    "price": 1.4,
    "promoPrice": null,
    "pricePerUnit": "37.84 kg",
    "image": "https://www.jumbo.com/dam-images/fit-in/360x360/Products/28032025_1743127488016_1743127500952_194773_STK_08714100795750_C1N1.png",
    "available": true,
    "promoUntil": null
  },
  {
    "id": "302206FLS",
    "title": "Château Poulvère La Croix - Monbazillac - Semillon - 375 ML",
    "category": "Bier en wijn",
    "price": 8.99,
    "promoPrice": null,
    "pricePerUnit": "23.97 l",
    "image": "https://www.jumbo.com/dam-images/fit-in/360x360/Products/08092023_1694187243438_1694187245436_3364644377018_1.png",
    "available": true,
    "promoUntil": null
  },
  {
    "id": "603389KP",
    "title": "Jumbo Rundertapenade 130 g",
    "category": "Vleeswaren, kaas en tapas",
    "price": 3.29,
    "promoPrice": null,
    "pricePerUnit": "25.31 kg",
    "image": "https://www.jumbo.com/dam-images/fit-in/360x360/Products/30092024_1727706764016_1727706773912_8718452792313_1.png",
    "available": true,
    "promoUntil": null
  },
  {
    "id": "699823FLS",
    "title": "Hertog Jan - Grand Prestige - Kruik - 500ML",
    "category": "Bier en wijn",
    "price": 6.39,
    "promoPrice": null,
    "pricePerUnit": "12.78 l",
    "image": "https://www.jumbo.com/dam-images/fit-in/360x360/Products/20052025_1747717337954_1747717340309_699823_FLS_08710956001328_C1N1.png",
    "available": true,
    "promoUntil": null
  },
  {
    "id": "167797ZK",
    "title": "Brood van Soma Rheinländer Bruin Rogge-Tarwebrood 400 g",
    "category": "Brood en gebak",
    "price": 1.65,
    "promoPrice": null,
    "pricePerUnit": "4.13 kg",
    "image": "https://www.jumbo.com/dam-images/fit-in/360x360/Products/08042025_1744097626359_1744097632487_8710899001256_1.png",
    "available": true,
    "promoUntil": null
  },
  {
    "id": "521781FLS",
    "title": "Guarda Rios - Vinha do Riacho Branco - 750ML",
    "category": "Bier en wijn",
    "price": 9.99,
    "promoPrice": null,
    "pricePerUnit": "13.32 l",
    "image": "https://www.jumbo.com/dam-images/fit-in/360x360/Products/09082023_1691596458784_1691596461987_5602182312336_1.png",
    "available": true,
    "promoUntil": null
  },
  {
    "id": "459523BUS",
    "title": "Axe Deodorant Bodyspray Unite 150 ml",
    "category": "Drogisterij en baby",
    "price": 7.49,
    "promoPrice": null,
    "pricePerUnit": "49.93 l",
    "image": "https://www.jumbo.com/dam-images/fit-in/360x360/Products/23092025_1758599736243_1758599789738_459523_BUS_08710847892950_C1N1.png",
    "available": true,
    "promoUntil": null
  },
  {
    "id": "562349FLS",
    "title": "Gulpener IJsbock Biologisch 300ML",
    "category": "Bier en wijn",
    "price": 2.29,
    "promoPrice": null,
    "pricePerUnit": "7.63 l",
    "image": "https://www.jumbo.com/dam-images/fit-in/360x360/Products/19062025_1750300124056_1750300126370_562349_FLS_08725500930511_A1N1.png",
    "available": true,
    "promoUntil": null
  },
  {
    "id": "633347STK",
    "title": "Jumbo Biologisch Babyvoeding Aardappel, Wortel & Rund 8+ Maanden 220 g",
    "category": "Drogisterij en baby",
    "price": 1.18,
    "promoPrice": null,
    "pricePerUnit": "5.36 kg",
    "image": "https://www.jumbo.com/dam-images/fit-in/360x360/Products/26082024_1724675598047_1724675604533_8718452807840_1.png",
    "available": true,
    "promoUntil": null
  },
  {
    "id": "612720DS",
    "title": "Jumbo Kids Soft Opzetborstels 4+ Jaar 2 Stuks",
    "category": "Drogisterij en baby",
    "price": 2.99,
    "promoPrice": null,
    "pricePerUnit": "1.5 pieces",
    "image": "https://www.jumbo.com/dam-images/fit-in/360x360/Products/05042024_1712334969636_1712334978056_8718452784554_596.png",
    "available": true,
    "promoUntil": null
  },
  {
    "id": "573337TAS",
    "title": "Jumbo Ongebrande Cashew Cranberry Mix 200 g",
    "category": "Koek, snoep, chocolade en chips",
    "price": 2.39,
    "promoPrice": null,
    "pricePerUnit": "11.95 kg",
    "image": "https://www.jumbo.com/dam-images/fit-in/360x360/Products/14022024_1707872956522_1707872962243_8718452725533_1.png",
    "available": true,
    "promoUntil": null
  },
  {
    "id": "473374STK",
    "title": "Azaron Anti-Muggen spray 9,5% DEET, 100 ml",
    "category": "Drogisterij en baby",
    "price": 13.49,
    "promoPrice": null,
    "pricePerUnit": "134.9 l",
    "image": "https://www.jumbo.com/dam-images/fit-in/360x360/Products/24092025_1758672108443_1758672112670_8710537042757_1.png",
    "available": true,
    "promoUntil": null
  },
  {
    "id": "351878STK",
    "title": "Care Plus Anti-Insect deet 40%, 60ml",
    "category": "Drogisterij en baby",
    "price": 11.99,
    "promoPrice": null,
    "pricePerUnit": "199.83 l",
    "image": "https://www.jumbo.com/dam-images/fit-in/360x360/Products/24092025_1758672091462_1758672097033_8714024329055_1.png",
    "available": true,
    "promoUntil": null
  },
  {
    "id": "473601STK",
    "title": "Crème Echinaforce 30 g",
    "category": "Drogisterij en baby",
    "price": 9.49,
    "promoPrice": null,
    "pricePerUnit": "316.33 kg",
    "image": "https://www.jumbo.com/dam-images/fit-in/360x360/Products/24092025_1758672136509_1758672142052_8711596166767_1.png",
    "available": true,
    "promoUntil": null
  },
  {
    "id": "486579STK",
    "title": "Dagravit Kids-Xtra vitaminion 6-12 jaar, 60 stuks",
    "category": "Drogisterij en baby",
    "price": 15.99,
    "promoPrice": null,
    "pricePerUnit": "133.25 kg",
    "image": "https://www.jumbo.com/dam-images/fit-in/360x360/Products/24092025_1758672092265_1758672098962_8711744045371_1.png",
    "available": true,
    "promoUntil": null
  },
  {
    "id": "515486STK",
    "title": "Heineken - Krat en Heineken Silver - 6 x 250ML",
    "category": "Bier en wijn",
    "price": 26.71,
    "promoPrice": null,
    "pricePerUnit": "None None",
    "image": "https://www.jumbo.com/dam-images/fit-in/360x360/Products/515486_20073220_1_T1_515486STK1691074656604.png",
    "available": true,
    "promoUntil": null
  },
  {
    "id": "653327ZK",
    "title": "Brets Smaak Gezouten Boter 125 g",
    "category": "Koek, snoep, chocolade en chips",
    "price": 2.49,
    "promoPrice": null,
    "pricePerUnit": "19.92 kg",
    "image": "https://www.jumbo.com/dam-images/fit-in/360x360/Products/21112024_1732214222544_1732214231778_3497917003731_1.png",
    "available": true,
    "promoUntil": null
  },
  {
    "id": "687713ZK",
    "title": "Chio Heart Breakers Classic Heart Shaped Potato Snack 30 g",
    "category": "Koek, snoep, chocolade en chips",
    "price": 0.69,
    "promoPrice": null,
    "pricePerUnit": "23.0 kg",
    "image": "https://www.jumbo.com/dam-images/fit-in/360x360/Products/04072025_1751650444144_1751650451295_8710532474874_1.png",
    "available": true,
    "promoUntil": null
  },
  {
    "id": "552043ZK",
    "title": "Conimex Kruidenmix Bami Goreng 43 g",
    "category": "Wereldkeukens, kruiden, pasta en rijst",
    "price": 0.98,
    "promoPrice": null,
    "pricePerUnit": "22.79 kg",
    "image": "https://www.jumbo.com/dam-images/fit-in/360x360/Products/07082025_1754530038763_1754530082233_552043_ZK_08720182597267_H1N1.png",
    "available": true,
    "promoUntil": null
  },
  {
    "id": "577103STK",
    "title": "Ella's Kitchen Aardbeien + appels 4+ biologisch 120 g",
    "category": "Drogisterij en baby",
    "price": 1.93,
    "promoPrice": null,
    "pricePerUnit": "16.08 kg",
    "image": "https://www.jumbo.com/dam-images/fit-in/360x360/Products/03022025_1738567945454_1738567949756_5060503500747_1.png",
    "available": true,
    "promoUntil": null
  },
  {
    "id": "442291POT",
    "title": "Flowerbrand Barbecue Marinade Pot 375 g",
    "category": "Wereldkeukens, kruiden, pasta en rijst",
    "price": 3.69,
    "promoPrice": null,
    "pricePerUnit": "9.84 kg",
    "image": "https://www.jumbo.com/dam-images/fit-in/360x360/Products/20122023_1703052988196_1703052994450_442291_POT_08710161004695_C1N1.png",
    "available": true,
    "promoUntil": null
  }
]