[
  {
    "id": "677342ZK",
    "title": "Jumbo's Marokkaanse Stijl Harira Soep 570ML",
    "category": "Conserven, soepen, sauzen, oliën",
    "price": 2.89,
    "promoPrice": null,
    "pricePerUnit": "5.07 l",
    "image": "https://www.jumbo.com/dam-images/fit-in/360x360/Products/08052025_1746721987497_1746722009939_8718452845750_596.png",
    "available": true,
    "promoUntil": null
  },
  {
    "id": "616280POT",
    "title": "Bonne Maman Pindapasta Romig én Zacht 325 g",
    "category": "Ontbijt, broodbeleg en bakproducten",
    "price": 3.95,
    "promoPrice": null,
    "pricePerUnit": "12.15 kg",
    "image": "https://www.jumbo.com/dam-images/fit-in/360x360/Products/3608580125686T5972b2c6b5d-0918-4ae7-ad4c-db61d2bbf8d2-1746702278831.png",
    "available": true,
    "promoUntil": null
  },
  {
    "id": "417438FLS",
    "title": "Heinz Spicy Burger Saus 220 ml",
    "category": "Conserven, soepen, sauzen, oliën",
    "price": 1.99,
    "promoPrice": null,
    "pricePerUnit": "9.05 l",
    "image": "https://www.jumbo.com/dam-images/fit-in/360x360/Products/18042025_1744944200013_1744944203457_417438_FLS_08715700120232_H1N1.png",
    "available": true,
    "promoUntil": null
  },
  {
    "id": "455790BLS",
    "title": "Natreen Zoetjes 120 Stuks",
    "category": "Koffie en thee",
    "price": 1.89,
    "promoPrice": null,
    "pricePerUnit": "0.02 pieces",
    "image": "https://www.jumbo.com/dam-images/fit-in/360x360/Products/16012024_1705371009085_1705371017349_455790_BLS_08711000476253_C1N1.png",
    "available": true,
    "promoUntil": null
  },
  {
    "id": "396146POT",
    "title": "Kühne Piccalilly Zoetzuur 360 g",
    "category": "Conserven, soepen, sauzen, oliën",
    "price": 1.31,
    "promoPrice": null,
    "pricePerUnit": "3.64 kg",
    "image": "https://www.jumbo.com/dam-images/fit-in/360x360/Products/08082025_1754618333053_1754618345403_396146_POT_00000040198255_C1N1.png",
    "available": true,
    "promoUntil": null
  },
  {
    "id": "649476ROL",
    "title": "Jumbo Vuilniszakken 60 L met Sluitstrips 20 Stuks",
    "category": "Huishouden en dieren",
    "price": 1.69,
    "promoPrice": null,
    "pricePerUnit": "0.08 pieces",
    "image": "https://www.jumbo.com/dam-images/fit-in/360x360/Products/28022025_1740753169522_1740753178618_8718452853526_596.png",
    "available": true,
    "promoUntil": null
  },
  {
    "id": "681015STK",
    "title": "Jumbo Vegetarische Kipfilet Gemarineerd 2 Stuks",
    "category": "Vlees, vis en vega",
    "price": 2.5,
    "promoPrice": null,
    "pricePerUnit": "13.89 kg",
    "image": "https://www.jumbo.com/dam-images/fit-in/360x360/Products/01042025_1743521632856_1743521641078_8718452710157_1.png",
    "available": true,
    "promoUntil": null
  },
  {
    "id": "644316DS",
    "title": "Honig Soep in Droge Vorm Basis voor Chinese Kippensoep 56g",
    "category": "Conserven, soepen, sauzen, oliën",
    "price": 1.99,
    "promoPrice": null,
    "pricePerUnit": "35.54 kg",
    "image": "https://www.jumbo.com/dam-images/fit-in/360x360/Products/26042025_1745638919357_1745638931062_644316_DS_08714700170667_H1N1.png",
    "available": true,
    "promoUntil": null
  },
  {
    "id": "622414ZK",
    "title": "Jumbo Nasi Groente 450 g",
    "category": "Aardappelen, groente en fruit",
    "price": 1.79,
    "promoPrice": null,
    "pricePerUnit": "3.98 kg",
    "image": "https://www.jumbo.com/dam-images/fit-in/360x360/Products/05062024_1717601668156_1717601678464_8718452818310_1.png",
    "available": true,
    "promoUntil": null
  },
  {
    "id": "54035BLK",
    "title": "Bonduelle Crispy Maïs Bio 150 g",
    "category": "Conserven, soepen, sauzen, oliën",
    "price": 1.99,
    "promoPrice": null,
    "pricePerUnit": "14.21 kg",
    "image": "https://www.jumbo.com/dam-images/fit-in/360x360/Products/26082025_1756171204661_1756171214946_54035_BLK_03083681002416_H1N1.png",
    "available": true,
    "promoUntil": null
  },
  {
    "id": "582445DS",
    "title": "Peijnenburg ontbijtkoek naturel zonder toegevoegde suikers 8-pack per stuk verpakt ",
    "category": "Ontbijt, broodbeleg en bakproducten",
    "price": 2.96,
    "promoPrice": null,
    "pricePerUnit": "13.21 kg",
    "image": "https://www.jumbo.com/dam-images/fit-in/360x360/Products/07012025_1736216897009_1736216899155_582445_DS_08710397221538_C1N1.png",
    "available": true,
    "promoUntil": null
  },
  {
    "id": "464175DS",
    "title": "Jumbo Krokante Knapperkoek 260 g",
    "category": "Koek, snoep, chocolade en chips",
    "price": 1.14,
    "promoPrice": null,
    "pricePerUnit": "4.38 kg",
    "image": "https://www.jumbo.com/dam-images/fit-in/360x360/Products/09082023_1691588978479_1691588988558_8718452597505_1.png",
    "available": true,
    "promoUntil": null
  },
  {
    "id": "521926PAK",
    "title": "Samyang Buldak Hot Chicken Flavor Ramen 5 x 140 g",
    "category": "Conserven, soepen, sauzen, oliën",
    "price": 8.95,
    "promoPrice": null,
    "pricePerUnit": "12.79 kg",
    "image": "https://www.jumbo.com/dam-images/fit-in/360x360/Products/09082023_1691592123405_1691592160724_8801073140578_1.png",
    "available": true,
    "promoUntil": null
  },
  {
    "id": "599250PAK",
    "title": "Hak Mais 190 g",
    "category": "Conserven, soepen, sauzen, oliën",
    "price": 1.19,
    "promoPrice": null,
    "pricePerUnit": "9.92 kg",
    "image": "https://www.jumbo.com/dam-images/fit-in/360x360/Products/30082024_1724988559015_1724988566556_599250_PAK_08720600663789_H1N1.png",
    "available": true,
    "promoUntil": null
  },
  {
    "id": "585067KGR",
    "title": "Jumbo Schenkel Rund ca. 280 g",
    "category": "Vlees, vis en vega",
    "price": 3.72,
    "promoPrice": null,
    "pricePerUnit": "13.3 kg",
    "image": "https://www.jumbo.com/dam-images/fit-in/360x360/Products/12122024_1734014922697_1734014930178_2336088000000_1.png",
    "available": true,
    "promoUntil": null
  },
  {
    "id": "426812CUP",
    "title": "Jumbo Houmous Naturel 200 g",
    "category": "Vleeswaren, kaas en tapas",
    "price": 1.39,
    "promoPrice": null,
    "pricePerUnit": "6.95 kg",
    "image": "https://www.jumbo.com/dam-images/fit-in/360x360/Products/09082023_1691588270217_1691588281939_8718452549986_1.png",
    "available": true,
    "promoUntil": null
  },
  {
    "id": "58837BLK",
    "title": "Bonduelle Linzen 310g",
    "category": "Conserven, soepen, sauzen, oliën",
    "price": 1.99,
    "promoPrice": null,
    "pricePerUnit": "7.51 kg",
    "image": "https://www.jumbo.com/dam-images/fit-in/360x360/Products/05032024_1709604362334_1709604373456_58837_BLK_03083680600965_C1N1.png",
    "available": true,
    "promoUntil": null
  },
  {
    "id": "624593TRA",
    "title": "Jumbo Speklappen Gemarineerd 4 Stuks",
    "category": "Vlees, vis en vega",
    "price": 5.49,
    "promoPrice": null,
    "pricePerUnit": "13.73 kg",
    "image": "https://www.jumbo.com/dam-images/fit-in/360x360/Products/23122024_1734949995877_1734950002775_8718452849550_1.png",
    "available": true,
    "promoUntil": null
  },
  {
    "id": "597445ZK",
    "title": "Jumbo Goudse Kaas Pittig 48+ Geraspt 250 g",
    "category": "Vleeswaren, kaas en tapas",
    "price": 2.86,
    "promoPrice": null,
    "pricePerUnit": "11.44 kg",
    "image": "https://www.jumbo.com/dam-images/fit-in/360x360/Products/09022024_1707482105327_1707482115784_8718452695065_1.png",
    "available": true,
    "promoUntil": null
  },
  {
    "id": "188503PAK",
    "title": "Jumbo - Roomboter Croissants - 4 Stuks",
    "category": "Brood en gebak",
    "price": 1.49,
    "promoPrice": null,
    "pricePerUnit": "0.37 pieces",
    "image": "https://www.jumbo.com/dam-images/fit-in/360x360/Products/29092023_1695995625399_1695995632961_8718452644742_1.png",
    "available": true,
    "promoUntil": null
  },
  {
    "id": "622412ZK",
    "title": "Jumbo Bami Groente 450 g",
    "category": "Aardappelen, groente en fruit",
    "price": 1.79,
    "promoPrice": null,
    "pricePerUnit": "3.98 kg",
    "image": "https://www.jumbo.com/dam-images/fit-in/360x360/Products/24062024_1719243234385_1719243245657_8718452818303_1.png",
    "available": true,
    "promoUntil": null
  },
  {
    "id": "220626PAK",
    "title": "Jumbo XL Tortilla Naturel 12 Stuks",
    "category": "Wereldkeukens, kruiden, pasta en rijst",
    "price": 1.79,
    "promoPrice": null,
    "pricePerUnit": "2.42 kg",
    "image": "https://www.jumbo.com/dam-images/fit-in/360x360/Products/16012025_1737020106457_1737020114257_8718452726820_1.png",
    "available": true,
    "promoUntil": null
  },
  {
    "id": "598517ZK",
    "title": "Jumbo Ongebrande Notenmix Voordeelverpakking 500 g",
    "category": "Koek, snoep, chocolade en chips",
    "price": 6.49,
    "promoPrice": null,
    "pricePerUnit": "12.98 kg",
    "image": "https://www.jumbo.com/dam-images/fit-in/360x360/Products/26042024_1714127651106_1714127669838_8718452750153_596.png",
    "available": true,
    "promoUntil": null
  },
  {
    "id": "138620POT",
    "title": "Hellmann's Mayonaise Real 430 ml",
    "category": "Conserven, soepen, sauzen, oliën",
    "price": 3.99,
    "promoPrice": 2.99,
    "pricePerUnit": "6.95 l",
    "image": "https://www.jumbo.com/dam-images/fit-in/360x360/Products/28082025_1756370018014_1756370024064_8722700102632_1.png",
    "available": true,
    "promoUntil": "di 30 sep"
  },
  {
    "id": "385707ZK",
    "title": "Jumbo Mosterdsoep 300 ml",
    "category": "Conserven, soepen, sauzen, oliën",
    "price": 1.59,
    "promoPrice": null,
    "pricePerUnit": "5.3 kg",
    "image": "https://www.jumbo.com/dam-images/fit-in/360x360/Products/09082023_1691587626896_1691587635933_8718452479115_1.png",
    "available": true,
    "promoUntil": null
  },
  {
    "id": "563267FLS",
    "title": "Extra Hot Sweet Chili  270ml",
    "category": "Conserven, soepen, sauzen, oliën",
    "price": 2.86,
    "promoPrice": null,
    "pricePerUnit": "10.59 l",
    "image": "https://www.jumbo.com/dam-images/fit-in/360x360/Products/20122023_1703040693834_1703040697887_563267_FLS_08710605030518_C1N1.png",
    "available": true,
    "promoUntil": null
  },
  {
    "id": "112763BAK",
    "title": "Frutesse Stroop Maestrichter 450 g",
    "category": "Ontbijt, broodbeleg en bakproducten",
    "price": 2.34,
    "promoPrice": null,
    "pricePerUnit": "5.2 kg",
    "image": "https://www.jumbo.com/dam-images/fit-in/360x360/Products/03092025_1756865338940_1756865352998_112763_BAK_08710742023480_C1N1.png",
    "available": true,
    "promoUntil": null
  },
  {
    "id": "699810ZK",
    "title": "XXL Nutrition Instant Protein Oats Appel Kaneel 1KG",
    "category": "Ontbijt, broodbeleg en bakproducten",
    "price": 18.99,
    "promoPrice": null,
    "pricePerUnit": "18.99 kg",
    "image": "https://www.jumbo.com/dam-images/fit-in/360x360/Products/25062025_1750816408354_1750816409845_699810_ZK_08719881998758_A1L1.png",
    "available": true,
    "promoUntil": null
  },
  {
    "id": "655519STK",
    "title": "Jumbo Roasted Gehakt 175 g",
    "category": "Vleeswaren, kaas en tapas",
    "price": 2.85,
    "promoPrice": null,
    "pricePerUnit": "16.29 kg",
    "image": "https://www.jumbo.com/dam-images/fit-in/360x360/Products/15112024_1731663279184_1731663286032_8718452862498_1.png",
    "available": true,
    "promoUntil": null
  },
  {
    "id": "473126FLS",
    "title": "Jumbo Krachtige Dikbleek Original 750 ml",
    "category": "Huishouden en dieren",
    "price": 0.89,
    "promoPrice": null,
    "pricePerUnit": "1.19 l",
    "image": "https://www.jumbo.com/dam-images/fit-in/360x360/Products/29092023_1695996130545_1695996135608_8718452677504_1.png",
    "available": true,
    "promoUntil": null
  },
  {
    "id": "533240PKL",
    "title": "Fanta Cassis 6x 4x250 ml",
    "category": "Frisdrank en sappen",
    "price": 19.39,
    "promoPrice": null,
    "pricePerUnit": "3.23 l",
    "image": "https://www.jumbo.com/dam-images/fit-in/360x360/Products/533240PKL-1692282872053.png",
    "available": true,
    "promoUntil": null
  },
  {
    "id": "481873BAK",
    "title": "Yildriz Griekse Tzatziki 150 ml",
    "category": "Conserven, soepen, sauzen, oliën",
    "price": 1.79,
    "promoPrice": null,
    "pricePerUnit": "11.93 l",
    "image": "https://www.jumbo.com/dam-images/fit-in/360x360/Products/08122023_1702011912098_1702011916312_481873_BAK_08710448464532_C1N1.png",
    "available": true,
    "promoUntil": null
  },
  {
    "id": "674778STK",
    "title": "Beyond Burger Original Plantaardige Burgers 2 x 113 g",
    "category": "Vlees, vis en vega",
    "price": 4.69,
    "promoPrice": null,
    "pricePerUnit": "20.75 kg",
    "image": "https://www.jumbo.com/dam-images/fit-in/360x360/Products/05092025_1757036632870_1757036637301_674778_STK_01230000068000_C1N1.png",
    "available": true,
    "promoUntil": null
  },
  {
    "id": "610612PAK",
    "title": "Jumbo Flinterdunne Kipfilet 100 g",
    "category": "Vleeswaren, kaas en tapas",
    "price": 2.69,
    "promoPrice": null,
    "pricePerUnit": "26.9 kg",
    "image": "https://www.jumbo.com/dam-images/fit-in/360x360/Products/8718452451388T1614a23ad-d749-459c-b820-600acfe5d639-1751617270817.png",
    "available": true,
    "promoUntil": null
  },
  {
    "id": "429181FLS",
    "title": "Coca-Cola Zero Sugar 1,5 L",
    "category": "Frisdrank en sappen",
    "price": 2.89,
    "promoPrice": null,
    "pricePerUnit": "1.93 l",
    "image": "https://www.jumbo.com/dam-images/fit-in/360x360/Products/24042025_1745456875029_1745456884943_429181_FLS_05000112646719_H1N1.png",
    "available": true,
    "promoUntil": null
  },
  {
    "id": "670595PAK",
    "title": "BiFi The Original 3 x 20 g",
    "category": "Conserven, soepen, sauzen, oliën",
    "price": 1.99,
    "promoPrice": null,
    "pricePerUnit": "33.17 kg",
    "image": "https://www.jumbo.com/dam-images/fit-in/360x360/Products/12032025_1741789966091_1741789975459_4251097420523_1.png",
    "available": true,
    "promoUntil": null
  },
  {
    "id": "481561DS",
    "title": "Jumbo Kabeljauwfilet 4 Stuks 400 g",
    "category": "Diepvries",
    "price": 5.14,
    "promoPrice": null,
    "pricePerUnit": "12.85 kg",
    "image": "https://www.jumbo.com/dam-images/fit-in/360x360/Products/09082023_1691589695069_1691589788535_8718452581320_1.png",
    "available": true,
    "promoUntil": null
  },
  {
    "id": "77737PAK",
    "title": "Dr. Oetker Paula Vla met Vanillesmaak en Chocoladesmaak Vlekken Mini 6 x 50 g",
    "category": "Zuivel, eieren, boter",
    "price": 1.79,
    "promoPrice": null,
    "pricePerUnit": "5.97 kg",
    "image": "https://www.jumbo.com/dam-images/fit-in/360x360/Products/17042025_1744860486328_1744860491158_77737_PAK_04023600006711_C1N1_s02.png",
    "available": true,
    "promoUntil": null
  },
  {
    "id": "641106KGR",
    "title": "Jumbo Scharrel Kipgrillworst ca. 130 g",
    "category": "Vleeswaren, kaas en tapas",
    "price": 2.79,
    "promoPrice": null,
    "pricePerUnit": "21.5 kg",
    "image": "https://www.jumbo.com/dam-images/fit-in/360x360/Products/17122024_1734420798291_1734420807350_2369269000000_1.png",
    "available": true,
    "promoUntil": null
  },
  {
    "id": "522936CUP",
    "title": "Jumbo Tonijnsalade 200 g",
    "category": "Vleeswaren, kaas en tapas",
    "price": 3.42,
    "promoPrice": null,
    "pricePerUnit": "17.1 kg",
    "image": "https://www.jumbo.com/dam-images/fit-in/360x360/Products/28032025_1743157992297_1743157998048_8718452665358_1.png",
    "available": true,
    "promoUntil": null
  },
  {
    "id": "690254ZK",
    "title": "Dreft Original All In One Vaatwastabletten 41 Stuks",
    "category": "Huishouden en dieren",
    "price": 9.49,
    "promoPrice": null,
    "pricePerUnit": "0.23 pieces",
    "image": "https://www.jumbo.com/dam-images/fit-in/360x360/Products/15082025_1755216083843_1755216088442_8700216264303_1.png",
    "available": true,
    "promoUntil": null
  },
  {
    "id": "383967DSL",
    "title": "Jumbo Luiers Maat 6 15+ kg - 3 x 56 Stuks - Voordeelverpakking",
    "category": "Drogisterij en baby",
    "price": 37.47,
    "promoPrice": null,
    "pricePerUnit": "0.22 pieces",
    "image": "https://www.jumbo.com/dam-images/fit-in/360x360/Products/383967DSL-1692282967542.png",
    "available": true,
    "promoUntil": null
  },
  {
    "id": "687355CAN",
    "title": "Fruity Juice Sinaasappel 2 L",
    "category": "Frisdrank en sappen",
    "price": 3.99,
    "promoPrice": null,
    "pricePerUnit": "2.0 l",
    "image": "https://www.jumbo.com/dam-images/fit-in/360x360/Products/19032025_1742412766497_1742412770755_4006220019446_1.png",
    "available": true,
    "promoUntil": null
  },
  {
    "id": "710341POT",
    "title": "La Fermiere Chocolademousse 70g",
    "category": "Zuivel, eieren, boter",
    "price": 1.69,
    "promoPrice": null,
    "pricePerUnit": "24.14 kg",
    "image": "https://www.jumbo.com/dam-images/fit-in/360x360/Products/14082025_1755136268671_1755136275334_710341_POT_03279232318017_C1N1_s01.png",
    "available": true,
    "promoUntil": null
  },
  {
    "id": "422545DSL",
    "title": "Starbucks® Espresso Dark Roast koffiebonen 4 x 450 gram",
    "category": "Koffie en thee",
    "price": 50.76,
    "promoPrice": null,
    "pricePerUnit": "28.2 kg",
    "image": "https://www.jumbo.com/dam-images/fit-in/360x360/Products/7613037204896358828ab-206c-4546-9d7b-f533818819cd-1751543767855.png",
    "available": true,
    "promoUntil": null
  },
  {
    "id": "397989STK",
    "title": "Jumbo Vanillestokje 1 g",
    "category": "Wereldkeukens, kruiden, pasta en rijst",
    "price": 2.99,
    "promoPrice": null,
    "pricePerUnit": "2.99 pieces",
    "image": "https://www.jumbo.com/dam-images/fit-in/360x360/Products/09082023_1691581025121_1691581051831_8718452203550_1.png",
    "available": true,
    "promoUntil": null
  },
  {
    "id": "690051FLS",
    "title": "Remia Curry Zero 500ml",
    "category": "Conserven, soepen, sauzen, oliën",
    "price": 2.59,
    "promoPrice": null,
    "pricePerUnit": "5.01 kg",
    "image": "https://www.jumbo.com/dam-images/fit-in/360x360/Products/31032025_1743418091233_1743418095947_690051_FLS_08710448641872_C1N1.png",
    "available": true,
    "promoUntil": null
  },
  {
    "id": "306036BAK",
    "title": "Jumbo Aardbeien Hollands 250 g",
    "category": "Aardappelen, groente en fruit",
    "price": 2.99,
    "promoPrice": null,
    "pricePerUnit": "11.96 kg",
    "image": "https://www.jumbo.com/dam-images/fit-in/360x360/Products/18092023_1695043434069_1695043442169_8718452456956_1.png",
    "available": true,
    "promoUntil": null
  },
  {
    "id": "638479PAK",
    "title": "Jumbo Allesreiniger Doekjes Citroen 80 Stuks",
    "category": "Huishouden en dieren",
    "price": 0.81,
    "promoPrice": null,
    "pricePerUnit": "0.01 pieces",
    "image": "https://www.jumbo.com/dam-images/fit-in/360x360/Products/01082024_1722504869576_1722504889046_8718452825523_596.png",
    "available": true,
    "promoUntil": null
  },
  {
    "id": "613293ZK",
    "title": "Lay's Max Ribbel Chips Paprika 275 gr",
    "category": "Koek, snoep, chocolade en chips",
    "price": 2.99,
    "promoPrice": null,
    "pricePerUnit": "10.87 kg",
    "image": "https://www.jumbo.com/dam-images/fit-in/360x360/Products/13092025_1757725246896_1757725251388_613293_ZK_08710398529886_H1N1.png",
    "available": true,
    "promoUntil": null
  },
  {
    "id": "645708KGR",
    "title": "Biologisch Kipfilet ca. 100 g",
    "category": "Vleeswaren, kaas en tapas",
    "price": 3.29,
    "promoPrice": null,
    "pricePerUnit": "32.9 kg",
    "image": "https://www.jumbo.com/dam-images/fit-in/360x360/Products/04072025_1751617998445_1751618010162_2348970000000_596.png",
    "available": true,
    "promoUntil": null
  },
  {
    "id": "288398STK",
    "title": "Jumbo Huishoudpapier Super Sterk & Multifunctioneel 2 Rollen",
    "category": "Huishouden en dieren",
    "price": 4.19,
    "promoPrice": null,
    "pricePerUnit": "2.1 pieces",
    "image": "https://www.jumbo.com/dam-images/fit-in/360x360/Products/29092023_1695995099089_1695995108747_8718452465750_1.png",
    "available": true,
    "promoUntil": null
  },
  {
    "id": "533216TRL",
    "title": "Coca-Cola Zero Sugar Zero Caffeine 3x 8x250 ml",
    "category": "Frisdrank en sappen",
    "price": 19.44,
    "promoPrice": null,
    "pricePerUnit": "3.24 l",
    "image": "https://www.jumbo.com/dam-images/fit-in/360x360/Products/533216TRL-1692280048376.png",
    "available": true,
    "promoUntil": null
  },
  {
    "id": "417072DS",
    "title": "Unox Cup-a-Soup Groente 10 x 175ml",
    "category": "Conserven, soepen, sauzen, oliën",
    "price": 5.99,
    "promoPrice": null,
    "pricePerUnit": "33.28 kg",
    "image": "https://www.jumbo.com/dam-images/fit-in/360x360/Products/20122024_1734663554255_1734663582634_417072_DS_08710522976135_H1N1.png",
    "available": true,
    "promoUntil": null
  },
  {
    "id": "533221TRL",
    "title": "Fanta Orange Frisdrank 3x 8x250 ml",
    "category": "Frisdrank en sappen",
    "price": 16.16,
    "promoPrice": null,
    "pricePerUnit": "2.69 l",
    "image": "https://www.jumbo.com/dam-images/fit-in/360x360/Products/356199TRL-1692362651271.png",
    "available": true,
    "promoUntil": null
  },
  {
    "id": "546639STK",
    "title": "Valess Crunchy Tenders Gouda Blend 160 g",
    "category": "Vlees, vis en vega",
    "price": 3.79,
    "promoPrice": null,
    "pricePerUnit": "23.69 kg",
    "image": "https://www.jumbo.com/dam-images/fit-in/360x360/Products/12092025_1757680395894_1757680402687_8712800001447_1.png",
    "available": true,
    "promoUntil": null
  },
  {
    "id": "648354ZK",
    "title": "HAK Linzencurry Protein Bowl 555g",
    "category": "Conserven, soepen, sauzen, oliën",
    "price": 3.99,
    "promoPrice": null,
    "pricePerUnit": "7.19 kg",
    "image": "https://www.jumbo.com/dam-images/fit-in/360x360/Products/30082024_1725008167847_1725008180173_648354_ZK_08720600666940_H1N1.png",
    "available": true,
    "promoUntil": null
  },
  {
    "id": "22545FLS",
    "title": "RAAK Vruchtensiroop Reine Claude 0,75 L",
    "category": "Frisdrank en sappen",
    "price": 3.49,
    "promoPrice": null,
    "pricePerUnit": "4.65 l",
    "image": "https://www.jumbo.com/dam-images/fit-in/360x360/Products/24022024_1708742774740_1708742780845_22545_FLS_00000087222531_C1N1.png",
    "available": true,
    "promoUntil": null
  },
  {
    "id": "683344POT",
    "title": "Ouwehand Sea You Fish Bites Rolmops 355 g",
    "category": "Vlees, vis en vega",
    "price": 2.95,
    "promoPrice": null,
    "pricePerUnit": "14.75 kg",
    "image": "https://www.jumbo.com/dam-images/fit-in/360x360/Products/05062025_1749115989428_1749116007136_8710407013115_1.png",
    "available": true,
    "promoUntil": null
  },
  {
    "id": "687586PAK",
    "title": "Trendic Koolzuurvrij Water 9 x 500 ML",
    "category": "Frisdrank en sappen",
    "price": 1.79,
    "promoPrice": null,
    "pricePerUnit": "0.4 l",
    "image": "https://www.jumbo.com/dam-images/fit-in/360x360/Products/050PETrendicmineralwaterkoolzuurvrij23307cca6-bc40-4d88-be05-74098f3a7f05-1748618699124.png",
    "available": true,
    "promoUntil": null
  },
  {
    "id": "447920PAK",
    "title": "Dr. Oetker Cupcakes Naturel Bakmix 300 g",
    "category": "Ontbijt, broodbeleg en bakproducten",
    "price": 1.67,
    "promoPrice": null,
    "pricePerUnit": "5.57 kg",
    "image": "https://www.jumbo.com/dam-images/fit-in/360x360/Products/09042025_1744162522089_1744162531675_447920_PAK_08710466312822_C1N1_s05.png",
    "available": true,
    "promoUntil": null
  },
  {
    "id": "654820BAK",
    "title": "Jumbo Pulled Chicken met Barbecuesaus 185 g",
    "category": "Vlees, vis en vega",
    "price": 3.99,
    "promoPrice": null,
    "pricePerUnit": "21.57 kg",
    "image": "https://www.jumbo.com/dam-images/fit-in/360x360/Products/04022025_1738668747694_1738668755810_8718452776900_1.png",
    "available": true,
    "promoUntil": null
  },
  {
    "id": "336647POT",
    "title": "Jumbo Appelmoes 0% Suiker Toegevoegd 190 g",
    "category": "Conserven, soepen, sauzen, oliën",
    "price": 0.89,
    "promoPrice": null,
    "pricePerUnit": "4.68 kg",
    "image": "https://www.jumbo.com/dam-images/fit-in/360x360/Products/15042024_1713191596230_1713191604498_8718452803330_1.png",
    "available": true,
    "promoUntil": null
  },
  {
    "id": "25049PAK",
    "title": "Brinta Graanontbijt appel-rozijn 250 g",
    "category": "Ontbijt, broodbeleg en bakproducten",
    "price": 2.0,
    "promoPrice": null,
    "pricePerUnit": "8.0 kg",
    "image": "https://www.jumbo.com/dam-images/fit-in/360x360/Products/05082025_1754356368141_1754356374533_25049_PAK_08715700124865_C1N1.png",
    "available": true,
    "promoUntil": null
  },
  {
    "id": "650061CUP",
    "title": "Jumbo Zuivelspread Naturel 300 g",
    "category": "Vleeswaren, kaas en tapas",
    "price": 2.39,
    "promoPrice": null,
    "pricePerUnit": "7.97 kg",
    "image": "https://www.jumbo.com/dam-images/fit-in/360x360/Products/14022025_1739539722409_1739539728649_8718452839568_1.png",
    "available": true,
    "promoUntil": null
  },
  {
    "id": "385895BKR",
    "title": "Jumbo Champignonsaus 240 ml",
    "category": "Conserven, soepen, sauzen, oliën",
    "price": 2.69,
    "promoPrice": null,
    "pricePerUnit": "11.21 kg",
    "image": "https://www.jumbo.com/dam-images/fit-in/360x360/Products/09082023_1691591090683_1691591135598_8718452485550_1.png",
    "available": true,
    "promoUntil": null
  },
  {
    "id": "624741ZK",
    "title": "Fairtrade Original Dark Roast Bonen 500g",
    "category": "Koffie en thee",
    "price": 11.69,
    "promoPrice": null,
    "pricePerUnit": "23.38 kg",
    "image": "https://www.jumbo.com/dam-images/fit-in/360x360/Products/13082024_1723514969553_1723514973009_624741_ZK_08711741360095_C1N1.png",
    "available": true,
    "promoUntil": null
  },
  {
    "id": "671261CUP",
    "title": "Jumbo Soja Plantaardig Alternatief voor Yoghurt 500 g",
    "category": "Zuivel, eieren, boter",
    "price": 0.79,
    "promoPrice": null,
    "pricePerUnit": "1.58 kg",
    "image": "https://www.jumbo.com/dam-images/fit-in/360x360/Products/14022025_1739539159322_1739539170654_8718452878383_596.png",
    "available": true,
    "promoUntil": null
  },
  {
    "id": "465536ZK",
    "title": "Jumbo Rucola 150 g",
    "category": "Aardappelen, groente en fruit",
    "price": 1.79,
    "promoPrice": null,
    "pricePerUnit": "11.93 kg",
    "image": "https://www.jumbo.com/dam-images/fit-in/360x360/Products/06062024_1717691711781_1717691719754_8718452793419_1.png",
    "available": true,
    "promoUntil": null
  },
  {
    "id": "644424PAK",
    "title": "Jumbo Ice Tea Peach Flavour 1,5 L",
    "category": "Frisdrank en sappen",
    "price": 1.29,
    "promoPrice": null,
    "pricePerUnit": "0.86 l",
    "image": "https://www.jumbo.com/dam-images/fit-in/360x360/Products/17092024_1726576397819_1726576414633_8718452829477_596.png",
    "available": true,
    "promoUntil": null
  },
  {
    "id": "198269POT",
    "title": "Calvé Pot Licht & Romig Mayonaise 450 ml",
    "category": "Conserven, soepen, sauzen, oliën",
    "price": 3.65,
    "promoPrice": 2.73,
    "pricePerUnit": "6.07 l",
    "image": "https://www.jumbo.com/dam-images/fit-in/360x360/Products/30072025_1753889671445_1753889676711_8714100905951_1.png",
    "available": true,
    "promoUntil": "di 30 sep"
  },
  {
    "id": "608389STK",
    "title": "Jumbo Curryworst 3 Stuks",
    "category": "Vlees, vis en vega",
    "price": 3.59,
    "promoPrice": null,
    "pricePerUnit": "7.98 kg",
    "image": "https://www.jumbo.com/dam-images/fit-in/360x360/Products/13122024_1734096795637_1734096801241_8718452728879_1.png",
    "available": true,
    "promoUntil": null
  },
  {
    "id": "607323PAK",
    "title": "Jumbo Coco Barista 1 L",
    "category": "Zuivel, eieren, boter",
    "price": 1.69,
    "promoPrice": null,
    "pricePerUnit": "1.69 l",
    "image": "https://www.jumbo.com/dam-images/fit-in/360x360/Products/25092024_1727278475848_1727278482745_8718452799718_1.png",
    "available": true,
    "promoUntil": null
  },
  {
    "id": "380606STK",
    "title": "Jumbo 48+ Tosti Kaas Plakken 200 g",
    "category": "Vleeswaren, kaas en tapas",
    "price": 3.29,
    "promoPrice": null,
    "pricePerUnit": "16.45 kg",
    "image": "https://www.jumbo.com/dam-images/fit-in/360x360/Products/09082023_1691587249501_1691587260971_8718452476312_1.png",
    "available": true,
    "promoUntil": null
  },
  {
    "id": "589499TRA",
    "title": "Jumbo Speklap Smokey 3 Stuks",
    "category": "Vlees, vis en vega",
    "price": 3.25,
    "promoPrice": null,
    "pricePerUnit": "14.13 kg",
    "image": "https://www.jumbo.com/dam-images/fit-in/360x360/Products/05112024_1730820972929_1730820993167_8718452793761_1.png",
    "available": true,
    "promoUntil": null
  },
  {
    "id": "478302DS",
    "title": "Jumbo Soeppakket voor Tomatensoep 4 Personen",
    "category": "Wereldkeukens, kruiden, pasta en rijst",
    "price": 4.39,
    "promoPrice": 2.99,
    "pricePerUnit": "2.9 kg",
    "image": "https://www.jumbo.com/dam-images/fit-in/360x360/Products/14022024_1707872954922_1707872963412_8718452675838_1.png",
    "available": true,
    "promoUntil": "di 30 sep"
  },
  {
    "id": "306040SC",
    "title": "Jumbo Granny Smith Appels 4 Stuks",
    "category": "Aardappelen, groente en fruit",
    "price": 2.79,
    "promoPrice": null,
    "pricePerUnit": "0.7 pieces",
    "image": "https://www.jumbo.com/dam-images/fit-in/360x360/Products/09082023_1691586974054_1691586987229_8718452396528_1.png",
    "available": true,
    "promoUntil": null
  },
  {
    "id": "164601POT",
    "title": "Heinz Traditional Pastasaus 300 g",
    "category": "Conserven, soepen, sauzen, oliën",
    "price": 2.56,
    "promoPrice": null,
    "pricePerUnit": "8.53 kg",
    "image": "https://www.jumbo.com/dam-images/fit-in/360x360/Products/18042025_1744941333224_1744941341512_164601_POT_08715700421889_H1N1.png",
    "available": true,
    "promoUntil": null
  },
  {
    "id": "477027STK",
    "title": "Bolletje Bakkers Beschuit Origineel",
    "category": "Ontbijt, broodbeleg en bakproducten",
    "price": 1.54,
    "promoPrice": null,
    "pricePerUnit": "11.0 kg",
    "image": "https://www.jumbo.com/dam-images/fit-in/360x360/Products/22052025_1747902805426_1747902810704_8710482534222_1.png",
    "available": true,
    "promoUntil": null
  },
  {
    "id": "615408POT",
    "title": "Bonne Maman Bosbessen 335 g",
    "category": "Ontbijt, broodbeleg en bakproducten",
    "price": 3.95,
    "promoPrice": null,
    "pricePerUnit": "11.79 kg",
    "image": "https://www.jumbo.com/dam-images/fit-in/360x360/Products/21022024_1708544052265_1708544060102_3608580861614_1.png",
    "available": true,
    "promoUntil": null
  },
  {
    "id": "143758FLS",
    "title": "Sun d'Or Siroop Sinaasappel 1 L",
    "category": "Frisdrank en sappen",
    "price": 1.99,
    "promoPrice": null,
    "pricePerUnit": "1.99 l",
    "image": "https://www.jumbo.com/dam-images/fit-in/360x360/Products/14022024_1707873214664_1707873217242_8717399846769_1.png",
    "available": true,
    "promoUntil": null
  },
  {
    "id": "702743DS",
    "title": "Pickwick Fruit Infusion Raspberry & Strawberry 20 Stuks",
    "category": "Koffie en thee",
    "price": 1.99,
    "promoPrice": null,
    "pricePerUnit": "0.1 pieces",
    "image": "https://www.jumbo.com/dam-images/fit-in/360x360/Products/03062025_1748975589426_1748975597647_8711000585894_1.png",
    "available": true,
    "promoUntil": null
  },
  {
    "id": "176746PAK",
    "title": "Jumbo Mango 2 Stuks",
    "category": "Aardappelen, groente en fruit",
    "price": 3.89,
    "promoPrice": null,
    "pricePerUnit": "1.95 pieces",
    "image": "https://www.jumbo.com/dam-images/fit-in/360x360/Products/02112023_1698946504848_1698946514584_8718452202225_1.png",
    "available": true,
    "promoUntil": null
  },
  {
    "id": "596852KGR",
    "title": "Jumbo Kalkoenfilet ca. 250 g",
    "category": "Vlees, vis en vega",
    "price": 5.77,
    "promoPrice": null,
    "pricePerUnit": "20.99 kg",
    "image": "https://www.jumbo.com/dam-images/fit-in/360x360/Products/04082025_1754314373926_1754314379522_2333778000000_1.png",
    "available": true,
    "promoUntil": null
  },
  {
    "id": "596212ZK",
    "title": "Jumbo Cashewnoten Ongezouten Voordeelverpakking 500 g",
    "category": "Koek, snoep, chocolade en chips",
    "price": 5.99,
    "promoPrice": null,
    "pricePerUnit": "11.98 kg",
    "image": "https://www.jumbo.com/dam-images/fit-in/360x360/Products/26042024_1714145594981_1714145615483_8718452756636_596.png",
    "available": true,
    "promoUntil": null
  },
  {
    "id": "156617BLK",
    "title": "John West Tonijnmoot in Water 145g",
    "category": "Conserven, soepen, sauzen, oliën",
    "price": 3.0,
    "promoPrice": null,
    "pricePerUnit": "20.69 kg",
    "image": "https://www.jumbo.com/dam-images/fit-in/360x360/Products/09082023_1691592975082_1691592976546_5000171056245_1.png",
    "available": true,
    "promoUntil": null
  },
  {
    "id": "558533STK",
    "title": "Protex Theefilters 80 Stuks",
    "category": "Koffie en thee",
    "price": 1.81,
    "promoPrice": null,
    "pricePerUnit": "0.02 pieces",
    "image": "https://www.jumbo.com/dam-images/fit-in/360x360/Products/09082023_1691595390438_1691595399754_8711128968685_1.png",
    "available": true,
    "promoUntil": null
  },
  {
    "id": "681361TRA",
    "title": "Jumbo Plantaardig Spekreepjes met Rooksmaak 175g",
    "category": "Vlees, vis en vega",
    "price": 1.81,
    "promoPrice": null,
    "pricePerUnit": "10.34 kg",
    "image": "https://www.jumbo.com/dam-images/fit-in/360x360/Products/06032025_1741249974510_1741249982612_8718452786572_1.png",
    "available": true,
    "promoUntil": null
  },
  {
    "id": "73888DS",
    "title": "Jumbo Pizza Salami 320 g",
    "category": "Diepvries",
    "price": 2.49,
    "promoPrice": null,
    "pricePerUnit": "7.78 kg",
    "image": "https://www.jumbo.com/dam-images/fit-in/360x360/Products/26042024_1714127650071_1714127684048_8718452777020_596.png",
    "available": true,
    "promoUntil": null
  },
  {
    "id": "40489NET",
    "title": "Jumbo Perssinaasappelen 2 kg",
    "category": "Aardappelen, groente en fruit",
    "price": 3.05,
    "promoPrice": null,
    "pricePerUnit": "1.53 kg",
    "image": "https://www.jumbo.com/dam-images/fit-in/360x360/Products/10082023_1691674954962_1691675008494_8711715881861_1.png",
    "available": true,
    "promoUntil": null
  },
  {
    "id": "146191STK",
    "title": "Oatly The Original Haver Kakao 1 L",
    "category": "Zuivel, eieren, boter",
    "price": 2.69,
    "promoPrice": null,
    "pricePerUnit": "2.69 l",
    "image": "https://www.jumbo.com/dam-images/fit-in/360x360/Products/18092025_1758180788215_1758180790858_7394376616136_1.png",
    "available": true,
    "promoUntil": null
  },
  {
    "id": "217444PAK",
    "title": "Klein Vriend - Chenin Blanc - 3 L",
    "category": "Bier en wijn",
    "price": 9.99,
    "promoPrice": null,
    "pricePerUnit": "3.33 l",
    "image": "https://www.jumbo.com/dam-images/fit-in/360x360/Products/30112023_1701358505676_1701358517256_4041584003182_1.png",
    "available": true,
    "promoUntil": null
  },
  {
    "id": "606762FLS",
    "title": "Raak Vruchtensiroop Perzik Zero Fles 750ML",
    "category": "Frisdrank en sappen",
    "price": 3.49,
    "promoPrice": null,
    "pricePerUnit": "4.65 l",
    "image": "https://www.jumbo.com/dam-images/fit-in/360x360/Products/28052024_1716858303305_1716858308768_606762_FLS_00000087365412_C1N1.png",
    "available": true,
    "promoUntil": null
  },
  {
    "id": "611781TRA",
    "title": "Salami Gerookt 175 g",
    "category": "Vleeswaren, kaas en tapas",
    "price": 2.21,
    "promoPrice": null,
    "pricePerUnit": "12.63 kg",
    "image": "https://www.jumbo.com/dam-images/fit-in/360x360/Products/12122024_1734021186471_1734021192783_8710939006401_1.png",
    "available": true,
    "promoUntil": null
  },
  {
    "id": "578610POT",
    "title": "La Fermière Perzik Mango Yoghurt 160 g",
    "category": "Zuivel, eieren, boter",
    "price": 1.49,
    "promoPrice": null,
    "pricePerUnit": "9.31 kg",
    "image": "https://www.jumbo.com/dam-images/fit-in/360x360/Products/14022024_1707873796430_1707873808139_3279231312016_1.png",
    "available": true,
    "promoUntil": null
  },
  {
    "id": "273284STK",
    "title": "Jumbo Sperziebonen Gebroken 750 g",
    "category": "Diepvries",
    "price": 1.48,
    "promoPrice": null,
    "pricePerUnit": "1.97 kg",
    "image": "https://www.jumbo.com/dam-images/fit-in/360x360/Products/05022024_1707150791844_1707150806281_8718452722549_1.png",
    "available": true,
    "promoUntil": null
  },
  {
    "id": "220631ZK",
    "title": "Jumbo Naturel Kroepoek 66 g",
    "category": "Wereldkeukens, kruiden, pasta en rijst",
    "price": 1.09,
    "promoPrice": null,
    "pricePerUnit": "16.52 kg",
    "image": "https://www.jumbo.com/dam-images/fit-in/360x360/Products/26042024_1714145594567_1714145615421_8718452730520_596.png",
    "available": true,
    "promoUntil": null
  },
  {
    "id": "613309ZK",
    "title": "Doritos Nacho Cheese Tortilla Chips 272g",
    "category": "Koek, snoep, chocolade en chips",
    "price": 2.99,
    "promoPrice": null,
    "pricePerUnit": "10.99 kg",
    "image": "https://www.jumbo.com/dam-images/fit-in/360x360/Products/19062025_1750332793862_1750332798084_8710398510587_1.png",
    "available": true,
    "promoUntil": null
  },
  {
    "id": "613292ZK",
    "title": "Lay's Max Ribbel Chips Naturel 275 gr",
    "category": "Koek, snoep, chocolade en chips",
    "price": 2.99,
    "promoPrice": null,
    "pricePerUnit": "10.87 kg",
    "image": "https://www.jumbo.com/dam-images/fit-in/360x360/Products/13092025_1757725227295_1757725232256_613292_ZK_08710398529848_H1N1.png",
    "available": true,
    "promoUntil": null
  },
  {
    "id": "159429STK",
    "title": "Jumbo Biologische Komkommer",
    "category": "Aardappelen, groente en fruit",
    "price": 1.49,
    "promoPrice": null,
    "pricePerUnit": "1.49 pieces",
    "image": "https://www.jumbo.com/dam-images/fit-in/360x360/Products/12022024_1707741260470_1707741264601_8718452107551_1.png",
    "available": true,
    "promoUntil": null
  },
  {
    "id": "554731TRA",
    "title": "Jumbo Komijn Belegen Kaas 48+ Plakken 190 g",
    "category": "Vleeswaren, kaas en tapas",
    "price": 3.69,
    "promoPrice": null,
    "pricePerUnit": "19.42 kg",
    "image": "https://www.jumbo.com/dam-images/fit-in/360x360/Products/14022024_1707873027836_1707873035736_8718452709045_1.png",
    "available": true,
    "promoUntil": null
  },
  {
    "id": "586270DSL",
    "title": "Lay's Paprika Chips 40 gr",
    "category": "Koek, snoep, chocolade en chips",
    "price": 13.8,
    "promoPrice": null,
    "pricePerUnit": "17.25 kg",
    "image": "https://www.jumbo.com/dam-images/fit-in/360x360/Products/LaysPaprika20x40grTUCUHERO08710398307583H1N1cdcb533e-065d-4fc1-a375-1bafa6b357d0-1752053553586.png",
    "available": true,
    "promoUntil": null
  },
  {
    "id": "579311ZK",
    "title": "Jumbo Munt 85 g",
    "category": "Aardappelen, groente en fruit",
    "price": 2.95,
    "promoPrice": null,
    "pricePerUnit": "34.71 kg",
    "image": "https://www.jumbo.com/dam-images/fit-in/360x360/Products/29072024_1722270917814_1722270923503_8718452798575_1.png",
    "available": true,
    "promoUntil": null
  },
  {
    "id": "432221PAK",
    "title": "Jumbo Mineraal Water Zonder Koolzuur 6 x 500 ml",
    "category": "Frisdrank en sappen",
    "price": 2.15,
    "promoPrice": null,
    "pricePerUnit": "0.72 l",
    "image": "https://www.jumbo.com/dam-images/fit-in/360x360/Products/19022025_1739968367560_1739968380695_8718452766222_596.png",
    "available": true,
    "promoUntil": null
  },
  {
    "id": "586786POT",
    "title": "XXL Nutrition Whey Delicious Strawberry Flavor 450 g",
    "category": "Ontbijt, broodbeleg en bakproducten",
    "price": 18.69,
    "promoPrice": null,
    "pricePerUnit": "41.53 kg",
    "image": "https://www.jumbo.com/dam-images/fit-in/360x360/Products/14022024_1707873029455_1707873038442_8719881007825_1.png",
    "available": true,
    "promoUntil": null
  },
  {
    "id": "487625TUB",
    "title": "Jumbo Mayonaise Original 170 ml",
    "category": "Conserven, soepen, sauzen, oliën",
    "price": 0.89,
    "promoPrice": null,
    "pricePerUnit": "5.24 l",
    "image": "https://www.jumbo.com/dam-images/fit-in/360x360/Products/09082023_1691589703589_1691589778672_8718452619948_1.png",
    "available": true,
    "promoUntil": null
  },
  {
    "id": "575261ZK",
    "title": "Unox Extra Rijkgevuld Soep In Zak Tomaten Kidneybonen 570 ml",
    "category": "Conserven, soepen, sauzen, oliën",
    "price": 5.75,
    "promoPrice": null,
    "pricePerUnit": "10.09 l",
    "image": "https://www.jumbo.com/dam-images/fit-in/360x360/Products/18122024_1734492741301_1734492757094_575261_ZK_08720182660299_C1N1.png",
    "available": true,
    "promoUntil": null
  },
  {
    "id": "514628DS",
    "title": "De Vegetarische Slager Rul Gehackt Vegan 200 g",
    "category": "Vlees, vis en vega",
    "price": 3.69,
    "promoPrice": null,
    "pricePerUnit": "18.45 kg",
    "image": "https://www.jumbo.com/dam-images/fit-in/360x360/Products/20082025_1755655562995_1755655619726_514628_DS_08721201927027_C1N1.png",
    "available": true,
    "promoUntil": null
  },
  {
    "id": "675864ZK",
    "title": "Jumbo Biologisch Kruidige Tomatensoep met Ui & Basilicum 300ML",
    "category": "Conserven, soepen, sauzen, oliën",
    "price": 1.99,
    "promoPrice": null,
    "pricePerUnit": "6.63 l",
    "image": "https://www.jumbo.com/dam-images/fit-in/360x360/Products/26022025_1740587608956_1740587631584_8718452872916_596.png",
    "available": true,
    "promoUntil": null
  },
  {
    "id": "578694POT",
    "title": "La Fermière Kersen Yoghurt 160 g",
    "category": "Zuivel, eieren, boter",
    "price": 1.49,
    "promoPrice": null,
    "pricePerUnit": "9.31 kg",
    "image": "https://www.jumbo.com/dam-images/fit-in/360x360/Products/14022024_1707873796486_1707873809472_3279231987009_1.png",
    "available": true,
    "promoUntil": null
  },
  {
    "id": "330479BAK",
    "title": "Jumbo Blauwe Bessen 500 g",
    "category": "Aardappelen, groente en fruit",
    "price": 6.49,
    "promoPrice": null,
    "pricePerUnit": "12.98 kg",
    "image": "https://www.jumbo.com/dam-images/fit-in/360x360/Products/29092023_1695995259673_1695995263683_8718452170197_1.png",
    "available": true,
    "promoUntil": null
  },
  {
    "id": "586737STK",
    "title": "Unox Rookworst Magnetron Mager 100g",
    "category": "Conserven, soepen, sauzen, oliën",
    "price": 2.47,
    "promoPrice": null,
    "pricePerUnit": "24.7 kg",
    "image": "https://www.jumbo.com/dam-images/fit-in/360x360/Products/03042025_1743650367026_1743650376311_586737_STK_08720182744586_C1N1.png",
    "available": true,
    "promoUntil": null
  },
  {
    "id": "705296ZK",
    "title": "Witbrood",
    "category": "Brood en gebak",
    "price": 0.95,
    "promoPrice": null,
    "pricePerUnit": "1.19 kg",
    "image": "https://www.jumbo.com/dam-images/fit-in/360x360/Products/19042024_1713526452274_1713526458149_8718452636488_1.png",
    "available": true,
    "promoUntil": null
  },
  {
    "id": "138522BLK",
    "title": "John West Tonijnstukken met een Vleugje Water 2 x 60g",
    "category": "Conserven, soepen, sauzen, oliën",
    "price": 3.0,
    "promoPrice": null,
    "pricePerUnit": "25.0 kg",
    "image": "https://www.jumbo.com/dam-images/fit-in/360x360/Products/18092024_1726624264472_1726624272433_138522_BLK_05000171061881_C1N1.png",
    "available": true,
    "promoUntil": null
  },
  {
    "id": "558415ZK",
    "title": "Lay's Bugles Nacho Cheese Chips 160 gr",
    "category": "Koek, snoep, chocolade en chips",
    "price": 2.69,
    "promoPrice": null,
    "pricePerUnit": "16.81 kg",
    "image": "https://www.jumbo.com/dam-images/fit-in/360x360/Products/22082025_1755828588724_1755828599695_558415_ZK_08710398507402_C1N1.png",
    "available": true,
    "promoUntil": null
  },
  {
    "id": "149304DS",
    "title": "Jumbo Kattenbakvulling Hygiëne Klontvormend 6 L",
    "category": "Huishouden en dieren",
    "price": 5.0,
    "promoPrice": null,
    "pricePerUnit": "0.83 l",
    "image": "https://www.jumbo.com/dam-images/fit-in/360x360/Products/29092023_1695995343325_1695995349565_8718452549252_1.png",
    "available": true,
    "promoUntil": null
  },
  {
    "id": "429170FLS",
    "title": "Coca-Cola Zero Sugar 1 L",
    "category": "Frisdrank en sappen",
    "price": 2.44,
    "promoPrice": null,
    "pricePerUnit": "2.44 l",
    "image": "https://www.jumbo.com/dam-images/fit-in/360x360/Products/22052025_1747877086279_1747877091886_429170_FLS_05000112646702_H1N1.png",
    "available": true,
    "promoUntil": null
  },
  {
    "id": "196745ZK",
    "title": "Dr. Oetker Klop-Fix Slagroom 24 g",
    "category": "Ontbijt, broodbeleg en bakproducten",
    "price": 0.8,
    "promoPrice": null,
    "pricePerUnit": "33.33 kg",
    "image": "https://www.jumbo.com/dam-images/fit-in/360x360/Products/17042025_1744858341254_1744858343915_196745_ZK_08710466284327_C1N1_s03.png",
    "available": true,
    "promoUntil": null
  },
  {
    "id": "561766TAS",
    "title": "Jumbo Ongebrande Walnoten Voordeelverpakking 500 g",
    "category": "Koek, snoep, chocolade en chips",
    "price": 7.1,
    "promoPrice": null,
    "pricePerUnit": "14.2 kg",
    "image": "https://www.jumbo.com/dam-images/fit-in/360x360/Products/14022024_1707872532520_1707872541238_8718452723805_1.png",
    "available": true,
    "promoUntil": null
  },
  {
    "id": "658733STK",
    "title": "Jumbo Tostiham 150 g",
    "category": "Vleeswaren, kaas en tapas",
    "price": 2.79,
    "promoPrice": null,
    "pricePerUnit": "18.6 kg",
    "image": "https://www.jumbo.com/dam-images/fit-in/360x360/Products/12122024_1734014983483_1734014988302_8718452582501_1.png",
    "available": true,
    "promoUntil": null
  },
  {
    "id": "173204DS",
    "title": "Jumbo Vissticks Krokant 15 Stuks",
    "category": "Diepvries",
    "price": 1.65,
    "promoPrice": null,
    "pricePerUnit": "3.67 kg",
    "image": "https://www.jumbo.com/dam-images/fit-in/360x360/Products/07012025_1736260386522_1736260400806_8718452691432_596.png",
    "available": true,
    "promoUntil": null
  },
  {
    "id": "274964STK",
    "title": "Vers Aan Tafel Varkenshaasje met Champignonroomsaus Groentemix Gebakken Aardappelen 500 g",
    "category": "Verse maaltijden en gemak",
    "price": 5.99,
    "promoPrice": null,
    "pricePerUnit": "11.98 kg",
    "image": "https://www.jumbo.com/dam-images/fit-in/360x360/Products/14022024_1707873855339_1707873862047_8717568249575_1.png",
    "available": true,
    "promoUntil": null
  },
  {
    "id": "599258PAK",
    "title": "Hak Kikkererwten 380 g",
    "category": "Conserven, soepen, sauzen, oliën",
    "price": 1.19,
    "promoPrice": null,
    "pricePerUnit": "5.17 kg",
    "image": "https://www.jumbo.com/dam-images/fit-in/360x360/Products/30082024_1724988395373_1724988403707_599258_PAK_08720600624421_H1N1.png",
    "available": true,
    "promoUntil": null
  },
  {
    "id": "185557DS",
    "title": "Kellogg's Coco Pops 330 g",
    "category": "Ontbijt, broodbeleg en bakproducten",
    "price": 3.63,
    "promoPrice": null,
    "pricePerUnit": "11.0 kg",
    "image": "https://www.jumbo.com/dam-images/fit-in/360x360/Products/13092025_1757728092427_1757728106761_185557_DS_05053827175654_A1N1.png",
    "available": true,
    "promoUntil": null
  },
  {
    "id": "569975CUP",
    "title": "Jumbo Plantaardig Vanillesmaak Soya 400 g",
    "category": "Zuivel, eieren, boter",
    "price": 1.59,
    "promoPrice": null,
    "pricePerUnit": "3.98 kg",
    "image": "https://www.jumbo.com/dam-images/fit-in/360x360/Products/14022024_1707872790589_1707872795284_8718452688739_1.png",
    "available": true,
    "promoUntil": null
  },
  {
    "id": "641362KGR",
    "title": "Jumbo Plakjes Gehaktbal ca. 130 g",
    "category": "Vleeswaren, kaas en tapas",
    "price": 2.79,
    "promoPrice": null,
    "pricePerUnit": "21.5 kg",
    "image": "https://www.jumbo.com/dam-images/fit-in/360x360/Products/12122024_1734014925699_1734014932959_2378342000000_1.png",
    "available": true,
    "promoUntil": null
  },
  {
    "id": "688098DS",
    "title": "Twinings of London Lady Grey 25 Builtjes 50 g",
    "category": "Koffie en thee",
    "price": 4.49,
    "promoPrice": null,
    "pricePerUnit": "0.18 pieces",
    "image": "https://www.jumbo.com/dam-images/fit-in/360x360/Products/12122024_1734014460112_1734014465664_70177070236_1.png",
    "available": true,
    "promoUntil": null
  },
  {
    "id": "380667POT",
    "title": "Bonne Maman Abrikozen 335 g",
    "category": "Ontbijt, broodbeleg en bakproducten",
    "price": 3.95,
    "promoPrice": null,
    "pricePerUnit": "11.79 kg",
    "image": "https://www.jumbo.com/dam-images/fit-in/360x360/Products/10082023_1691678359998_1691678372831_3608580861591_1.png",
    "available": true,
    "promoUntil": null
  },
  {
    "id": "196113ZK",
    "title": "Jumbo Wortelen 1 kg",
    "category": "Aardappelen, groente en fruit",
    "price": 1.05,
    "promoPrice": null,
    "pricePerUnit": "1.05 kg",
    "image": "https://www.jumbo.com/dam-images/fit-in/360x360/Products/18092023_1695031625445_1695031631500_8718452265732_1.png",
    "available": true,
    "promoUntil": null
  },
  {
    "id": "681494KGR",
    "title": "Jumbo Hele Makreel Warm Gerookt ca. 400 g",
    "category": "Vlees, vis en vega",
    "price": 4.66,
    "promoPrice": null,
    "pricePerUnit": "11.65 kg",
    "image": "https://www.jumbo.com/dam-images/fit-in/360x360/Products/22122023_1703262906096_1703262911186_2368997000000_1.png",
    "available": true,
    "promoUntil": null
  },
  {
    "id": "678508POT",
    "title": "Roots Thee Gember Sinaasappel 220g",
    "category": "Koffie en thee",
    "price": 5.49,
    "promoPrice": null,
    "pricePerUnit": "23.36 l",
    "image": "https://www.jumbo.com/dam-images/fit-in/360x360/Products/19022025_1739936114889_1739936120493_678508_POT_08711271117862_C1N1.png",
    "available": true,
    "promoUntil": null
  },
  {
    "id": "362324ZK",
    "title": "Jumbo Melange Jonge Bladsla & Rucola 150 g",
    "category": "Aardappelen, groente en fruit",
    "price": 2.79,
    "promoPrice": null,
    "pricePerUnit": "18.6 kg",
    "image": "https://www.jumbo.com/dam-images/fit-in/360x360/Products/05062024_1717601667483_1717601676036_8718452793341_1.png",
    "available": true,
    "promoUntil": null
  },
  {
    "id": "647088CUP",
    "title": "Jumbo Zuivelspread Bieslook 200 g",
    "category": "Vleeswaren, kaas en tapas",
    "price": 1.99,
    "promoPrice": null,
    "pricePerUnit": "9.95 kg",
    "image": "https://www.jumbo.com/dam-images/fit-in/360x360/Products/21012025_1737425374852_1737425378915_647088_CUP_08718452839599_C1N1.png",
    "available": true,
    "promoUntil": null
  },
  {
    "id": "551399FLS",
    "title": "Jumbo Zonnebloemolie 500 ML",
    "category": "Conserven, soepen, sauzen, oliën",
    "price": 3.49,
    "promoPrice": null,
    "pricePerUnit": "6.98 l",
    "image": "https://www.jumbo.com/dam-images/fit-in/360x360/Products/09082023_1691592593949_1691592600850_8718452704927_1.png",
    "available": true,
    "promoUntil": null
  },
  {
    "id": "557692ZK",
    "title": "Jordans Muesli de Luxe 800 g",
    "category": "Ontbijt, broodbeleg en bakproducten",
    "price": 5.44,
    "promoPrice": null,
    "pricePerUnit": "6.8 kg",
    "image": "https://www.jumbo.com/dam-images/fit-in/360x360/Products/15042025_1744727548916_1744727556125_5010477363633_1.png",
    "available": true,
    "promoUntil": null
  },
  {
    "id": "634974FLS",
    "title": "Jumbo Sinas Zero 1,5 L",
    "category": "Frisdrank en sappen",
    "price": 0.92,
    "promoPrice": null,
    "pricePerUnit": "0.61 l",
    "image": "https://www.jumbo.com/dam-images/fit-in/360x360/Products/17072024_1721205201012_1721205214317_8718452800599_596.png",
    "available": true,
    "promoUntil": null
  },
  {
    "id": "300147STK",
    "title": "Jumbo - Fijn Volkoren - Half",
    "category": "Brood en gebak",
    "price": 0.88,
    "promoPrice": null,
    "pricePerUnit": "2.2 kg",
    "image": "https://www.jumbo.com/dam-images/fit-in/360x360/Products/22042024_1713800058472_1713800072750_8718452670512_1.png",
    "available": true,
    "promoUntil": null
  },
  {
    "id": "486571CUP",
    "title": "Ben & Jerry's IJs Cookie Dough 465 ml",
    "category": "Diepvries",
    "price": 7.49,
    "promoPrice": null,
    "pricePerUnit": "16.11 l",
    "image": "https://www.jumbo.com/dam-images/fit-in/360x360/Products/17092025_1758074570119_1758074594432_486571_CUP_08711327373105_H1N1.png",
    "available": true,
    "promoUntil": null
  },
  {
    "id": "586269DSL",
    "title": "Lay's Naturel Chips 20 x 40 g",
    "category": "Koek, snoep, chocolade en chips",
    "price": 13.8,
    "promoPrice": null,
    "pricePerUnit": "17.25 kg",
    "image": "https://www.jumbo.com/dam-images/fit-in/360x360/Products/LaysNaturel20x40grTUCUHERO08710398307576H1N16e01f5f3-b856-4b3e-a4bf-3e7972276c23-1754392869050.png",
    "available": true,
    "promoUntil": null
  },
  {
    "id": "669614DS",
    "title": "Ariel 4in1 PODS Unstoppables, Wasmiddel Capsules 26",
    "category": "Huishouden en dieren",
    "price": 26.49,
    "promoPrice": null,
    "pricePerUnit": "1.02 pieces",
    "image": "https://www.jumbo.com/dam-images/fit-in/360x360/Products/14082025_1755200015194_1755200021450_8700216648417_1.png",
    "available": true,
    "promoUntil": null
  },
  {
    "id": "626537BAK",
    "title": "Jumbo Filet Americain Naturel 150 g",
    "category": "Vleeswaren, kaas en tapas",
    "price": 1.99,
    "promoPrice": null,
    "pricePerUnit": "13.27 kg",
    "image": "https://www.jumbo.com/dam-images/fit-in/360x360/Products/09092025_1757421314810_1757421321540_8718452617463_1.png",
    "available": true,
    "promoUntil": null
  },
  {
    "id": "218376DS",
    "title": "Jumbo Tomatenblokjes 400 g",
    "category": "Wereldkeukens, kruiden, pasta en rijst",
    "price": 0.63,
    "promoPrice": null,
    "pricePerUnit": "1.58 kg",
    "image": "https://www.jumbo.com/dam-images/fit-in/360x360/Products/25032024_1711381273644_1711381292057_8718452504497_1.png",
    "available": true,
    "promoUntil": null
  },
  {
    "id": "587996CUP",
    "title": "Jumbo Naturel Light 15+ Smeerkaas 200 g",
    "category": "Vleeswaren, kaas en tapas",
    "price": 1.39,
    "promoPrice": null,
    "pricePerUnit": "6.95 kg",
    "image": "https://www.jumbo.com/dam-images/fit-in/360x360/Products/12122024_1734017700035_1734017712126_8718452731107_1.png",
    "available": true,
    "promoUntil": null
  },
  {
    "id": "533151PAK",
    "title": "Coca-Cola Original Taste 12 x 330 ML",
    "category": "Frisdrank en sappen",
    "price": 10.8,
    "promoPrice": null,
    "pricePerUnit": "2.73 l",
    "image": "https://www.jumbo.com/dam-images/fit-in/360x360/Products/09082023_1691592913308_1691592980785_5000112659061_1.png",
    "available": true,
    "promoUntil": null
  },
  {
    "id": "621114PAK",
    "title": "Pepsi Zero Fles Multipack 4x1,5L",
    "category": "Frisdrank en sappen",
    "price": 10.75,
    "promoPrice": null,
    "pricePerUnit": "1.79 l",
    "image": "https://www.jumbo.com/dam-images/fit-in/360x360/Products/08715600248975H1N150f0a904-f8ee-4723-bde3-66012066fec6-1712040862300.png",
    "available": true,
    "promoUntil": null
  },
  {
    "id": "614773BLK",
    "title": "John West Gerookte Makreel Water 145 g",
    "category": "Conserven, soepen, sauzen, oliën",
    "price": 2.64,
    "promoPrice": null,
    "pricePerUnit": "29.33 kg",
    "image": "https://www.jumbo.com/dam-images/fit-in/360x360/Products/16022024_1708112226536_1708112232912_5000171061690_1.png",
    "available": true,
    "promoUntil": null
  },
  {
    "id": "614770BLK",
    "title": "John West Gerookte Makreel in Zonnebloemolie 145g",
    "category": "Conserven, soepen, sauzen, oliën",
    "price": 2.66,
    "promoPrice": null,
    "pricePerUnit": "29.56 kg",
    "image": "https://www.jumbo.com/dam-images/fit-in/360x360/Products/20032024_1710905728133_1710905734256_614770_BLK_05000171054845_C1N1.png",
    "available": true,
    "promoUntil": null
  },
  {
    "id": "374285DS",
    "title": "Jumbo Mini Snacks ca. 36 Stuks",
    "category": "Diepvries",
    "price": 3.48,
    "promoPrice": null,
    "pricePerUnit": "5.37 kg",
    "image": "https://www.jumbo.com/dam-images/fit-in/360x360/Products/02052025_1746196386480_1746196406453_8718452903269_596.png",
    "available": true,
    "promoUntil": null
  },
  {
    "id": "626877STK",
    "title": "Jumbo Kalkoenfilet 100 g",
    "category": "Vleeswaren, kaas en tapas",
    "price": 2.69,
    "promoPrice": null,
    "pricePerUnit": "26.9 kg",
    "image": "https://www.jumbo.com/dam-images/fit-in/360x360/Products/22072024_1721659043434_1721659050985_8718452842155_1.png",
    "available": true,
    "promoUntil": null
  },
  {
    "id": "259364BAK",
    "title": "Jumbo Kaas Belegen 48+ Stuk Voordeelverpakking 910 g",
    "category": "Vleeswaren, kaas en tapas",
    "price": 12.37,
    "promoPrice": null,
    "pricePerUnit": "13.59 kg",
    "image": "https://www.jumbo.com/dam-images/fit-in/360x360/Products/20122023_1703089984157_1703089993069_8718452695386_1.png",
    "available": true,
    "promoUntil": null
  },
  {
    "id": "304662PAK",
    "title": "Jumbo Fijne Champignons 250 g",
    "category": "Aardappelen, groente en fruit",
    "price": 1.19,
    "promoPrice": null,
    "pricePerUnit": "4.76 kg",
    "image": "https://www.jumbo.com/dam-images/fit-in/360x360/Products/15082024_1723739658738_1723739666078_8718452833115_1.png",
    "available": true,
    "promoUntil": null
  },
  {
    "id": "608455BAK",
    "title": "Jumbo Gehaktballetjes ketjap 194 g",
    "category": "Vlees, vis en vega",
    "price": 4.19,
    "promoPrice": null,
    "pricePerUnit": "21.6 kg",
    "image": "https://www.jumbo.com/dam-images/fit-in/360x360/Products/21032025_1742571168787_1742571174295_8718452765584_1.png",
    "available": true,
    "promoUntil": null
  },
  {
    "id": "521135DS",
    "title": "De Vegetarische Slager Kipstuckjes Vegan 160 g",
    "category": "Vlees, vis en vega",
    "price": 4.29,
    "promoPrice": null,
    "pricePerUnit": "26.81 kg",
    "image": "https://www.jumbo.com/dam-images/fit-in/360x360/Products/24092025_1758679792979_1758679870730_521135_DS_08720182927705_H1N1.png",
    "available": true,
    "promoUntil": null
  },
  {
    "id": "223152BAK",
    "title": "Jumbo Jong Belegen Kaas 30+ Stuk 455 g",
    "category": "Vleeswaren, kaas en tapas",
    "price": 6.76,
    "promoPrice": null,
    "pricePerUnit": "14.86 kg",
    "image": "https://www.jumbo.com/dam-images/fit-in/360x360/Products/07122023_1701963245989_1701963255818_8718452695362_1.png",
    "available": true,
    "promoUntil": null
  },
  {
    "id": "183282DSL",
    "title": "Bundaberg Ginger Beer 12 x 375 ml",
    "category": "Frisdrank en sappen",
    "price": 29.88,
    "promoPrice": null,
    "pricePerUnit": "6.64 l",
    "image": "https://www.jumbo.com/dam-images/fit-in/360x360/Products/183282DSL-1692280846442.png",
    "available": true,
    "promoUntil": null
  },
  {
    "id": "456641ZK",
    "title": "Page Compleet Schoon Toiletpapier 12 Rollen",
    "category": "Huishouden en dieren",
    "price": 7.99,
    "promoPrice": null,
    "pricePerUnit": "0.67 pieces",
    "image": "https://www.jumbo.com/dam-images/fit-in/360x360/Products/20092025_1758332487366_1758332495895_456641_ZK_05029053583273_C1N1.png",
    "available": true,
    "promoUntil": null
  },
  {
    "id": "417400SC",
    "title": "Jumbo Roma Tomaten 750 g",
    "category": "Aardappelen, groente en fruit",
    "price": 2.65,
    "promoPrice": null,
    "pricePerUnit": "3.53 kg",
    "image": "https://www.jumbo.com/dam-images/fit-in/360x360/Products/871845256641915fe7d942-648a-4944-86e6-63cbebd06996-1716461515514.png",
    "available": true,
    "promoUntil": null
  },
  {
    "id": "562220DS",
    "title": "Fanta Orange zero sugar 8 x 250 ml",
    "category": "Frisdrank en sappen",
    "price": 6.48,
    "promoPrice": null,
    "pricePerUnit": "3.24 l",
    "image": "https://www.jumbo.com/dam-images/fit-in/360x360/Products/11012024_1704983644888_1704983653755_5000112504866_1.png",
    "available": true,
    "promoUntil": null
  },
  {
    "id": "607662TRA",
    "title": "Garden Gourmet Vegan Kipschnitzel 2 x 90 g",
    "category": "Vlees, vis en vega",
    "price": 3.29,
    "promoPrice": null,
    "pricePerUnit": "18.28 kg",
    "image": "https://www.jumbo.com/dam-images/fit-in/360x360/Products/11092025_1757593971476_1757593997216_7613287424587_596.png",
    "available": true,
    "promoUntil": null
  },
  {
    "id": "513761TRA",
    "title": "Garden Gourmet Vegetarische Spinazie-Kaas Rondo 2 x 90 g",
    "category": "Vlees, vis en vega",
    "price": 3.99,
    "promoPrice": null,
    "pricePerUnit": "22.17 kg",
    "image": "https://www.jumbo.com/dam-images/fit-in/360x360/Products/11092025_1757593971096_1757593989693_7613039676431_596.png",
    "available": true,
    "promoUntil": null
  },
  {
    "id": "607900DS",
    "title": "SPA INTENSE Bruisend Natuurlijk Mineraalwater 6x1,5L",
    "category": "Frisdrank en sappen",
    "price": 6.88,
    "promoPrice": null,
    "pricePerUnit": "0.76 l",
    "image": "https://www.jumbo.com/dam-images/fit-in/360x360/Products/12122024_1734021199375_1734021204051_5410013801887_1.png",
    "available": true,
    "promoUntil": null
  },
  {
    "id": "62456BLK",
    "title": "illy Classic Roast 250 g",
    "category": "Koffie en thee",
    "price": 7.99,
    "promoPrice": null,
    "pricePerUnit": "31.96 kg",
    "image": "https://www.jumbo.com/dam-images/fit-in/360x360/Products/19062025_1750299436211_1750299438755_62456_BLK_08003753900438_C1N1.png",
    "available": true,
    "promoUntil": null
  },
  {
    "id": "695630DS",
    "title": "Jumbo Frikandellen 20 Stuks",
    "category": "Diepvries",
    "price": 3.79,
    "promoPrice": null,
    "pricePerUnit": "2.71 kg",
    "image": "https://www.jumbo.com/dam-images/fit-in/360x360/Products/30052025_1748615587005_1748615605262_8718452922192_596.png",
    "available": true,
    "promoUntil": null
  },
  {
    "id": "680378TRA",
    "title": "Jumbo Burger Rund- en Varkensvlees 2 Stuks",
    "category": "Vlees, vis en vega",
    "price": 3.5,
    "promoPrice": null,
    "pricePerUnit": "15.91 kg",
    "image": "https://www.jumbo.com/dam-images/fit-in/360x360/Products/06052025_1746556347146_1746556352867_8718452911035_1.png",
    "available": true,
    "promoUntil": null
  },
  {
    "id": "694285TRA",
    "title": "Jumbo Kipschnitzel 2 Stuks",
    "category": "Vlees, vis en vega",
    "price": 3.0,
    "promoPrice": null,
    "pricePerUnit": "15.0 kg",
    "image": "https://www.jumbo.com/dam-images/fit-in/360x360/Products/23062025_1750681987677_1750681995346_8718452915910_1.png",
    "available": true,
    "promoUntil": null
  },
  {
    "id": "22547FLS",
    "title": "RAAK Vruchtensiroop Sinaasappel 0,75 L",
    "category": "Frisdrank en sappen",
    "price": 3.49,
    "promoPrice": null,
    "pricePerUnit": "4.65 l",
    "image": "https://www.jumbo.com/dam-images/fit-in/360x360/Products/24022024_1708742636474_1708742642646_22547_FLS_00000087222517_C1N1.png",
    "available": true,
    "promoUntil": null
  },
  {
    "id": "534437PAK",
    "title": "Party Pack 8 x 250 ml",
    "category": "Frisdrank en sappen",
    "price": 6.48,
    "promoPrice": null,
    "pricePerUnit": "3.24 l",
    "image": "https://www.jumbo.com/dam-images/fit-in/360x360/Products/01022025_1738381284759_1738381297497_534437_PAK_05000112603156_H1N1.png",
    "available": true,
    "promoUntil": null
  },
  {
    "id": "168401PAK",
    "title": "Grolsch - Citroen Radler - 0.0% Alcoholvrij - Fles - 6 x 300ML",
    "category": "Bier en wijn",
    "price": 5.29,
    "promoPrice": null,
    "pricePerUnit": "2.94 l",
    "image": "https://www.jumbo.com/dam-images/fit-in/360x360/Products/08716700016860H1N171a2caf8-567b-44b5-828a-c6491c2b4421-1758096400984.png",
    "available": true,
    "promoUntil": null
  },
  {
    "id": "154951STK",
    "title": "Jumbo Mix voor Pannenkoeken Naturel 200 g",
    "category": "Ontbijt, broodbeleg en bakproducten",
    "price": 1.59,
    "promoPrice": null,
    "pricePerUnit": "8.37 kg",
    "image": "https://www.jumbo.com/dam-images/fit-in/360x360/Products/12032025_1741797188086_1741797199598_8718452890088_596.png",
    "available": true,
    "promoUntil": null
  },
  {
    "id": "642375DS",
    "title": "Jumbo Kleur Waspoeder 1,8 kg 30 Wasbeurten",
    "category": "Huishouden en dieren",
    "price": 4.49,
    "promoPrice": null,
    "pricePerUnit": "0.15 wb",
    "image": "https://www.jumbo.com/dam-images/fit-in/360x360/Products/26082024_1724682856887_1724682872702_8718452843152_596.png",
    "available": true,
    "promoUntil": null
  },
  {
    "id": "652148FLS",
    "title": "Gouda's Glorie Snacksaus Bang Bang 550ml",
    "category": "Conserven, soepen, sauzen, oliën",
    "price": 2.99,
    "promoPrice": null,
    "pricePerUnit": "5.44 l",
    "image": "https://www.jumbo.com/dam-images/fit-in/360x360/Products/03042025_1743649971748_1743649985582_652148_FLS_08710448620310_C1N1.png",
    "available": true,
    "promoUntil": null
  },
  {
    "id": "430785STK",
    "title": "Jumbo C'est La Room Brie 60+ 200 g",
    "category": "Vleeswaren, kaas en tapas",
    "price": 2.99,
    "promoPrice": null,
    "pricePerUnit": "14.95 kg",
    "image": "https://www.jumbo.com/dam-images/fit-in/360x360/Products/09082023_1691588244692_1691588302329_8718452489961_1.png",
    "available": true,
    "promoUntil": null
  },
  {
    "id": "370454POT",
    "title": "Kühne Grove Mosterd 185 g",
    "category": "Conserven, soepen, sauzen, oliën",
    "price": 1.29,
    "promoPrice": null,
    "pricePerUnit": "6.97 kg",
    "image": "https://www.jumbo.com/dam-images/fit-in/360x360/Products/01082025_1754010364449_1754010374378_370454_POT_00000040737836_C1N1.png",
    "available": true,
    "promoUntil": null
  },
  {
    "id": "221360STK",
    "title": "Jumbo - Boeren Tijger Volkoren - Knapperig en Vers",
    "category": "Brood en gebak",
    "price": 2.0,
    "promoPrice": null,
    "pricePerUnit": "2.0 pieces",
    "image": "https://www.jumbo.com/dam-images/fit-in/360x360/Products/14062024_1718368425560_1718368442829_8718452771912_2.png",
    "available": true,
    "promoUntil": null
  },
  {
    "id": "672884ZK",
    "title": "Jumbo Salade Mix Italiaanse Stijl 150 g",
    "category": "Conserven, soepen, sauzen, oliën",
    "price": 2.49,
    "promoPrice": null,
    "pricePerUnit": "16.6 kg",
    "image": "https://www.jumbo.com/dam-images/fit-in/360x360/Products/20052025_1747755169470_1747755177772_8718452902125_1.png",
    "available": true,
    "promoUntil": null
  },
  {
    "id": "533218PAK",
    "title": "Coca-Cola Zero Sugar 12 x 330 ml",
    "category": "Frisdrank en sappen",
    "price": 9.99,
    "promoPrice": null,
    "pricePerUnit": "2.52 l",
    "image": "https://www.jumbo.com/dam-images/fit-in/360x360/Products/09082023_1691594667241_1691594673637_5000112659085_1.png",
    "available": true,
    "promoUntil": null
  },
  {
    "id": "468020PAK",
    "title": "Jumbo Cheddar 8 Plakken 150 g",
    "category": "Vleeswaren, kaas en tapas",
    "price": 1.79,
    "promoPrice": null,
    "pricePerUnit": "11.93 kg",
    "image": "https://www.jumbo.com/dam-images/fit-in/360x360/Products/10082023_1691675791455_1691675803373_8718452623884_1.png",
    "available": true,
    "promoUntil": null
  },
  {
    "id": "543726ZK",
    "title": "Bertolli Knoflook Pastasaus 460 g",
    "category": "Conserven, soepen, sauzen, oliën",
    "price": 3.61,
    "promoPrice": null,
    "pricePerUnit": "7.85 kg",
    "image": "https://www.jumbo.com/dam-images/fit-in/360x360/Products/30102024_1730262026276_1730262035592_543726_ZK_08720791220143_C1N1.png",
    "available": true,
    "promoUntil": null
  },
  {
    "id": "522949CUP",
    "title": "Jumbo Kip Kerriesalade 200 g",
    "category": "Vleeswaren, kaas en tapas",
    "price": 3.3,
    "promoPrice": null,
    "pricePerUnit": "16.5 kg",
    "image": "https://www.jumbo.com/dam-images/fit-in/360x360/Products/11122023_1702297984123_1702297989469_8718452665433_1.png",
    "available": true,
    "promoUntil": null
  },
  {
    "id": "395042ZK",
    "title": "Jumbo Geraspte Kaas Jong 48+ Voordeelverpakking 300 g",
    "category": "Vleeswaren, kaas en tapas",
    "price": 5.39,
    "promoPrice": null,
    "pricePerUnit": "17.97 kg",
    "image": "https://www.jumbo.com/dam-images/fit-in/360x360/Products/11032025_1741699988104_1741699995228_8718452695287_1.png",
    "available": true,
    "promoUntil": null
  },
  {
    "id": "269950POT",
    "title": "Jumbo Appel Abrikozen Compote met Stukjes 360 g",
    "category": "Conserven, soepen, sauzen, oliën",
    "price": 1.75,
    "promoPrice": null,
    "pricePerUnit": "4.86 kg",
    "image": "https://www.jumbo.com/dam-images/fit-in/360x360/Products/22092025_1758540896147_1758540904695_8718452634422_1.png",
    "available": true,
    "promoUntil": null
  },
  {
    "id": "483734ZK",
    "title": "Jumbo Pijnboompitten Biologisch 100 g",
    "category": "Ontbijt, broodbeleg en bakproducten",
    "price": 5.49,
    "promoPrice": null,
    "pricePerUnit": "54.9 kg",
    "image": "https://www.jumbo.com/dam-images/fit-in/360x360/Products/10082023_1691676436472_1691676445553_8718452617814_1.png",
    "available": true,
    "promoUntil": null
  },
  {
    "id": "385149DSL",
    "title": "Kips Vega Paté 6 x 125 g",
    "category": "Vleeswaren, kaas en tapas",
    "price": 13.32,
    "promoPrice": null,
    "pricePerUnit": "17.76 kg",
    "image": "https://www.jumbo.com/dam-images/fit-in/360x360/Products/385149DSL-1692283046896.png",
    "available": true,
    "promoUntil": null
  },
  {
    "id": "464819ZK",
    "title": "Smaakt Bio Volkoren Havermout 1500 g",
    "category": "Ontbijt, broodbeleg en bakproducten",
    "price": 6.92,
    "promoPrice": null,
    "pricePerUnit": "4.61 kg",
    "image": "https://www.jumbo.com/dam-images/fit-in/360x360/Products/20062025_1750426385545_1750426390713_8718924016411_1.png",
    "available": true,
    "promoUntil": null
  },
  {
    "id": "506831STK",
    "title": "Page Kussenzacht Design Toiletpapier 18-rollen",
    "category": "Huishouden en dieren",
    "price": 11.99,
    "promoPrice": null,
    "pricePerUnit": "0.67 pieces",
    "image": "https://www.jumbo.com/dam-images/fit-in/360x360/Products/19062025_1750296166840_1750296187587_506831_STK_05029053581958_C1N1.png",
    "available": true,
    "promoUntil": null
  },
  {
    "id": "439302DSL",
    "title": "Evian Natuurlijk Mineraalwater - Fles 4 x 6 x 500ML",
    "category": "Frisdrank en sappen",
    "price": 17.92,
    "promoPrice": null,
    "pricePerUnit": "1.49 l",
    "image": "https://www.jumbo.com/dam-images/fit-in/360x360/Products/439302DSL-1692281637128.png",
    "available": true,
    "promoUntil": null
  },
  {
    "id": "712418PAK",
    "title": "Coca-Cola Light 5+1 Gratis - Fles - 6 x 1,5 L",
    "category": "Frisdrank en sappen",
    "price": 14.45,
    "promoPrice": null,
    "pricePerUnit": "1.61 l",
    "image": "https://www.jumbo.com/dam-images/fit-in/360x360/Products/04082025_1754291657121_1754291665792_712418_PAK_05000112647136_H1N1.png",
    "available": true,
    "promoUntil": null
  },
  {
    "id": "502272STK",
    "title": "RAAK Vruchtensiroop Reine Claude Zero Sugar 0,75 L",
    "category": "Frisdrank en sappen",
    "price": 3.49,
    "promoPrice": null,
    "pricePerUnit": "4.65 l",
    "image": "https://www.jumbo.com/dam-images/fit-in/360x360/Products/24022024_1708744636861_1708744642070_502272_STK_00000087331011_C1N1.png",
    "available": true,
    "promoUntil": null
  },
  {
    "id": "587131ZK",
    "title": "Mora Oven & Airfryer Mega Mix Bitterbal, Frikandel, Kipkantje & Bamihapje Party Pack 624 g",
    "category": "Diepvries",
    "price": 6.89,
    "promoPrice": null,
    "pricePerUnit": "11.04 kg",
    "image": "https://www.jumbo.com/dam-images/fit-in/360x360/Products/10052025_1746845682082_1746845696212_587131_ZK_08710861914508_C1N1.png",
    "available": true,
    "promoUntil": null
  },
  {
    "id": "490832ZK",
    "title": "Kips Kleintje Smeerleverworst 6 x 20 g",
    "category": "Vleeswaren, kaas en tapas",
    "price": 2.32,
    "promoPrice": null,
    "pricePerUnit": "19.33 kg",
    "image": "https://www.jumbo.com/dam-images/fit-in/360x360/Products/8710991002052T10b283a38-8d06-46e3-97bd-2f41bb36c920-1753948650669.png",
    "available": true,
    "promoUntil": null
  },
  {
    "id": "56900PAK",
    "title": "Jumbo Kaasstengels 150 g",
    "category": "Koek, snoep, chocolade en chips",
    "price": 1.29,
    "promoPrice": null,
    "pricePerUnit": "8.6 kg",
    "image": "https://www.jumbo.com/dam-images/fit-in/360x360/Products/17012024_1705470801381_1705470815278_56900_PAK_08711715896520_C1N1_R.png",
    "available": true,
    "promoUntil": null
  },
  {
    "id": "217241POT",
    "title": "Conimex Pindasaus Mild 400 g",
    "category": "Conserven, soepen, sauzen, oliën",
    "price": 2.72,
    "promoPrice": null,
    "pricePerUnit": "6.8 kg",
    "image": "https://www.jumbo.com/dam-images/fit-in/360x360/Products/29082025_1756432628271_1756432651720_217241_POT_08711200402120_C1N1.png",
    "available": true,
    "promoUntil": null
  },
  {
    "id": "623102CUP",
    "title": "Cremette Zuivelspread Bieslook 200 g",
    "category": "Vleeswaren, kaas en tapas",
    "price": 1.39,
    "promoPrice": null,
    "pricePerUnit": "6.95 kg",
    "image": "https://www.jumbo.com/dam-images/fit-in/360x360/Products/12122024_1734014462997_1734014470091_4002671156648_1.png",
    "available": true,
    "promoUntil": null
  },
  {
    "id": "358685DSL",
    "title": "Unox Good Noodles Groente 11 x 70 g",
    "category": "Conserven, soepen, sauzen, oliën",
    "price": 12.65,
    "promoPrice": null,
    "pricePerUnit": "16.43 kg",
    "image": "https://www.jumbo.com/dam-images/fit-in/360x360/Products/87201828745593b45329c-6ea4-4026-a034-5c626a0dd790-1743766261403.png",
    "available": true,
    "promoUntil": null
  },
  {
    "id": "212166STK",
    "title": "Jumbo Geschrapte Wortelen 500 g",
    "category": "Aardappelen, groente en fruit",
    "price": 1.69,
    "promoPrice": null,
    "pricePerUnit": "3.38 kg",
    "image": "https://www.jumbo.com/dam-images/fit-in/360x360/Products/16072024_1721144059237_1721144069729_8718452788637_1.png",
    "available": true,
    "promoUntil": null
  },
  {
    "id": "605584ZK",
    "title": "Jumbo Vriesverse Blauwe Bessen Voordeelverpakking 750 g",
    "category": "Diepvries",
    "price": 4.69,
    "promoPrice": null,
    "pricePerUnit": "6.25 kg",
    "image": "https://www.jumbo.com/dam-images/fit-in/360x360/Products/24052024_1716554113063_1716554119700_8718452800131_1.png",
    "available": true,
    "promoUntil": null
  },
  {
    "id": "223116BAK",
    "title": "Jumbo Kaas Jong Belegen 48+ Stuk 535 g",
    "category": "Vleeswaren, kaas en tapas",
    "price": 7.38,
    "promoPrice": null,
    "pricePerUnit": "13.79 kg",
    "image": "https://www.jumbo.com/dam-images/fit-in/360x360/Products/20122023_1703089984023_1703089993945_8718452695331_1.png",
    "available": true,
    "promoUntil": null
  },
  {
    "id": "448195TRA",
    "title": "Jumbo Lasagne Bolognese 1 kg",
    "category": "Verse maaltijden en gemak",
    "price": 4.89,
    "promoPrice": null,
    "pricePerUnit": "4.89 kg",
    "image": "https://www.jumbo.com/dam-images/fit-in/360x360/Products/05022025_1738769588570_1738769595889_8718452873555_1.png",
    "available": true,
    "promoUntil": null
  },
  {
    "id": "680083TRA",
    "title": "Jumbo BBQ Houthakkersteak 190 g",
    "category": "Vlees, vis en vega",
    "price": 3.5,
    "promoPrice": null,
    "pricePerUnit": "18.42 kg",
    "image": "https://www.jumbo.com/dam-images/fit-in/360x360/Products/07052025_1746603227927_1746603235513_8718452911653_1.png",
    "available": true,
    "promoUntil": null
  },
  {
    "id": "206611STK",
    "title": "Brinky Choco Fourré Vanillesmaak Vulling 12 x 25 g",
    "category": "Koek, snoep, chocolade en chips",
    "price": 3.0,
    "promoPrice": null,
    "pricePerUnit": "10.0 kg",
    "image": "https://www.jumbo.com/dam-images/fit-in/360x360/Products/09082023_1691586620266_1691586630895_8710445021745_1.png",
    "available": true,
    "promoUntil": null
  },
  {
    "id": "541788STK",
    "title": "Président le Brie 200 g",
    "category": "Vleeswaren, kaas en tapas",
    "price": 2.99,
    "promoPrice": null,
    "pricePerUnit": "14.95 kg",
    "image": "https://www.jumbo.com/dam-images/fit-in/360x360/Products/25062025_1750840446555_1750840450998_3228020232028_1.png",
    "available": true,
    "promoUntil": null
  },
  {
    "id": "474845DSL",
    "title": "Neutral Vloeibaar Wasmiddel Wit 6 x 20 wasbeurten",
    "category": "Huishouden en dieren",
    "price": 47.34,
    "promoPrice": 33.13,
    "pricePerUnit": "0.39 wb",
    "image": "https://www.jumbo.com/dam-images/fit-in/360x360/Products/12122024_1734014740703_1734014745917_8720181212697_1.png",
    "available": true,
    "promoUntil": "di 7 okt"
  },
  {
    "id": "701183ZK",
    "title": "Jumbo Cocktail Borrelnoten Voordeelverpakking 500 g",
    "category": "Koek, snoep, chocolade en chips",
    "price": 2.05,
    "promoPrice": null,
    "pricePerUnit": "4.1 kg",
    "image": "https://www.jumbo.com/dam-images/fit-in/360x360/Products/26062024_1719412467757_1719412477325_8718452723904_1.png",
    "available": true,
    "promoUntil": null
  },
  {
    "id": "680140TRA",
    "title": "Jumbo BBQ Chipolataworst Smokey 200 g",
    "category": "Vlees, vis en vega",
    "price": 3.29,
    "promoPrice": null,
    "pricePerUnit": "16.45 kg",
    "image": "https://www.jumbo.com/dam-images/fit-in/360x360/Products/30042025_1746027228184_1746027234628_8718452911738_1.png",
    "available": true,
    "promoUntil": null
  },
  {
    "id": "642404DS",
    "title": "Jumbo All in One Vaatwastabletten 40 x 19g",
    "category": "Huishouden en dieren",
    "price": 2.85,
    "promoPrice": null,
    "pricePerUnit": "0.07 pieces",
    "image": "https://www.jumbo.com/dam-images/fit-in/360x360/Products/26082024_1724686517469_1724686533134_8718452843190_596.png",
    "available": true,
    "promoUntil": null
  },
  {
    "id": "259365BAK",
    "title": "Jumbo Kaas Jong 48+ Stuk Voordeelverpakking 960 g",
    "category": "Vleeswaren, kaas en tapas",
    "price": 11.32,
    "promoPrice": null,
    "pricePerUnit": "11.79 kg",
    "image": "https://www.jumbo.com/dam-images/fit-in/360x360/Products/08012024_1704735249520_1704735258997_8718452695393_1.png",
    "available": true,
    "promoUntil": null
  },
  {
    "id": "681349TRA",
    "title": "Jumbo Vegetarische Kaasschnitzel 2 Stuks",
    "category": "Vlees, vis en vega",
    "price": 2.25,
    "promoPrice": null,
    "pricePerUnit": "11.25 kg",
    "image": "https://www.jumbo.com/dam-images/fit-in/360x360/Products/06032025_1741249974363_1741249981016_8718452742622_1.png",
    "available": true,
    "promoUntil": null
  },
  {
    "id": "691954PAK",
    "title": "Peijnenburg Gember 348 g",
    "category": "Ontbijt, broodbeleg en bakproducten",
    "price": 2.27,
    "promoPrice": null,
    "pricePerUnit": "6.52 kg",
    "image": "https://www.jumbo.com/dam-images/fit-in/360x360/Products/28052025_1748424768792_1748424773094_8710397011696_1.png",
    "available": true,
    "promoUntil": null
  },
  {
    "id": "649903DS",
    "title": "Jumbo Tissues Zacht & Sterk 2 Laags 200 Stuks",
    "category": "Drogisterij en baby",
    "price": 1.59,
    "promoPrice": null,
    "pricePerUnit": "0.01 pieces",
    "image": "https://www.jumbo.com/dam-images/fit-in/360x360/Products/01112024_1730471707565_1730471718984_8718452868582_596.png",
    "available": true,
    "promoUntil": null
  },
  {
    "id": "428550FLS",
    "title": "Fanta Orange zero sugar 1,5 L ",
    "category": "Frisdrank en sappen",
    "price": 2.85,
    "promoPrice": null,
    "pricePerUnit": "1.9 l",
    "image": "https://www.jumbo.com/dam-images/fit-in/360x360/Products/08052025_1746666891219_1746666897019_428550_FLS_05000112646184_H1N1.png",
    "available": true,
    "promoUntil": null
  },
  {
    "id": "577753TRL",
    "title": "Melkunie Protein Chocolate Flavoured Pudding 200 g",
    "category": "Zuivel, eieren, boter",
    "price": 10.74,
    "promoPrice": null,
    "pricePerUnit": "8.95 kg",
    "image": "https://www.jumbo.com/dam-images/fit-in/360x360/Products/577753TRL1484a5e49-4488-4890-85a1-5293518d65f0-1695295946390.png",
    "available": true,
    "promoUntil": null
  },
  {
    "id": "528365POT",
    "title": "Garden Gourmet Vuna",
    "category": "Vlees, vis en vega",
    "price": 4.29,
    "promoPrice": null,
    "pricePerUnit": "24.51 kg",
    "image": "https://www.jumbo.com/dam-images/fit-in/360x360/Products/30012025_1738236770708_1738236796680_7613287499080_596.png",
    "available": true,
    "promoUntil": null
  },
  {
    "id": "430616STK",
    "title": "Jumbo - Rond Korn Volkoren - Knapperig en Vers",
    "category": "Brood en gebak",
    "price": 2.0,
    "promoPrice": null,
    "pricePerUnit": "2.0 pieces",
    "image": "https://www.jumbo.com/dam-images/fit-in/360x360/Products/17062024_1718627597080_1718627604236_8718452771776_2.png",
    "available": true,
    "promoUntil": null
  },
  {
    "id": "442127FLS",
    "title": "Slimpie Ice Tea Perzik Siroop 650 ml",
    "category": "Frisdrank en sappen",
    "price": 3.49,
    "promoPrice": null,
    "pricePerUnit": "5.37 l",
    "image": "https://www.jumbo.com/dam-images/fit-in/360x360/Products/06022024_1707237251501_1707237261689_8719214811181_1.png",
    "available": true,
    "promoUntil": null
  },
  {
    "id": "169469TRA",
    "title": "Jumbo Roomboter Spritsen 175 g",
    "category": "Koek, snoep, chocolade en chips",
    "price": 1.99,
    "promoPrice": null,
    "pricePerUnit": "11.37 kg",
    "image": "https://www.jumbo.com/dam-images/fit-in/360x360/Products/29092023_1695995258018_1695995261526_8718452405596_1.png",
    "available": true,
    "promoUntil": null
  },
  {
    "id": "494984DSL",
    "title": "HiPRO Protein Drink Mango 6 x 300 ml",
    "category": "Zuivel, eieren, boter",
    "price": 14.34,
    "promoPrice": null,
    "pricePerUnit": "7.97 l",
    "image": "https://www.jumbo.com/dam-images/fit-in/360x360/Products/18713788123661139edcae2-7379-4ef5-8654-81dcb8b41259-1746193105629.png",
    "available": true,
    "promoUntil": null
  },
  {
    "id": "396197PAK",
    "title": "Jumbo Feta Kaas 43+ Plak 200 g",
    "category": "Vleeswaren, kaas en tapas",
    "price": 2.39,
    "promoPrice": null,
    "pricePerUnit": "11.95 kg",
    "image": "https://www.jumbo.com/dam-images/fit-in/360x360/Products/09082023_1691587661152_1691587676361_8718452492831_1.png",
    "available": true,
    "promoUntil": null
  },
  {
    "id": "610979PAK",
    "title": "Glorix Bleek Original 3 x 750 ml",
    "category": "Huishouden en dieren",
    "price": 4.82,
    "promoPrice": null,
    "pricePerUnit": "2.14 l",
    "image": "https://www.jumbo.com/dam-images/fit-in/360x360/Products/24042025_1745501606189_1745501612188_8720181403125_1.png",
    "available": true,
    "promoUntil": null
  },
  {
    "id": "699350KGR",
    "title": "Jumbo Kip Dijbraadsticks ca. 800 g",
    "category": "Vlees, vis en vega",
    "price": 6.63,
    "promoPrice": null,
    "pricePerUnit": "8.29 kg",
    "image": "https://www.jumbo.com/dam-images/fit-in/360x360/Products/29072025_1753799573614_1753799578832_2369373000000_1.png",
    "available": true,
    "promoUntil": null
  },
  {
    "id": "188960POT",
    "title": "Hak Appelcompote 0% 350g",
    "category": "Conserven, soepen, sauzen, oliën",
    "price": 2.99,
    "promoPrice": null,
    "pricePerUnit": "8.54 kg",
    "image": "https://www.jumbo.com/dam-images/fit-in/360x360/Products/09082023_1691591476431_1691591497054_8720600613944_1.png",
    "available": true,
    "promoUntil": null
  },
  {
    "id": "621759STK",
    "title": "Jumbo Mini Watermeloen 1 Stuk",
    "category": "Aardappelen, groente en fruit",
    "price": 3.49,
    "promoPrice": null,
    "pricePerUnit": "3.49 pieces",
    "image": "https://www.jumbo.com/dam-images/fit-in/360x360/Products/Miniwatermeloen3795f7a3f-d40a-404e-aa21-40205ebd6ba4-1715347883825.png",
    "available": true,
    "promoUntil": null
  },
  {
    "id": "211737STK",
    "title": "Jumbo Wokgroenten Oosters 400 g",
    "category": "Aardappelen, groente en fruit",
    "price": 2.69,
    "promoPrice": null,
    "pricePerUnit": "6.73 kg",
    "image": "https://www.jumbo.com/dam-images/fit-in/360x360/Products/29072024_1722270917040_1722270929650_8718452795291_1.png",
    "available": true,
    "promoUntil": null
  },
  {
    "id": "554725TRA",
    "title": "Jumbo Belegen Kaas 48+ Plakken 190 g",
    "category": "Vleeswaren, kaas en tapas",
    "price": 3.39,
    "promoPrice": null,
    "pricePerUnit": "17.84 kg",
    "image": "https://www.jumbo.com/dam-images/fit-in/360x360/Products/09082023_1691593127535_1691593138063_8718452708987_1.png",
    "available": true,
    "promoUntil": null
  },
  {
    "id": "340717DS",
    "title": "Jumbo Huiswijn - Chardonnay - 3L",
    "category": "Bier en wijn",
    "price": 12.4,
    "promoPrice": null,
    "pricePerUnit": "4.13 l",
    "image": "https://www.jumbo.com/dam-images/fit-in/360x360/Products/18092023_1695043371976_1695043385942_8718452429714_1.png",
    "available": true,
    "promoUntil": null
  },
  {
    "id": "214363PAK",
    "title": "Jumbo Chocolate Cookies met Stukjes Pure Chocolade 225 g",
    "category": "Koek, snoep, chocolade en chips",
    "price": 1.29,
    "promoPrice": null,
    "pricePerUnit": "5.73 kg",
    "image": "https://www.jumbo.com/dam-images/fit-in/360x360/Products/30072025_1753882453615_1753882464024_8718452846061_596.png",
    "available": true,
    "promoUntil": null
  },
  {
    "id": "675706TRA",
    "title": "Jumbo Plantaardig Gehakt Naturel 300 g",
    "category": "Vlees, vis en vega",
    "price": 3.59,
    "promoPrice": null,
    "pricePerUnit": "11.97 kg",
    "image": "https://www.jumbo.com/dam-images/fit-in/360x360/Products/11092025_1757593971235_1757593978055_8718452904556_1.png",
    "available": true,
    "promoUntil": null
  },
  {
    "id": "186364ZK",
    "title": "Jumbo Basmati Rijst Voordeelverpakking 1 kg",
    "category": "Wereldkeukens, kruiden, pasta en rijst",
    "price": 2.45,
    "promoPrice": null,
    "pricePerUnit": "2.45 kg",
    "image": "https://www.jumbo.com/dam-images/fit-in/360x360/Products/07032025_1741354387527_1741354401009_8718452839827_596.png",
    "available": true,
    "promoUntil": null
  },
  {
    "id": "611353ZK",
    "title": "Zonnatura Biologische Krokante Muesli Pure Chocolade 375 g ",
    "category": "Ontbijt, broodbeleg en bakproducten",
    "price": 3.99,
    "promoPrice": null,
    "pricePerUnit": "10.64 kg",
    "image": "https://www.jumbo.com/dam-images/fit-in/360x360/Products/21102024_1729514108345_1729514114517_8711812408992_1.png",
    "available": true,
    "promoUntil": null
  },
  {
    "id": "644461POT",
    "title": "Jumbo's Biologische Bosvruchten Fruitspread 250 g",
    "category": "Ontbijt, broodbeleg en bakproducten",
    "price": 2.56,
    "promoPrice": null,
    "pricePerUnit": "10.24 kg",
    "image": "https://www.jumbo.com/dam-images/fit-in/360x360/Products/10122024_1733830367897_1733830381715_8718452849994_1.png",
    "available": true,
    "promoUntil": null
  },
  {
    "id": "608656PAK",
    "title": "Wahid Kip Boterhamworst 125 g",
    "category": "Vleeswaren, kaas en tapas",
    "price": 1.81,
    "promoPrice": null,
    "pricePerUnit": "14.48 kg",
    "image": "https://www.jumbo.com/dam-images/fit-in/360x360/Products/28032025_1743157976475_1743157984373_8716221098260_1.png",
    "available": true,
    "promoUntil": null
  },
  {
    "id": "158171STK",
    "title": "Jumbo Citroenen 5 Stuks",
    "category": "Aardappelen, groente en fruit",
    "price": 1.35,
    "promoPrice": null,
    "pricePerUnit": "0.27 pieces",
    "image": "https://www.jumbo.com/dam-images/fit-in/360x360/Products/10082023_1691674956781_1691674994027_8718452119233_1.png",
    "available": true,
    "promoUntil": null
  },
  {
    "id": "621512PKL",
    "title": "Sun All in 1 46 Stuks x 7 Dozen",
    "category": "Huishouden en dieren",
    "price": 160.93,
    "promoPrice": 80.46,
    "pricePerUnit": "0.25 pieces",
    "image": "https://www.jumbo.com/dam-images/fit-in/360x360/Products/12122024_1734014942301_1734014950175_8720181493713_1.png",
    "available": true,
    "promoUntil": "di 7 okt"
  },
  {
    "id": "707693NET",
    "title": "Fijnproevers Mandarijnen 1 kg",
    "category": "Aardappelen, groente en fruit",
    "price": 2.99,
    "promoPrice": null,
    "pricePerUnit": "2.99 kg",
    "image": "https://www.jumbo.com/dam-images/fit-in/360x360/Products/250114Mandarijnen017a292e66-d969-4361-b821-07d6963ef14a-1737631120578.png",
    "available": true,
    "promoUntil": null
  },
  {
    "id": "300202STK",
    "title": "Waldkorn - Bruin Meergranenbrood",
    "category": "Brood en gebak",
    "price": 2.45,
    "promoPrice": null,
    "pricePerUnit": "2.45 pieces",
    "image": "https://www.jumbo.com/dam-images/fit-in/360x360/Products/22042024_1713800058960_1713800063212_8718452638444_1.png",
    "available": true,
    "promoUntil": null
  },
  {
    "id": "575438DS",
    "title": "Jumbo Pedaalemmerzakken met Handvat 20 L 40 Stuks",
    "category": "Huishouden en dieren",
    "price": 1.25,
    "promoPrice": null,
    "pricePerUnit": "0.03 pieces",
    "image": "https://www.jumbo.com/dam-images/fit-in/360x360/Products/10122024_1733826775444_1733826779681_8718452751914_1.png",
    "available": true,
    "promoUntil": null
  },
  {
    "id": "651995DS",
    "title": "Jumbo Sous-Vide Draadjesvlees 300 g",
    "category": "Vlees, vis en vega",
    "price": 5.99,
    "promoPrice": null,
    "pricePerUnit": "19.97 kg",
    "image": "https://www.jumbo.com/dam-images/fit-in/360x360/Products/06112024_1730882044567_1730882053839_8718452700448_1.png",
    "available": true,
    "promoUntil": null
  },
  {
    "id": "637245STK",
    "title": "Jumbo's Beste Koffie Snelfiltermaling Mild 250 g",
    "category": "Koffie en thee",
    "price": 4.69,
    "promoPrice": null,
    "pricePerUnit": "18.76 kg",
    "image": "https://www.jumbo.com/dam-images/fit-in/360x360/Products/26092024_1727353959261_1727353964741_8718452840199_1.png",
    "available": true,
    "promoUntil": null
  },
  {
    "id": "566054BAK",
    "title": "Jumbo Perziken Geelvlezig 1KG",
    "category": "Aardappelen, groente en fruit",
    "price": 3.29,
    "promoPrice": null,
    "pricePerUnit": "3.29 kg",
    "image": "https://www.jumbo.com/dam-images/fit-in/360x360/Products/10082023_1691677235730_1691677247302_8718449067905_1.png",
    "available": true,
    "promoUntil": null
  },
  {
    "id": "642076KGR",
    "title": "Jumbo Grillworst Naturel ca. 130 g",
    "category": "Vleeswaren, kaas en tapas",
    "price": 2.66,
    "promoPrice": null,
    "pricePerUnit": "20.5 kg",
    "image": "https://www.jumbo.com/dam-images/fit-in/360x360/Products/12122024_1734014904421_1734014911858_2378336000000_1.png",
    "available": true,
    "promoUntil": null
  },
  {
    "id": "447914PAK",
    "title": "Dr. Oetker Red Velvet Cake met Romige Taart Topping Bakmix 293 g",
    "category": "Ontbijt, broodbeleg en bakproducten",
    "price": 4.54,
    "promoPrice": null,
    "pricePerUnit": "15.49 kg",
    "image": "https://www.jumbo.com/dam-images/fit-in/360x360/Products/17042025_1744854733023_1744854738496_447914_PAK_08710466313522_C1N1_s03.png",
    "available": true,
    "promoUntil": null
  },
  {
    "id": "634950FLS",
    "title": "Jumbo Cassis 1,5 L",
    "category": "Frisdrank en sappen",
    "price": 1.69,
    "promoPrice": null,
    "pricePerUnit": "1.13 l",
    "image": "https://www.jumbo.com/dam-images/fit-in/360x360/Products/19082024_1724077998922_1724078003794_8718452800513_1.png",
    "available": true,
    "promoUntil": null
  },
  {
    "id": "650002FLS",
    "title": "Oliehoorn Barbecuesaus Zoet & Rokerig 270 ml",
    "category": "Conserven, soepen, sauzen, oliën",
    "price": 2.59,
    "promoPrice": null,
    "pricePerUnit": "9.59 l",
    "image": "https://www.jumbo.com/dam-images/fit-in/360x360/Products/18122024_1734488152867_1734488157547_650002_FLS_08713277480094_C1N1.png",
    "available": true,
    "promoUntil": null
  },
  {
    "id": "611511TRA",
    "title": "Achterham Gegaard 175 g",
    "category": "Vleeswaren, kaas en tapas",
    "price": 2.09,
    "promoPrice": null,
    "pricePerUnit": "11.94 kg",
    "image": "https://www.jumbo.com/dam-images/fit-in/360x360/Products/12122024_1734021186399_1734021191418_8710939006432_1.png",
    "available": true,
    "promoUntil": null
  },
  {
    "id": "683329BAK",
    "title": "Jumbo Cocktail Garnalen Naturel 150 g",
    "category": "Vlees, vis en vega",
    "price": 3.69,
    "promoPrice": null,
    "pricePerUnit": "24.6 kg",
    "image": "https://www.jumbo.com/dam-images/fit-in/360x360/Products/29092023_1695995259129_1695995264069_8718452530045_1.png",
    "available": true,
    "promoUntil": null
  },
  {
    "id": "584559KGR",
    "title": "Wapenaer Goudse Kaas 48+ Extra Belegen Stuk ca. 393 g",
    "category": "Vleeswaren, kaas en tapas",
    "price": 7.46,
    "promoPrice": null,
    "pricePerUnit": "18.99 kg",
    "image": "https://www.jumbo.com/dam-images/fit-in/360x360/Products/11112024_1731339257680_1731339266540_2336162000000_1.png",
    "available": true,
    "promoUntil": null
  },
  {
    "id": "201896STK",
    "title": "Remia Kruidige & Romige Ravigote Tafelsaus 250 ml",
    "category": "Conserven, soepen, sauzen, oliën",
    "price": 1.75,
    "promoPrice": null,
    "pricePerUnit": "7.0 l",
    "image": "https://www.jumbo.com/dam-images/fit-in/360x360/Products/20012025_1737339398958_1737339403704_201896_STK_08710448632900_C1N1.png",
    "available": true,
    "promoUntil": null
  },
  {
    "id": "548815DS",
    "title": "Jumbo Jus Rundvlees 3 x 18 g",
    "category": "Conserven, soepen, sauzen, oliën",
    "price": 0.59,
    "promoPrice": null,
    "pricePerUnit": "10.93 kg",
    "image": "https://www.jumbo.com/dam-images/fit-in/360x360/Products/29092023_1695996347540_1695996355498_8718452645541_1.png",
    "available": true,
    "promoUntil": null
  },
  {
    "id": "506057DS",
    "title": "Jumbo Tomatenpuree 4 x 140 g",
    "category": "Wereldkeukens, kruiden, pasta en rijst",
    "price": 2.34,
    "promoPrice": null,
    "pricePerUnit": "4.18 kg",
    "image": "https://www.jumbo.com/dam-images/fit-in/360x360/Products/09082023_1691590668615_1691590712569_8718452627752_9.png",
    "available": true,
    "promoUntil": null
  },
  {
    "id": "509689DS",
    "title": "Clipper Infusion Variety 20 Zakjes 38 g",
    "category": "Koffie en thee",
    "price": 3.99,
    "promoPrice": null,
    "pricePerUnit": "0.2 pieces",
    "image": "https://www.jumbo.com/dam-images/fit-in/360x360/Products/24042025_1745459028465_1745459037534_509689_DS_05021991944253_H1N1.png",
    "available": true,
    "promoUntil": null
  },
  {
    "id": "621333FLS",
    "title": "Jumbo Huiswijn - Witte Wijn - Droog & Fris - Selection - 3L",
    "category": "Bier en wijn",
    "price": 12.65,
    "promoPrice": null,
    "pricePerUnit": "4.22 l",
    "image": "https://www.jumbo.com/dam-images/fit-in/360x360/Products/24062024_1719243234389_1719243239627_8718452836789_1.png",
    "available": true,
    "promoUntil": null
  },
  {
    "id": "609402FLS",
    "title": "Remia Vlaamse Mayonaise 500ml",
    "category": "Conserven, soepen, sauzen, oliën",
    "price": 2.69,
    "promoPrice": null,
    "pricePerUnit": "5.38 l",
    "image": "https://www.jumbo.com/dam-images/fit-in/360x360/Products/20012025_1737339515518_1737339519876_609402_FLS_08710448620068_C1N1.png",
    "available": true,
    "promoUntil": null
  },
  {
    "id": "380763PAK",
    "title": "Jumbo Kokosdrink Naturel 1 L",
    "category": "Zuivel, eieren, boter",
    "price": 1.99,
    "promoPrice": null,
    "pricePerUnit": "1.99 l",
    "image": "https://www.jumbo.com/dam-images/fit-in/360x360/Products/02062025_1748860407738_1748860416781_8718452876310_596.png",
    "available": true,
    "promoUntil": null
  },
  {
    "id": "497207PAK",
    "title": "Kerrygold Gezouten Pure Ierse Boter 250 g",
    "category": "Zuivel, eieren, boter",
    "price": 4.89,
    "promoPrice": null,
    "pricePerUnit": "19.56 kg",
    "image": "https://www.jumbo.com/dam-images/fit-in/360x360/Products/24092025_1758679857048_1758679862045_497207_PAK_05011038136086_C1N1.png",
    "available": true,
    "promoUntil": null
  },
  {
    "id": "211952DSL",
    "title": "Orbea – Pinot Grigio delle Venezie 6 x 750 ml",
    "category": "Bier en wijn",
    "price": 25.14,
    "promoPrice": null,
    "pricePerUnit": "5.59 l",
    "image": "https://www.jumbo.com/dam-images/fit-in/360x360/Products/211952DSL-1692282453045.png",
    "available": true,
    "promoUntil": null
  },
  {
    "id": "302286BLK",
    "title": "Jumbo Gebroken Sperziebonen 400 g",
    "category": "Conserven, soepen, sauzen, oliën",
    "price": 1.29,
    "promoPrice": null,
    "pricePerUnit": "5.73 kg",
    "image": "https://www.jumbo.com/dam-images/fit-in/360x360/Products/08052024_1715182452605_1715182458490_8718452764556_1.png",
    "available": true,
    "promoUntil": null
  },
  {
    "id": "208858STK",
    "title": "LiGA Milkbreak Koekjes Bosvruchten Framboos 6 x 2 Stuks 245g",
    "category": "Koek, snoep, chocolade en chips",
    "price": 3.19,
    "promoPrice": null,
    "pricePerUnit": "13.02 kg",
    "image": "https://www.jumbo.com/dam-images/fit-in/360x360/Products/24092025_1758724490737_1758724496225_7622210411037_1.png",
    "available": true,
    "promoUntil": null
  },
  {
    "id": "615309FLS",
    "title": "Gouda's Glorie Slasaus Yoghurt 500ML",
    "category": "Conserven, soepen, sauzen, oliën",
    "price": 1.99,
    "promoPrice": null,
    "pricePerUnit": "3.98 l",
    "image": "https://www.jumbo.com/dam-images/fit-in/360x360/Products/17092025_1758072321824_1758072326604_615309_FLS_08710448641117_C1N1.png",
    "available": true,
    "promoUntil": null
  },
  {
    "id": "577156DS",
    "title": "Epic Coffee Lungo Koffiecups 20 Stuks",
    "category": "Koffie en thee",
    "price": 3.99,
    "promoPrice": null,
    "pricePerUnit": "0.2 pieces",
    "image": "https://www.jumbo.com/dam-images/fit-in/360x360/Products/07112023_1699378468401_1699378479344_8720391700564_1.png",
    "available": true,
    "promoUntil": null
  },
  {
    "id": "201859STK",
    "title": "Calvé Salade Mix Kruiden Knoflook 3x8 g",
    "category": "Conserven, soepen, sauzen, oliën",
    "price": 1.55,
    "promoPrice": null,
    "pricePerUnit": "64.58 kg",
    "image": "https://www.jumbo.com/dam-images/fit-in/360x360/Products/24092025_1758676359543_1758676409313_201859_STK_08720182803733_H1N1.png",
    "available": true,
    "promoUntil": null
  },
  {
    "id": "139897STK",
    "title": "Zonnatura Oplosthee 20-kruiden",
    "category": "Koffie en thee",
    "price": 2.39,
    "promoPrice": null,
    "pricePerUnit": "11.95 kg",
    "image": "https://www.jumbo.com/dam-images/fit-in/360x360/Products/23082025_1755912546103_1755912552204_139897_STK_08711812407285_C1N1.png",
    "available": true,
    "promoUntil": null
  },
  {
    "id": "684703TRA",
    "title": "Jumbo Ribkarbonade Varken 4 Stuks",
    "category": "Vlees, vis en vega",
    "price": 5.5,
    "promoPrice": null,
    "pricePerUnit": "9.82 kg",
    "image": "https://www.jumbo.com/dam-images/fit-in/360x360/Products/23062025_1750667646341_1750667653517_8718452915903_1.png",
    "available": true,
    "promoUntil": null
  },
  {
    "id": "513737TRA",
    "title": "Garden Gourmet Vegetarische Gouda kaasschnitzel 2 x 90 g",
    "category": "Vlees, vis en vega",
    "price": 3.39,
    "promoPrice": null,
    "pricePerUnit": "18.83 kg",
    "image": "https://www.jumbo.com/dam-images/fit-in/360x360/Products/23092025_1758593185652_1758593202437_513737_TRA_07290013997685_C1N1_s01.png",
    "available": true,
    "promoUntil": null
  },
  {
    "id": "647861ROL",
    "title": "Jumbo Linzenwafels Sweet Chili 122g",
    "category": "Ontbijt, broodbeleg en bakproducten",
    "price": 1.99,
    "promoPrice": null,
    "pricePerUnit": "16.31 kg",
    "image": "https://www.jumbo.com/dam-images/fit-in/360x360/Products/25102024_1729870449020_1729870454196_8718452856114_1.png",
    "available": true,
    "promoUntil": null
  },
  {
    "id": "87949BAK",
    "title": "Jumbo Saucijs Fries Varken 4 Stuks",
    "category": "Vlees, vis en vega",
    "price": 3.99,
    "promoPrice": null,
    "pricePerUnit": "10.5 kg",
    "image": "https://www.jumbo.com/dam-images/fit-in/360x360/Products/07052025_1746606746825_1746606753668_8718452860234_1.png",
    "available": true,
    "promoUntil": null
  },
  {
    "id": "608654PAK",
    "title": "Wahid Kalkoenham 125 g",
    "category": "Vleeswaren, kaas en tapas",
    "price": 2.63,
    "promoPrice": null,
    "pricePerUnit": "21.04 kg",
    "image": "https://www.jumbo.com/dam-images/fit-in/360x360/Products/28032025_1743157993050_1743158002127_8716221098253_1.png",
    "available": true,
    "promoUntil": null
  },
  {
    "id": "577796CUP",
    "title": "HiPRO Skyr Stijl Bosbes 160 g",
    "category": "Zuivel, eieren, boter",
    "price": 1.49,
    "promoPrice": 1.11,
    "pricePerUnit": "6.94 kg",
    "image": "https://www.jumbo.com/dam-images/fit-in/360x360/Products/07022025_1738893702472_1738893707489_577796_CUP_08713788123374_H1N1.png",
    "available": true,
    "promoUntil": "di 7 okt"
  },
  {
    "id": "668879KGR",
    "title": "Jumbo Gegrilde Beenham ca. 120 g",
    "category": "Vleeswaren, kaas en tapas",
    "price": 3.66,
    "promoPrice": null,
    "pricePerUnit": "30.5 kg",
    "image": "https://www.jumbo.com/dam-images/fit-in/360x360/Products/07022025_1738945991433_1738946009520_2369596000000_1.png",
    "available": true,
    "promoUntil": null
  },
  {
    "id": "212178STK",
    "title": "Jumbo Gesneden Andijvie 400 g",
    "category": "Aardappelen, groente en fruit",
    "price": 1.89,
    "promoPrice": null,
    "pricePerUnit": "4.73 kg",
    "image": "https://www.jumbo.com/dam-images/fit-in/360x360/Products/09072024_1720517665302_1720517671606_8718452797837_1.png",
    "available": true,
    "promoUntil": null
  },
  {
    "id": "493551ZK",
    "title": "Wasa Crunchy Twist Poppy Seeds & Sea Salt 245 g",
    "category": "Ontbijt, broodbeleg en bakproducten",
    "price": 2.34,
    "promoPrice": null,
    "pricePerUnit": "9.55 kg",
    "image": "https://www.jumbo.com/dam-images/fit-in/360x360/Products/02092025_1756779145706_1756779150446_493551_ZK_07300400482790_C1N1.png",
    "available": true,
    "promoUntil": null
  },
  {
    "id": "441007FLS",
    "title": "Slimpie Framboos Siroop 650 ml",
    "category": "Frisdrank en sappen",
    "price": 3.49,
    "promoPrice": null,
    "pricePerUnit": "5.37 l",
    "image": "https://www.jumbo.com/dam-images/fit-in/360x360/Products/06062024_1717642115864_1717642131621_441007_FLS_08719214811143_H1N1.png",
    "available": true,
    "promoUntil": null
  },
  {
    "id": "659052PAK",
    "title": "Jumbo Sinaasappelsap 1 L",
    "category": "Frisdrank en sappen",
    "price": 2.4,
    "promoPrice": null,
    "pricePerUnit": "2.4 l",
    "image": "https://www.jumbo.com/dam-images/fit-in/360x360/Products/25112024_1732552456268_1732552469120_8718452864324_596.png",
    "available": true,
    "promoUntil": null
  },
  {
    "id": "430697STK",
    "title": "Jumbo - Boeren Licht Meerzaden - Knapperig en Vers",
    "category": "Brood en gebak",
    "price": 2.0,
    "promoPrice": null,
    "pricePerUnit": "2.0 pieces",
    "image": "https://www.jumbo.com/dam-images/fit-in/360x360/Products/28042025_1745832826671_1745832835070_8718452771899_2.png",
    "available": true,
    "promoUntil": null
  },
  {
    "id": "560398ZK",
    "title": "Lay's Family Mix Chips 15 Uitdeelzakjes 3 Smaken",
    "category": "Koek, snoep, chocolade en chips",
    "price": 5.49,
    "promoPrice": null,
    "pricePerUnit": "17.43 kg",
    "image": "https://www.jumbo.com/dam-images/fit-in/360x360/Products/25122023_1703470893440_1703470898690_560398_ZK_08710398528117_H1N1.png",
    "available": true,
    "promoUntil": null
  },
  {
    "id": "300149STK",
    "title": "Jumbo Witte Bollen 6 Stuks",
    "category": "Brood en gebak",
    "price": 1.57,
    "promoPrice": null,
    "pricePerUnit": "0.26 pieces",
    "image": "https://www.jumbo.com/dam-images/fit-in/360x360/Products/19032025_1742398390813_1742398395820_8718452815326_1.png",
    "available": true,
    "promoUntil": null
  },
  {
    "id": "217444DSL",
    "title": "Klein Vriend - Chenin Blanc 4 x 3 L",
    "category": "Bier en wijn",
    "price": 45.08,
    "promoPrice": null,
    "pricePerUnit": "3.76 l",
    "image": "https://www.jumbo.com/dam-images/fit-in/360x360/Products/217444DSL-1692282505742.png",
    "available": true,
    "promoUntil": null
  },
  {
    "id": "420596PAK",
    "title": "Jumbo Biologisch Magere Melk 1 L",
    "category": "Zuivel, eieren, boter",
    "price": 1.28,
    "promoPrice": null,
    "pricePerUnit": "1.28 l",
    "image": "https://www.jumbo.com/dam-images/fit-in/360x360/Products/09072024_1720517718084_1720517725855_8718452754052_596.png",
    "available": true,
    "promoUntil": null
  },
  {
    "id": "212173STK",
    "title": "Jumbo Gewassen Spinazie 600 g",
    "category": "Aardappelen, groente en fruit",
    "price": 2.89,
    "promoPrice": null,
    "pricePerUnit": "4.82 kg",
    "image": "https://www.jumbo.com/dam-images/fit-in/360x360/Products/31052024_1717151657384_1717151664462_8718452773374_1.png",
    "available": true,
    "promoUntil": null
  },
  {
    "id": "162608ZK",
    "title": "Hebro Kipsaté Ajam 4 stokjes 172 g",
    "category": "Diepvries",
    "price": 2.39,
    "promoPrice": null,
    "pricePerUnit": "13.9 kg",
    "image": "https://www.jumbo.com/dam-images/fit-in/360x360/Products/23032024_1711159942861_1711159956563_162608_ZK_08710861910654_C1N1_s02.png",
    "available": true,
    "promoUntil": null
  },
  {
    "id": "642804KGR",
    "title": "Jumbo Zonvarken Procureurlap 2 Stuks",
    "category": "Vlees, vis en vega",
    "price": 3.91,
    "promoPrice": null,
    "pricePerUnit": "11.5 kg",
    "image": "https://www.jumbo.com/dam-images/fit-in/360x360/Products/25112024_1732548796236_1732548803453_2348820000000_1.png",
    "available": true,
    "promoUntil": null
  },
  {
    "id": "205030STK",
    "title": "Nutrilon 1 Volledige Zuigelingenvoeding - Baby 0-6 Maanden 800g",
    "category": "Drogisterij en baby",
    "price": 17.81,
    "promoPrice": null,
    "pricePerUnit": "22.26 kg",
    "image": "https://www.jumbo.com/dam-images/fit-in/360x360/Products/28082025_1756398807873_1756398812049_8712400117654_1.png",
    "available": true,
    "promoUntil": null
  },
  {
    "id": "214633FLS",
    "title": "Melvita Weide- en Veld Bloemen Honing 250 g",
    "category": "Koffie en thee",
    "price": 2.81,
    "promoPrice": null,
    "pricePerUnit": "11.24 kg",
    "image": "https://www.jumbo.com/dam-images/fit-in/360x360/Products/12102023_1697103301525_1697103311932_8713406450226_1.png",
    "available": true,
    "promoUntil": null
  },
  {
    "id": "208981STK",
    "title": "Nutrilon 2 Opvolgmelk - Baby 6-10 Maanden 800g",
    "category": "Drogisterij en baby",
    "price": 17.81,
    "promoPrice": null,
    "pricePerUnit": "22.26 kg",
    "image": "https://www.jumbo.com/dam-images/fit-in/360x360/Products/13092025_1757727661080_1757727663965_208981_STK_08712400117661_C1N1_s01.png",
    "available": true,
    "promoUntil": null
  },
  {
    "id": "563730DS",
    "title": "ERU Goudkuipje Naturel 100 g",
    "category": "Vleeswaren, kaas en tapas",
    "price": 1.69,
    "promoPrice": null,
    "pricePerUnit": "16.9 kg",
    "image": "https://www.jumbo.com/dam-images/fit-in/360x360/Products/10052025_1746840387277_1746840391190_563730_DS_00000087187359_C1N1.png",
    "available": true,
    "promoUntil": null
  },
  {
    "id": "708360KGR",
    "title": "Jumbo Gebraden Gehakt ca. 115g",
    "category": "Vleeswaren, kaas en tapas",
    "price": 2.0,
    "promoPrice": null,
    "pricePerUnit": "17.39 kg",
    "image": "https://www.jumbo.com/dam-images/fit-in/360x360/Products/04072025_1751617977153_1751617985169_2335998000000_1.png",
    "available": true,
    "promoUntil": null
  },
  {
    "id": "707167BAK",
    "title": "Jumbo Rundergehakt 175 g ",
    "category": "Vlees, vis en vega",
    "price": 3.0,
    "promoPrice": null,
    "pricePerUnit": "17.14 kg",
    "image": "https://www.jumbo.com/dam-images/fit-in/360x360/Products/11082025_1754897638350_1754897643533_8718452962648_1.png",
    "available": true,
    "promoUntil": null
  },
  {
    "id": "372105PAK",
    "title": "Café Intención Espresso Intensivo 500 g bonen",
    "category": "Koffie en thee",
    "price": 12.99,
    "promoPrice": null,
    "pricePerUnit": "25.98 kg",
    "image": "https://www.jumbo.com/dam-images/fit-in/360x360/Products/28092023_1695920842579_1695920845554_4006581020983_1.png",
    "available": true,
    "promoUntil": null
  },
  {
    "id": "30961PAK",
    "title": "Jumbo Chocolettes Melk 300 g",
    "category": "Koek, snoep, chocolade en chips",
    "price": 1.26,
    "promoPrice": null,
    "pricePerUnit": "4.2 kg",
    "image": "https://www.jumbo.com/dam-images/fit-in/360x360/Products/04072025_1751617973455_1751617978283_8711715854650_1.png",
    "available": true,
    "promoUntil": null
  },
  {
    "id": "537672TRL",
    "title": "Hero Cassis The Original 24 x 250 ml",
    "category": "Frisdrank en sappen",
    "price": 17.94,
    "promoPrice": 16.14,
    "pricePerUnit": "2.69 l",
    "image": "https://www.jumbo.com/dam-images/fit-in/360x360/Products/12122024_1734014860518_1734014866823_8713500232339_1.png",
    "available": true,
    "promoUntil": "di 7 okt"
  },
  {
    "id": "211731STK",
    "title": "Jumbo Roerbakmix Mexicaans 400 g",
    "category": "Aardappelen, groente en fruit",
    "price": 2.49,
    "promoPrice": null,
    "pricePerUnit": "6.23 kg",
    "image": "https://www.jumbo.com/dam-images/fit-in/360x360/Products/26062024_1719412466314_1719412476856_8718452786701_1.png",
    "available": true,
    "promoUntil": null
  },
  {
    "id": "689386DS",
    "title": "Melitta Original koffiefilters 1x6 Bruin 40 stuks",
    "category": "Koffie en thee",
    "price": 1.59,
    "promoPrice": null,
    "pricePerUnit": "0.04 pieces",
    "image": "https://www.jumbo.com/dam-images/fit-in/360x360/Products/09082025_1754701321925_1754701326758_689386_DS_.png",
    "available": true,
    "promoUntil": null
  },
  {
    "id": "505024FLS",
    "title": "Raak Vruchtensiroop Sinaasappel Zero Fles 750ML",
    "category": "Frisdrank en sappen",
    "price": 3.49,
    "promoPrice": null,
    "pricePerUnit": "4.65 l",
    "image": "https://www.jumbo.com/dam-images/fit-in/360x360/Products/28052025_1748397408338_1748397413277_505024_FLS_00000087342680_C1N1.png",
    "available": true,
    "promoUntil": null
  },
  {
    "id": "565020DS",
    "title": "Céréal Hagelslag Puur 200 g",
    "category": "Ontbijt, broodbeleg en bakproducten",
    "price": 3.36,
    "promoPrice": null,
    "pricePerUnit": "16.8 kg",
    "image": "https://www.jumbo.com/dam-images/fit-in/360x360/Products/16062025_1750038168815_1750038175824_565020_DS_05410063041233_A1N1.png",
    "available": true,
    "promoUntil": null
  },
  {
    "id": "610244DS",
    "title": "HomeMade Complete Mix voor Scones 225 g",
    "category": "Ontbijt, broodbeleg en bakproducten",
    "price": 2.47,
    "promoPrice": null,
    "pricePerUnit": "10.98 kg",
    "image": "https://www.jumbo.com/dam-images/fit-in/360x360/Products/25032024_1711381816873_1711381832626_8719678031101_1.png",
    "available": true,
    "promoUntil": null
  },
  {
    "id": "82080NET",
    "title": "Jumbo Knoflook 100 g",
    "category": "Aardappelen, groente en fruit",
    "price": 1.29,
    "promoPrice": null,
    "pricePerUnit": "12.9 kg",
    "image": "https://www.jumbo.com/dam-images/fit-in/360x360/Products/82080NET-1692280619842.png",
    "available": true,
    "promoUntil": null
  },
  {
    "id": "613159ZK",
    "title": "Melkunie Breaker Specials Apple Pie Yoghurt 200 g",
    "category": "Zuivel, eieren, boter",
    "price": 1.69,
    "promoPrice": null,
    "pricePerUnit": "8.45 kg",
    "image": "https://www.jumbo.com/dam-images/fit-in/360x360/Products/22022025_1740190318242_1740190332098_613159_ZK_08718166008335_H1N1.png",
    "available": true,
    "promoUntil": null
  },
  {
    "id": "608655TRA",
    "title": "Wahid Kalkoensalami 100 g",
    "category": "Vleeswaren, kaas en tapas",
    "price": 2.49,
    "promoPrice": null,
    "pricePerUnit": "24.9 kg",
    "image": "https://www.jumbo.com/dam-images/fit-in/360x360/Products/28032025_1743157976398_1743157984612_8716221206139_1.png",
    "available": true,
    "promoUntil": null
  },
  {
    "id": "428549PAK",
    "title": "Jumbo Cola Light 6 x 1,5L",
    "category": "Frisdrank en sappen",
    "price": 6.53,
    "promoPrice": null,
    "pricePerUnit": "0.73 l",
    "image": "https://www.jumbo.com/dam-images/fit-in/360x360/Products/385844PAK1e129f038-a8ed-4e0a-954f-62e31be2dd61-1693229261181.png",
    "available": true,
    "promoUntil": null
  },
  {
    "id": "612510DS",
    "title": "Magnum Mini IJs Classic Almond White Chocolate 10 x 55 ml",
    "category": "Diepvries",
    "price": 8.99,
    "promoPrice": null,
    "pricePerUnit": "16.35 l",
    "image": "https://www.jumbo.com/dam-images/fit-in/360x360/Products/01092025_1756722868475_1756722872416_8711327609464_1.png",
    "available": true,
    "promoUntil": null
  },
  {
    "id": "207510POT",
    "title": "Jean Bâton Mayo Absolutely Vegan 385 ml",
    "category": "Conserven, soepen, sauzen, oliën",
    "price": 2.99,
    "promoPrice": null,
    "pricePerUnit": "7.77 l",
    "image": "https://www.jumbo.com/dam-images/fit-in/360x360/Products/25072025_1753407327388_1753407342621_207510_POT_08718403014549_C1N1.png",
    "available": true,
    "promoUntil": null
  },
  {
    "id": "195800CUP",
    "title": "Jumbo Cottage Cheese 200 g",
    "category": "Vleeswaren, kaas en tapas",
    "price": 0.95,
    "promoPrice": null,
    "pricePerUnit": "4.75 kg",
    "image": "https://www.jumbo.com/dam-images/fit-in/360x360/Products/29092023_1695995270422_1695995277434_8718452538553_1.png",
    "available": true,
    "promoUntil": null
  },
  {
    "id": "670767STK",
    "title": "HEMA 50 Pak Bekers",
    "category": "Non-food en servicebalie",
    "price": 2.99,
    "promoPrice": null,
    "pricePerUnit": "0.06 pieces",
    "image": "https://www.jumbo.com/dam-images/fit-in/360x360/Products/11032025_1741661403686_1741661406637_670767_STK_08721245008072_C1N1.png",
    "available": true,
    "promoUntil": null
  },
  {
    "id": "586832POT",
    "title": "XXL Nutrition Whey Delicious Banana Flavor 450 g",
    "category": "Ontbijt, broodbeleg en bakproducten",
    "price": 18.69,
    "promoPrice": null,
    "pricePerUnit": "41.53 kg",
    "image": "https://www.jumbo.com/dam-images/fit-in/360x360/Products/14022024_1707873029501_1707873038282_8719881007818_1.png",
    "available": true,
    "promoUntil": null
  },
  {
    "id": "607571CUP",
    "title": "Oddlygood Dreamy Berries Dessert 130g",
    "category": "Zuivel, eieren, boter",
    "price": 1.79,
    "promoPrice": null,
    "pricePerUnit": "13.77 kg",
    "image": "https://www.jumbo.com/dam-images/fit-in/360x360/Products/24042024_1713921547173_1713921552281_607571_CUP_06408432000201_C1N1.png",
    "available": true,
    "promoUntil": null
  },
  {
    "id": "681340BAK",
    "title": "Surimi Sticks MSC 250 g",
    "category": "Vlees, vis en vega",
    "price": 1.39,
    "promoPrice": null,
    "pricePerUnit": "5.56 kg",
    "image": "https://www.jumbo.com/dam-images/fit-in/360x360/Products/09082023_1691588190419_1691588203640_4770190142953_1.png",
    "available": true,
    "promoUntil": null
  },
  {
    "id": "622542PAK",
    "title": "FULFIL Peanut & Caramel Proteïnebar 55 gr",
    "category": "Ontbijt, broodbeleg en bakproducten",
    "price": 2.93,
    "promoPrice": null,
    "pricePerUnit": "53.27 kg",
    "image": "https://www.jumbo.com/dam-images/fit-in/360x360/Products/12122024_1734014462918_1734014467248_5390691017919_1.png",
    "available": true,
    "promoUntil": null
  },
  {
    "id": "203177ZK",
    "title": "Jumbo Choco Mix 3 Smaken 455 g",
    "category": "Koek, snoep, chocolade en chips",
    "price": 3.36,
    "promoPrice": null,
    "pricePerUnit": "7.38 kg",
    "image": "https://www.jumbo.com/dam-images/fit-in/360x360/Products/09092025_1757421319297_1757421328757_8718452454075_1.png",
    "available": true,
    "promoUntil": null
  },
  {
    "id": "225592PAK",
    "title": "Jumbo - Baguette Wit - 2 Stuks",
    "category": "Brood en gebak",
    "price": 0.75,
    "promoPrice": null,
    "pricePerUnit": "2.5 kg",
    "image": "https://www.jumbo.com/dam-images/fit-in/360x360/Products/29092023_1695995637154_1695995643340_8718452644834_1.png",
    "available": true,
    "promoUntil": null
  },
  {
    "id": "558891ZK",
    "title": "Jumbo Jus Ui 18 g",
    "category": "Conserven, soepen, sauzen, oliën",
    "price": 0.55,
    "promoPrice": null,
    "pricePerUnit": "30.56 kg",
    "image": "https://www.jumbo.com/dam-images/fit-in/360x360/Products/10082023_1691678617764_1691678628126_8718452645565_1.png",
    "available": true,
    "promoUntil": null
  },
  {
    "id": "655044DS",
    "title": "Jumbo Wascapsules 5 in 1 Kleur 22 Wasbeurten",
    "category": "Huishouden en dieren",
    "price": 4.39,
    "promoPrice": null,
    "pricePerUnit": "0.2 pieces",
    "image": "https://www.jumbo.com/dam-images/fit-in/360x360/Products/30102024_1730302385952_1730302404351_8718452829828_596.png",
    "available": true,
    "promoUntil": null
  },
  {
    "id": "560667PAK",
    "title": "Boon Kikkererwt 380 g",
    "category": "Conserven, soepen, sauzen, oliën",
    "price": 1.19,
    "promoPrice": null,
    "pricePerUnit": "5.41 kg",
    "image": "https://www.jumbo.com/dam-images/fit-in/360x360/Products/25032024_1711381521495_1711381526104_8710646900023_1.png",
    "available": true,
    "promoUntil": null
  },
  {
    "id": "608326BAK",
    "title": "Jumbo Gekruid Kipgehakt 300g",
    "category": "Vlees, vis en vega",
    "price": 3.75,
    "promoPrice": null,
    "pricePerUnit": "12.5 kg",
    "image": "https://www.jumbo.com/dam-images/fit-in/360x360/Products/05112024_1730820973073_1730820993170_8718452798810_1.png",
    "available": true,
    "promoUntil": null
  },
  {
    "id": "425039FLS",
    "title": "Lipton Ice Tea Green Original 1,5 L",
    "category": "Frisdrank en sappen",
    "price": 3.09,
    "promoPrice": null,
    "pricePerUnit": "2.06 l",
    "image": "https://www.jumbo.com/dam-images/fit-in/360x360/Products/29032025_1743218964894_1743218990695_425039_FLS_08711327507487_H1N1.png",
    "available": true,
    "promoUntil": null
  },
  {
    "id": "605582ZK",
    "title": "Jumbo Vriesverse Bosvruchten Voordeelverpakking 750 g",
    "category": "Diepvries",
    "price": 4.49,
    "promoPrice": null,
    "pricePerUnit": "5.99 kg",
    "image": "https://www.jumbo.com/dam-images/fit-in/360x360/Products/24052024_1716554113026_1716554121248_8718452800148_1.png",
    "available": true,
    "promoUntil": null
  },
  {
    "id": "683355POT",
    "title": "Ouwehand Sea You Fish Bites Zure Haring 355 g",
    "category": "Vlees, vis en vega",
    "price": 2.99,
    "promoPrice": null,
    "pricePerUnit": "14.95 kg",
    "image": "https://www.jumbo.com/dam-images/fit-in/360x360/Products/05062025_1749115989700_1749116008081_8710407011111_1.png",
    "available": true,
    "promoUntil": null
  },
  {
    "id": "175128POT",
    "title": "Grand'Italia Pastasaus Basilico 260 g",
    "category": "Conserven, soepen, sauzen, oliën",
    "price": 3.0,
    "promoPrice": null,
    "pricePerUnit": "11.54 kg",
    "image": "https://www.jumbo.com/dam-images/fit-in/360x360/Products/26092024_1727318790264_1727318797504_175128_POT_00000080023401_H1N1.png",
    "available": true,
    "promoUntil": null
  },
  {
    "id": "632985TRA",
    "title": "Wahid Kipgrillworst 125 g",
    "category": "Vleeswaren, kaas en tapas",
    "price": 2.66,
    "promoPrice": null,
    "pricePerUnit": "21.28 kg",
    "image": "https://www.jumbo.com/dam-images/fit-in/360x360/Products/28032025_1743157993405_1743158000505_8716221206160_1.png",
    "available": true,
    "promoUntil": null
  },
  {
    "id": "420756DS",
    "title": "Zonnatura Biologische Goedemorgen Kruideninfusie 20 Zakjes ",
    "category": "Koffie en thee",
    "price": 2.39,
    "promoPrice": null,
    "pricePerUnit": "0.12 pieces",
    "image": "https://www.jumbo.com/dam-images/fit-in/360x360/Products/19092025_1758292429063_1758292440222_8711812480486_596.png",
    "available": true,
    "promoUntil": null
  },
  {
    "id": "690055TUB",
    "title": "Zaanse Curry Ketchup 190ml",
    "category": "Conserven, soepen, sauzen, oliën",
    "price": 1.49,
    "promoPrice": null,
    "pricePerUnit": "7.84 l",
    "image": "https://www.jumbo.com/dam-images/fit-in/360x360/Products/09092025_1757380974459_1757380981445_690055_TUB_08710716019532_C1N1.png",
    "available": true,
    "promoUntil": null
  },
  {
    "id": "270928STK",
    "title": "Jumbo Luikse Wafels 10 Stuks",
    "category": "Koek, snoep, chocolade en chips",
    "price": 1.75,
    "promoPrice": null,
    "pricePerUnit": "3.18 kg",
    "image": "https://www.jumbo.com/dam-images/fit-in/360x360/Products/09082023_1691585277608_1691585286655_8718452377336_1.png",
    "available": true,
    "promoUntil": null
  },
  {
    "id": "477817STK",
    "title": "Valess Vegetarische Crispy Chik'n Burger 2 Stuks 180 g",
    "category": "Vlees, vis en vega",
    "price": 3.69,
    "promoPrice": null,
    "pricePerUnit": "20.5 kg",
    "image": "https://www.jumbo.com/dam-images/fit-in/360x360/Products/12092025_1757684030551_1757684036290_8712800037279_1.png",
    "available": true,
    "promoUntil": null
  },
  {
    "id": "450568DS",
    "title": "Jumbo Huiswijn - Rosé Droog en Fris - 3L",
    "category": "Bier en wijn",
    "price": 10.99,
    "promoPrice": null,
    "pricePerUnit": "3.66 l",
    "image": "https://www.jumbo.com/dam-images/fit-in/360x360/Products/09082023_1691588713190_1691588738345_8718452554690_1.png",
    "available": true,
    "promoUntil": null
  },
  {
    "id": "478005ZK",
    "title": "Jumbo Verspakket Italiaanse Lasagne 4 Personen",
    "category": "Wereldkeukens, kruiden, pasta en rijst",
    "price": 5.49,
    "promoPrice": null,
    "pricePerUnit": "4.69 kg",
    "image": "https://www.jumbo.com/dam-images/fit-in/360x360/Products/03092025_1756884833970_1756884841505_8718452766727_1.png",
    "available": true,
    "promoUntil": null
  },
  {
    "id": "677593ZK",
    "title": "Jumbo Romige Mosterdsoep 570ML",
    "category": "Conserven, soepen, sauzen, oliën",
    "price": 2.79,
    "promoPrice": null,
    "pricePerUnit": "4.89 l",
    "image": "https://www.jumbo.com/dam-images/fit-in/360x360/Products/25042025_1745588008891_1745588026588_8718452883653_596.png",
    "available": true,
    "promoUntil": null
  },
  {
    "id": "647101POT",
    "title": "Grand'Italia Pastasaus 4 Formaggi 260 g",
    "category": "Conserven, soepen, sauzen, oliën",
    "price": 3.0,
    "promoPrice": null,
    "pricePerUnit": "11.54 kg",
    "image": "https://www.jumbo.com/dam-images/fit-in/360x360/Products/25052024_1716600709021_1716600717518_647101_POT_00000080023258_H1N1.png",
    "available": true,
    "promoUntil": null
  },
  {
    "id": "657334ZK",
    "title": "Jumbo - Kaiserbroodjes Wit - 10 Stuks",
    "category": "Brood en gebak",
    "price": 1.97,
    "promoPrice": null,
    "pricePerUnit": "3.58 kg",
    "image": "https://www.jumbo.com/dam-images/fit-in/360x360/Products/12122024_1734014944201_1734014948392_8718452839346_1.png",
    "available": true,
    "promoUntil": null
  },
  {
    "id": "546670CUP",
    "title": "Wijko Satésaus kant en klaar 3 x 80 g",
    "category": "Conserven, soepen, sauzen, oliën",
    "price": 3.49,
    "promoPrice": null,
    "pricePerUnit": "14.54 kg",
    "image": "https://www.jumbo.com/dam-images/fit-in/360x360/Products/22082024_1724290656137_1724290663210_546670_CUP_08718053070780_H1N1.png",
    "available": true,
    "promoUntil": null
  },
  {
    "id": "548072CUP",
    "title": "Jumbo Chocoladedruppels Wit 125 g",
    "category": "Ontbijt, broodbeleg en bakproducten",
    "price": 2.96,
    "promoPrice": null,
    "pricePerUnit": "23.68 kg",
    "image": "https://www.jumbo.com/dam-images/fit-in/360x360/Products/02042025_1743563316452_1743563326740_548072_CUP_08718452691661_C1N1.png",
    "available": true,
    "promoUntil": null
  },
  {
    "id": "486829ZK",
    "title": "Lay's Sensations Thai Sweet Chilli Chips 150 gr",
    "category": "Koek, snoep, chocolade en chips",
    "price": 2.49,
    "promoPrice": null,
    "pricePerUnit": "16.6 kg",
    "image": "https://www.jumbo.com/dam-images/fit-in/360x360/Products/19062025_1750332793081_1750332797462_8710398160027_1.png",
    "available": true,
    "promoUntil": null
  },
  {
    "id": "270264PAK",
    "title": "Jumbo Huiswijn - Soepel - 3L",
    "category": "Bier en wijn",
    "price": 10.49,
    "promoPrice": null,
    "pricePerUnit": "3.5 l",
    "image": "https://www.jumbo.com/dam-images/fit-in/360x360/Products/09082023_1691587247149_1691587263246_8718452381616_1.png",
    "available": true,
    "promoUntil": null
  },
  {
    "id": "429167PAK",
    "title": "SPA REINE Natuurlijk Mineraalwater 6x 1L",
    "category": "Frisdrank en sappen",
    "price": 6.1,
    "promoPrice": null,
    "pricePerUnit": "1.02 l",
    "image": "https://www.jumbo.com/dam-images/fit-in/360x360/Products/09082023_1691595579684_1691595588154_5410013136156_1.png",
    "available": true,
    "promoUntil": null
  },
  {
    "id": "690009TUB",
    "title": "Zaanse Halfvolle Mayo 200ML",
    "category": "Conserven, soepen, sauzen, oliën",
    "price": 1.49,
    "promoPrice": null,
    "pricePerUnit": "7.45 l",
    "image": "https://www.jumbo.com/dam-images/fit-in/360x360/Products/21052025_1747792942408_1747792949688_690009_TUB_08710716003784_C1N1.png",
    "available": true,
    "promoUntil": null
  },
  {
    "id": "690066NET",
    "title": "Mini Babybel Jonge 45+ kaas tussendoortje 10 x 20 g",
    "category": "Vleeswaren, kaas en tapas",
    "price": 4.69,
    "promoPrice": null,
    "pricePerUnit": "23.45 kg",
    "image": "https://www.jumbo.com/dam-images/fit-in/360x360/Products/18082025_1755531252155_1755531256828_3073781007374_1.png",
    "available": true,
    "promoUntil": null
  },
  {
    "id": "369631FLS",
    "title": "Sun Vaatwaspoeder Classic 80 wasbeurten",
    "category": "Huishouden en dieren",
    "price": 9.99,
    "promoPrice": null,
    "pricePerUnit": "0.12 pieces",
    "image": "https://www.jumbo.com/dam-images/fit-in/360x360/Products/28082025_1756370018082_1756370025014_8710522736487_1.png",
    "available": true,
    "promoUntil": null
  },
  {
    "id": "522940CUP",
    "title": "Jumbo Kipsaté Salade 200 g",
    "category": "Vleeswaren, kaas en tapas",
    "price": 3.42,
    "promoPrice": null,
    "pricePerUnit": "17.1 kg",
    "image": "https://www.jumbo.com/dam-images/fit-in/360x360/Products/11122023_1702297984174_1702297989849_8718452665402_1.png",
    "available": true,
    "promoUntil": null
  },
  {
    "id": "494433ZK",
    "title": "Jumbo Pangasiusfilet Vriesvers 675 g",
    "category": "Diepvries",
    "price": 4.99,
    "promoPrice": null,
    "pricePerUnit": "7.39 kg",
    "image": "https://www.jumbo.com/dam-images/fit-in/360x360/Products/10082023_1691676465805_1691676473650_8718452581511_1.png",
    "available": true,
    "promoUntil": null
  },
  {
    "id": "633656ZK",
    "title": "Molensteen Mix voor Wit brood 500g",
    "category": "Ontbijt, broodbeleg en bakproducten",
    "price": 1.36,
    "promoPrice": null,
    "pricePerUnit": "2.72 kg",
    "image": "https://www.jumbo.com/dam-images/fit-in/360x360/Products/04062024_1717515796657_1717515801758_633656_ZK_08717931904865_C1N1.png",
    "available": true,
    "promoUntil": null
  },
  {
    "id": "208706BAK",
    "title": "Jumbo Bami Goreng 1 kg",
    "category": "Verse maaltijden en gemak",
    "price": 3.99,
    "promoPrice": null,
    "pricePerUnit": "3.99 kg",
    "image": "https://www.jumbo.com/dam-images/fit-in/360x360/Products/29092023_1695995636920_1695995644069_8718452661725_1.png",
    "available": true,
    "promoUntil": null
  },
  {
    "id": "173808KST",
    "title": "Iglo Vissticks XXL 25+5 Gratis 840 g",
    "category": "Diepvries",
    "price": 6.6,
    "promoPrice": null,
    "pricePerUnit": "7.86 kg",
    "image": "https://www.jumbo.com/dam-images/fit-in/360x360/Products/17082024_1723857905931_1723857916594_173808_KST_08717774266182_C1N1.png",
    "available": true,
    "promoUntil": null
  },
  {
    "id": "393186CUP",
    "title": "Jumbo Groene Pesto 100 g",
    "category": "Vleeswaren, kaas en tapas",
    "price": 2.09,
    "promoPrice": null,
    "pricePerUnit": "20.9 kg",
    "image": "https://www.jumbo.com/dam-images/fit-in/360x360/Products/14022024_1707873912346_1707873918579_8718452757237_1.png",
    "available": true,
    "promoUntil": null
  },
  {
    "id": "232654DSL",
    "title": "Mezzacorona – Pinot Grigio Rosé 6 x 750 ml",
    "category": "Bier en wijn",
    "price": 40.74,
    "promoPrice": null,
    "pricePerUnit": "9.05 l",
    "image": "https://www.jumbo.com/dam-images/fit-in/360x360/Products/232654DSL-1692362561660.png",
    "available": true,
    "promoUntil": null
  },
  {
    "id": "627163STK",
    "title": "Jumbo Bosui",
    "category": "Aardappelen, groente en fruit",
    "price": 0.85,
    "promoPrice": null,
    "pricePerUnit": "0.85 pieces",
    "image": "https://www.jumbo.com/dam-images/fit-in/360x360/Products/09082023_1691584857125_1691584874613_8711715882233_9.png",
    "available": true,
    "promoUntil": null
  },
  {
    "id": "688661DS",
    "title": "Jumbo Aluminiumfolie 30 Meter",
    "category": "Huishouden en dieren",
    "price": 1.99,
    "promoPrice": null,
    "pricePerUnit": "1.99 pieces",
    "image": "https://www.jumbo.com/dam-images/fit-in/360x360/Products/12062025_1749742493649_1749742500458_8718452885985_596.png",
    "available": true,
    "promoUntil": null
  },
  {
    "id": "187819STK",
    "title": "Merci Chocolade Finest Selection 250g",
    "category": "Koek, snoep, chocolade en chips",
    "price": 4.97,
    "promoPrice": null,
    "pricePerUnit": "19.88 kg",
    "image": "https://www.jumbo.com/dam-images/fit-in/360x360/Products/22072025_1753149522757_1753149527160_187819_STK_04014400901191_C1N1.png",
    "available": true,
    "promoUntil": null
  },
  {
    "id": "677290ZK",
    "title": "Jumbo Biologisch Kruidige Tomatensoep 570ML",
    "category": "Conserven, soepen, sauzen, oliën",
    "price": 2.69,
    "promoPrice": null,
    "pricePerUnit": "4.72 l",
    "image": "https://www.jumbo.com/dam-images/fit-in/360x360/Products/08052025_1746721987361_1746722008927_8718452872886_596.png",
    "available": true,
    "promoUntil": null
  },
  {
    "id": "391877ZK",
    "title": "Jumbo Minikrieltjes 600 g",
    "category": "Aardappelen, groente en fruit",
    "price": 1.25,
    "promoPrice": null,
    "pricePerUnit": "2.08 kg",
    "image": "https://www.jumbo.com/dam-images/fit-in/360x360/Products/18062024_1718724829823_1718724838121_8718452801497_1.png",
    "available": true,
    "promoUntil": null
  },
  {
    "id": "701828KGR",
    "title": "Jumbo Salami ca. 115g",
    "category": "Vleeswaren, kaas en tapas",
    "price": 2.5,
    "promoPrice": null,
    "pricePerUnit": "21.74 kg",
    "image": "https://www.jumbo.com/dam-images/fit-in/360x360/Products/09082023_1691587016543_1691587033516_2324424000000_1.png",
    "available": true,
    "promoUntil": null
  },
  {
    "id": "676438FLS",
    "title": "Dreft Platinum Quickwash Original Vloeibaar Afwasmiddel 520ml",
    "category": "Huishouden en dieren",
    "price": 4.39,
    "promoPrice": null,
    "pricePerUnit": "8.44 l",
    "image": "https://www.jumbo.com/dam-images/fit-in/360x360/Products/05092025_1757030530203_1757030535739_8700216630511_1.png",
    "available": true,
    "promoUntil": null
  },
  {
    "id": "428507FLS",
    "title": "Jumbo - Fresh Lemon Drink - Zero Sugar - 1,5L",
    "category": "Frisdrank en sappen",
    "price": 0.9,
    "promoPrice": null,
    "pricePerUnit": "0.6 l",
    "image": "https://www.jumbo.com/dam-images/fit-in/360x360/Products/03062024_1717425310608_1717425313996_8718452537662_1.png",
    "available": true,
    "promoUntil": null
  },
  {
    "id": "438999ZK",
    "title": "Jumbo Snoep Mix Zoet & Zacht 500 g",
    "category": "Koek, snoep, chocolade en chips",
    "price": 2.47,
    "promoPrice": null,
    "pricePerUnit": "4.94 kg",
    "image": "https://www.jumbo.com/dam-images/fit-in/360x360/Products/12122024_1734017683553_1734017687935_8718452533916_1.png",
    "available": true,
    "promoUntil": null
  },
  {
    "id": "644222DS",
    "title": "SPA REINE Natuurlijk Mineraalwater Eco Pack 10L",
    "category": "Frisdrank en sappen",
    "price": 8.32,
    "promoPrice": null,
    "pricePerUnit": "0.83 l",
    "image": "https://www.jumbo.com/dam-images/fit-in/360x360/Products/14022025_1739539158110_1739539161227_5410013801504_1.png",
    "available": true,
    "promoUntil": null
  },
  {
    "id": "188501PAK",
    "title": "Jumbo - Kaiser Broodjes - 4 Stuks",
    "category": "Brood en gebak",
    "price": 0.59,
    "promoPrice": null,
    "pricePerUnit": "2.95 kg",
    "image": "https://www.jumbo.com/dam-images/fit-in/360x360/Products/29092023_1695995625385_1695995635914_8718452637362_1.png",
    "available": true,
    "promoUntil": null
  },
  {
    "id": "429182FLS",
    "title": "Crystal Clear Citroen Smaak Drank 1,5 L",
    "category": "Frisdrank en sappen",
    "price": 2.49,
    "promoPrice": null,
    "pricePerUnit": "1.66 l",
    "image": "https://www.jumbo.com/dam-images/fit-in/360x360/Products/05022025_1738721052249_1738721061038_429182_FLS_08715600243710_H1N1.png",
    "available": true,
    "promoUntil": null
  },
  {
    "id": "582815STK",
    "title": "Jumbo Goudse Kaas Extra Belegen 48+ Stuk Voordeelverpakking 900g",
    "category": "Vleeswaren, kaas en tapas",
    "price": 9.39,
    "promoPrice": null,
    "pricePerUnit": "10.43 kg",
    "image": "https://www.jumbo.com/dam-images/fit-in/360x360/Products/21112023_1700580788419_1700580799141_8718452695317_1.png",
    "available": true,
    "promoUntil": null
  },
  {
    "id": "621141DSL",
    "title": "Quaker Cruesli Luchtig Voordeelverpakking 4 x 775 gr",
    "category": "Ontbijt, broodbeleg en bakproducten",
    "price": 22.52,
    "promoPrice": null,
    "pricePerUnit": "7.26 kg",
    "image": "https://www.jumbo.com/dam-images/fit-in/360x360/Products/621141DSL19c602edd-ca89-46e2-9bd1-9ab31470e693-1717402804262.png",
    "available": true,
    "promoUntil": null
  },
  {
    "id": "690247FLS",
    "title": "Robijn Klein & Krachtig Wasmiddel Kleur 1,19L",
    "category": "Huishouden en dieren",
    "price": 30.49,
    "promoPrice": null,
    "pricePerUnit": "0.78 wb",
    "image": "https://www.jumbo.com/dam-images/fit-in/360x360/Products/05072025_1751682940423_1751682966409_690247_FLS_08720181676895_H1N1.png",
    "available": true,
    "promoUntil": null
  },
  {
    "id": "673773STK",
    "title": "Chavroux Pure Geitenkaas 45+ 150 g",
    "category": "Vleeswaren, kaas en tapas",
    "price": 3.79,
    "promoPrice": null,
    "pricePerUnit": "25.27 kg",
    "image": "https://www.jumbo.com/dam-images/fit-in/360x360/Products/13052025_1747103113944_1747103122722_673773_STK_03272770016247_A1N1_s15.png",
    "available": true,
    "promoUntil": null
  },
  {
    "id": "538511PAK",
    "title": "Amstel Radler Citroen 0.0 Bier Blik 7+1 x 330ml",
    "category": "Bier en wijn",
    "price": 7.63,
    "promoPrice": null,
    "pricePerUnit": "2.89 l",
    "image": "https://www.jumbo.com/dam-images/fit-in/360x360/Products/07012025_1736267692789_1736267695678_8712000059477_1.png",
    "available": true,
    "promoUntil": null
  },
  {
    "id": "701083KGR",
    "title": "Jumbo Gelderse Gekookte Worst ca. 120 g",
    "category": "Vleeswaren, kaas en tapas",
    "price": 2.0,
    "promoPrice": null,
    "pricePerUnit": "14.29 kg",
    "image": "https://www.jumbo.com/dam-images/fit-in/360x360/Products/13112024_1731497560681_1731497567766_2369010000000_1.png",
    "available": true,
    "promoUntil": null
  },
  {
    "id": "583099CUP",
    "title": "Unox Good Pasta Champignon 59 g",
    "category": "Conserven, soepen, sauzen, oliën",
    "price": 2.19,
    "promoPrice": null,
    "pricePerUnit": "37.12 kg",
    "image": "https://www.jumbo.com/dam-images/fit-in/360x360/Products/05062025_1749092779562_1749092805190_583099_CUP_08720182706232_C1N1.png",
    "available": true,
    "promoUntil": null
  },
  {
    "id": "631885STK",
    "title": "Jumbo - Boeren Tijger Volkoren",
    "category": "Brood en gebak",
    "price": 1.24,
    "promoPrice": null,
    "pricePerUnit": "1.55 kg",
    "image": "https://www.jumbo.com/dam-images/fit-in/360x360/Products/14082024_1723646010153_1723646014375_8718452811632_1.png",
    "available": true,
    "promoUntil": null
  },
  {
    "id": "179657POT",
    "title": "Santa Maria Jalapeños Green hot 215g",
    "category": "Wereldkeukens, kruiden, pasta en rijst",
    "price": 2.89,
    "promoPrice": null,
    "pricePerUnit": "26.27 kg",
    "image": "https://www.jumbo.com/dam-images/fit-in/360x360/Products/13092025_1757730984202_1757731007807_179657_POT_.png",
    "available": true,
    "promoUntil": null
  },
  {
    "id": "655577STK",
    "title": "Jumbo Plakjes Gehaktbal 175 g",
    "category": "Vleeswaren, kaas en tapas",
    "price": 2.85,
    "promoPrice": null,
    "pricePerUnit": "16.29 kg",
    "image": "https://www.jumbo.com/dam-images/fit-in/360x360/Products/12122024_1734017703537_1734017713356_8718452879380_1.png",
    "available": true,
    "promoUntil": null
  },
  {
    "id": "551509ZK",
    "title": "Jumbo Toiletpapier Maxi Rol Zacht en Sterk 3-Laags 6 Rollen",
    "category": "Huishouden en dieren",
    "price": 3.49,
    "promoPrice": null,
    "pricePerUnit": "0.58 pieces",
    "image": "https://www.jumbo.com/dam-images/fit-in/360x360/Products/09082023_1691595580822_1691595584150_8718452551705_1.png",
    "available": true,
    "promoUntil": null
  },
  {
    "id": "33144FLS",
    "title": "De Korenaer - Scharrel Advocaat - 500ML",
    "category": "Bier en wijn",
    "price": 4.79,
    "promoPrice": null,
    "pricePerUnit": "9.58 l",
    "image": "https://www.jumbo.com/dam-images/fit-in/360x360/Products/28092023_1695919632858_1695919636322_8710701002600_1.png",
    "available": true,
    "promoUntil": null
  },
  {
    "id": "614113POT",
    "title": "Bonne Maman Vijgen Confiture 370g",
    "category": "Ontbijt, broodbeleg en bakproducten",
    "price": 2.5,
    "promoPrice": null,
    "pricePerUnit": "6.76 kg",
    "image": "https://www.jumbo.com/dam-images/fit-in/360x360/Products/16022024_1708049348842_1708049397565_614113_POT_03045320508512_C1N1_s02_01.png",
    "available": true,
    "promoUntil": null
  },
  {
    "id": "606324STK",
    "title": "Jumbo Gesneden Snijbonen 400 g",
    "category": "Aardappelen, groente en fruit",
    "price": 2.49,
    "promoPrice": null,
    "pricePerUnit": "6.23 kg",
    "image": "https://www.jumbo.com/dam-images/fit-in/360x360/Products/29072024_1722270918278_1722270924730_8718452773336_1.png",
    "available": true,
    "promoUntil": null
  },
  {
    "id": "198671DSL",
    "title": "Zwitsal Billendoekjes Sensitive 12 x 57 Stuks",
    "category": "Drogisterij en baby",
    "price": 34.74,
    "promoPrice": 24.31,
    "pricePerUnit": "0.04 pieces",
    "image": "https://www.jumbo.com/dam-images/fit-in/360x360/Products/198671DSL-1692283004121.png",
    "available": true,
    "promoUntil": "di 7 okt"
  },
  {
    "id": "676208TRA",
    "title": "Vivera Vegetarische Kaas Schnitzel 2 Stuks 150 g",
    "category": "Vlees, vis en vega",
    "price": 3.19,
    "promoPrice": null,
    "pricePerUnit": "21.27 kg",
    "image": "https://www.jumbo.com/dam-images/fit-in/360x360/Products/07082025_1754531493214_1754531499046_676208_TRA_08718300878510_C1N1.png",
    "available": true,
    "promoUntil": null
  },
  {
    "id": "460377BAK",
    "title": "Jumbo Cherry Tomaten 400 g",
    "category": "Aardappelen, groente en fruit",
    "price": 2.99,
    "promoPrice": null,
    "pricePerUnit": "7.48 kg",
    "image": "https://www.jumbo.com/dam-images/fit-in/360x360/Products/16052025_1747387968797_1747387973860_8718452621439_1.png",
    "available": true,
    "promoUntil": null
  },
  {
    "id": "537671DSL",
    "title": "Red Bull Energy Drink Suikervrij Tray - 24 x 250ml",
    "category": "Frisdrank en sappen",
    "price": 34.95,
    "promoPrice": null,
    "pricePerUnit": "5.83 l",
    "image": "https://www.jumbo.com/dam-images/fit-in/360x360/Products/22032024_1711121826565_1711121832828_9002490259204_1.png",
    "available": true,
    "promoUntil": null
  },
  {
    "id": "679774ZK",
    "title": "Jumbo Gevulde Goulashsoep 570ML",
    "category": "Conserven, soepen, sauzen, oliën",
    "price": 2.59,
    "promoPrice": null,
    "pricePerUnit": "4.54 l",
    "image": "https://www.jumbo.com/dam-images/fit-in/360x360/Products/25042025_1745584348615_1745584366742_8718452873388_596.png",
    "available": true,
    "promoUntil": null
  },
  {
    "id": "627804DS",
    "title": "Lay's Cheetos Snackbox Chips 20 uitdeelzakjes",
    "category": "Koek, snoep, chocolade en chips",
    "price": 11.76,
    "promoPrice": null,
    "pricePerUnit": "0.59 pieces",
    "image": "https://www.jumbo.com/dam-images/fit-in/360x360/Products/28022025_1740715025216_1740715029240_627804_DS_08710398525048_H1N1.png",
    "available": true,
    "promoUntil": null
  },
  {
    "id": "329575ZK",
    "title": "Jumbo Gesneden Prei 400 g",
    "category": "Aardappelen, groente en fruit",
    "price": 2.19,
    "promoPrice": null,
    "pricePerUnit": "5.48 kg",
    "image": "https://www.jumbo.com/dam-images/fit-in/360x360/Products/29072024_1722270917473_1722270926653_8718452773381_1.png",
    "available": true,
    "promoUntil": null
  },
  {
    "id": "191091FLS",
    "title": "Jumbo Allesreiniger 750 ML",
    "category": "Huishouden en dieren",
    "price": 1.99,
    "promoPrice": null,
    "pricePerUnit": "2.65 l",
    "image": "https://www.jumbo.com/dam-images/fit-in/360x360/Products/29092023_1695996695829_1695996698370_8718452727469_1.png",
    "available": true,
    "promoUntil": null
  },
  {
    "id": "688102ZK",
    "title": "Jumbo Bloemkool Roosjes Voordeelverpakking 750 g",
    "category": "Diepvries",
    "price": 1.89,
    "promoPrice": null,
    "pricePerUnit": "2.52 kg",
    "image": "https://www.jumbo.com/dam-images/fit-in/360x360/Products/31032025_1743420766446_1743420779316_8718452889044_596.png",
    "available": true,
    "promoUntil": null
  },
  {
    "id": "624149POT",
    "title": "Bio Today Ghee 300 g",
    "category": "Zuivel, eieren, boter",
    "price": 13.89,
    "promoPrice": null,
    "pricePerUnit": "39.69 l",
    "image": "https://www.jumbo.com/dam-images/fit-in/360x360/Products/07022025_1738890028050_1738890039460_8718858937073_1.png",
    "available": true,
    "promoUntil": null
  },
  {
    "id": "598240DS",
    "title": "Jumbo Frikandellen Airfryer & Oven 10 Stuks",
    "category": "Diepvries",
    "price": 4.16,
    "promoPrice": null,
    "pricePerUnit": "5.94 kg",
    "image": "https://www.jumbo.com/dam-images/fit-in/360x360/Products/08052025_1746714770380_1746714790576_8718452903283_596.png",
    "available": true,
    "promoUntil": null
  },
  {
    "id": "674076FLS",
    "title": "Jumbo Fruitsiroop Tropical met Appel 0% Suiker Toegevoegd 750ML",
    "category": "Frisdrank en sappen",
    "price": 2.99,
    "promoPrice": null,
    "pricePerUnit": "3.99 l",
    "image": "https://www.jumbo.com/dam-images/fit-in/360x360/Products/25042025_1745580811691_1745580816296_8718452889204_1.png",
    "available": true,
    "promoUntil": null
  },
  {
    "id": "216708ZK",
    "title": "Jumbo Ongeroosterde Pijnboompitten 100 g",
    "category": "Aardappelen, groente en fruit",
    "price": 4.99,
    "promoPrice": null,
    "pricePerUnit": "49.9 kg",
    "image": "https://www.jumbo.com/dam-images/fit-in/360x360/Products/25102024_1729866969432_1729866977095_8718452858569_1.png",
    "available": true,
    "promoUntil": null
  },
  {
    "id": "422548PAK",
    "title": "Jumbo Tomaten Gezeefd Passata 500 g",
    "category": "Wereldkeukens, kruiden, pasta en rijst",
    "price": 0.83,
    "promoPrice": null,
    "pricePerUnit": "1.66 kg",
    "image": "https://www.jumbo.com/dam-images/fit-in/360x360/Products/09082023_1691588031083_1691588113852_8718452504435_1.png",
    "available": true,
    "promoUntil": null
  },
  {
    "id": "597061BAK",
    "title": "Jumbo Grill & Gemak Kipgehaktballetjes met Barbecuesaus 194 g",
    "category": "Vlees, vis en vega",
    "price": 4.19,
    "promoPrice": null,
    "pricePerUnit": "21.6 kg",
    "image": "https://www.jumbo.com/dam-images/fit-in/360x360/Products/29042025_1745937193916_1745937200469_8718452801084_1.png",
    "available": true,
    "promoUntil": null
  },
  {
    "id": "687050DS",
    "title": "Jumbo Cornets Vanille Smaak 16 Stuks",
    "category": "Diepvries",
    "price": 4.34,
    "promoPrice": null,
    "pricePerUnit": "2.26 l",
    "image": "https://www.jumbo.com/dam-images/fit-in/360x360/Products/16042025_1744817610158_1744817624313_8718452913558_596.png",
    "available": true,
    "promoUntil": null
  },
  {
    "id": "539096BLK",
    "title": "Dors - Premium Pilsener - Blik - 500 ML",
    "category": "Bier en wijn",
    "price": 0.75,
    "promoPrice": null,
    "pricePerUnit": "1.5 l",
    "image": "https://www.jumbo.com/dam-images/fit-in/360x360/Products/14022024_1707873137704_1707873142824_8718452653676_1.png",
    "available": true,
    "promoUntil": null
  },
  {
    "id": "212583POT",
    "title": "Jumbo Zoetzuur Cocktail Uitjes 320 g",
    "category": "Conserven, soepen, sauzen, oliën",
    "price": 0.99,
    "promoPrice": null,
    "pricePerUnit": "5.21 kg",
    "image": "https://www.jumbo.com/dam-images/fit-in/360x360/Products/04072025_1751617974307_1751617981086_8718452329335_1.png",
    "available": true,
    "promoUntil": null
  },
  {
    "id": "416300KGR",
    "title": "Jumbo Ierse Peper Rosbief ca. 100 g",
    "category": "Vleeswaren, kaas en tapas",
    "price": 3.5,
    "promoPrice": null,
    "pricePerUnit": "34.99 kg",
    "image": "https://www.jumbo.com/dam-images/fit-in/360x360/Products/07112023_1699382047259_1699382067167_2333578000000_1.png",
    "available": true,
    "promoUntil": null
  },
  {
    "id": "79126FLS",
    "title": "Los Gansos - Sauvignon Blanc - 750ML",
    "category": "Bier en wijn",
    "price": 5.99,
    "promoPrice": 4.99,
    "pricePerUnit": "6.65 l",
    "image": "https://www.jumbo.com/dam-images/fit-in/360x360/Products/10062025_1749547946984_1749547951001_7804320328423_1.png",
    "available": true,
    "promoUntil": "di 7 okt"
  },
  {
    "id": "572720ZK",
    "title": "Jumbo Notenmix Ongezouten 200 g",
    "category": "Koek, snoep, chocolade en chips",
    "price": 2.79,
    "promoPrice": null,
    "pricePerUnit": "13.95 kg",
    "image": "https://www.jumbo.com/dam-images/fit-in/360x360/Products/09082023_1691595045446_1691595052645_8718452724840_1.png",
    "available": true,
    "promoUntil": null
  },
  {
    "id": "232763STK",
    "title": "Jumbo Mango",
    "category": "Aardappelen, groente en fruit",
    "price": 1.99,
    "promoPrice": null,
    "pricePerUnit": "1.99 pieces",
    "image": "https://www.jumbo.com/dam-images/fit-in/360x360/Products/09092025_1757421313136_1757421322433_25003048_1.png",
    "available": true,
    "promoUntil": null
  },
  {
    "id": "492902ZK",
    "title": "Jumbo Parmigiano Reggiano Flakes 125 g",
    "category": "Vleeswaren, kaas en tapas",
    "price": 3.39,
    "promoPrice": null,
    "pricePerUnit": "27.12 kg",
    "image": "https://www.jumbo.com/dam-images/fit-in/360x360/Products/09082023_1691590435374_1691590590643_8718452637447_1.png",
    "available": true,
    "promoUntil": null
  },
  {
    "id": "497040ZK",
    "title": "Jumbo Mozzarella Mini's 210 g",
    "category": "Vleeswaren, kaas en tapas",
    "price": 1.29,
    "promoPrice": null,
    "pricePerUnit": "10.32 kg",
    "image": "https://www.jumbo.com/dam-images/fit-in/360x360/Products/10082023_1691677661065_1691677667822_8718452637461_1.png",
    "available": true,
    "promoUntil": null
  },
  {
    "id": "382720BAK",
    "title": "Jumbo Kalkoenblokjes 250g",
    "category": "Vlees, vis en vega",
    "price": 4.99,
    "promoPrice": null,
    "pricePerUnit": "19.96 kg",
    "image": "https://www.jumbo.com/dam-images/fit-in/360x360/Products/05112024_1730820971900_1730820979139_8718452272938_1.png",
    "available": true,
    "promoUntil": null
  },
  {
    "id": "383155ZK",
    "title": "Jumbo Aardappelen Zoet 1 kg",
    "category": "Aardappelen, groente en fruit",
    "price": 3.29,
    "promoPrice": null,
    "pricePerUnit": "3.29 kg",
    "image": "https://www.jumbo.com/dam-images/fit-in/360x360/Products/09082023_1691587590828_1691587600490_8718452499281_1.png",
    "available": true,
    "promoUntil": null
  },
  {
    "id": "123129KRT",
    "title": "Dommelsch - Pils - Krat - 24 x 300ML",
    "category": "Bier en wijn",
    "price": 16.49,
    "promoPrice": null,
    "pricePerUnit": "2.29 l",
    "image": "https://www.jumbo.com/dam-images/fit-in/360x360/Products/18092023_1695025796352_1695025802104_25004977_1.png",
    "available": true,
    "promoUntil": null
  },
  {
    "id": "600078STK",
    "title": "Jumbo Huishouddoekjes 10 Stuks",
    "category": "Huishouden en dieren",
    "price": 1.99,
    "promoPrice": null,
    "pricePerUnit": "0.2 pieces",
    "image": "https://www.jumbo.com/dam-images/fit-in/360x360/Products/14052025_1747215232923_1747215241675_8718452725267_1.png",
    "available": true,
    "promoUntil": null
  },
  {
    "id": "417704PAK",
    "title": "Appelsientje Sinaasappel 1L",
    "category": "Frisdrank en sappen",
    "price": 3.99,
    "promoPrice": null,
    "pricePerUnit": "3.99 l",
    "image": "https://www.jumbo.com/dam-images/fit-in/360x360/Products/29062025_1751159321918_1751159364575_417704_PAK_08720157464310_C1N1.png",
    "available": true,
    "promoUntil": null
  },
  {
    "id": "431033DS",
    "title": "Hertog Jan - Grand Prestige - Fles - 6 x 300ML",
    "category": "Bier en wijn",
    "price": 9.99,
    "promoPrice": null,
    "pricePerUnit": "5.55 l",
    "image": "https://www.jumbo.com/dam-images/fit-in/360x360/Products/08725000656119H1N18e247f4f-d42f-4566-a744-884f115eee3d-1721057003217.png",
    "available": true,
    "promoUntil": null
  },
  {
    "id": "466646PAK",
    "title": "Jumbo - Gevouwen Flatbreads Naturel - 4 Stuks",
    "category": "Brood en gebak",
    "price": 1.9,
    "promoPrice": null,
    "pricePerUnit": "9.5 kg",
    "image": "https://www.jumbo.com/dam-images/fit-in/360x360/Products/29092023_1695995627078_1695995633570_8718452633364_1.png",
    "available": true,
    "promoUntil": null
  },
  {
    "id": "441725PAK",
    "title": "Jumbo Drink Appel 10 x 200ML",
    "category": "Frisdrank en sappen",
    "price": 2.79,
    "promoPrice": null,
    "pricePerUnit": "1.4 l",
    "image": "https://www.jumbo.com/dam-images/fit-in/360x360/Products/24112023_1700836388190_1700836408745_8718452648986_1.png",
    "available": true,
    "promoUntil": null
  },
  {
    "id": "617479STK",
    "title": "Milner Jong 30+ Kaas Plakken",
    "category": "Vleeswaren, kaas en tapas",
    "price": 2.99,
    "promoPrice": null,
    "pricePerUnit": "19.93 kg",
    "image": "https://www.jumbo.com/dam-images/fit-in/360x360/Products/18112024_1731940417078_1731940446502_8710912013280_6.png",
    "available": true,
    "promoUntil": null
  },
  {
    "id": "275061PAK",
    "title": "Leffe - Blond 0.0% Alcoholvrij Belgisch Abdijbier - Fles - 6 x 300ML",
    "category": "Bier en wijn",
    "price": 6.65,
    "promoPrice": 4.98,
    "pricePerUnit": "2.77 l",
    "image": "https://www.jumbo.com/dam-images/fit-in/360x360/Products/LeffeBlonde0-1742898400860.png",
    "available": true,
    "promoUntil": "di 30 sep"
  },
  {
    "id": "629627TRL",
    "title": "Jumbo Cola Regular Blik 24 x 330 ml",
    "category": "Frisdrank en sappen",
    "price": 9.36,
    "promoPrice": null,
    "pricePerUnit": "1.18 l",
    "image": "https://www.jumbo.com/dam-images/fit-in/360x360/Products/629627TRL2f1c41f1a-a38c-4dcf-aa52-9a4a7eda9c6c-1745827984784.png",
    "available": true,
    "promoUntil": null
  },
  {
    "id": "189963STK",
    "title": "Celebrations Chocolaatjes mix cadeau uitdeelverpakking 385g",
    "category": "Koek, snoep, chocolade en chips",
    "price": 7.89,
    "promoPrice": null,
    "pricePerUnit": "20.49 kg",
    "image": "https://www.jumbo.com/dam-images/fit-in/360x360/Products/20052025_1747703906432_1747703916518_189963_STK_.png",
    "available": true,
    "promoUntil": null
  },
  {
    "id": "705337ZK",
    "title": "Jumbo - Hamburger Broodjes - 4 Stuks",
    "category": "Brood en gebak",
    "price": 1.29,
    "promoPrice": null,
    "pricePerUnit": "0.32 pieces",
    "image": "https://www.jumbo.com/dam-images/fit-in/360x360/Products/29092023_1695995100724_1695995111378_8718452356447_1.png",
    "available": true,
    "promoUntil": null
  },
  {
    "id": "409922DS",
    "title": "Jumbo Zilvervliesrijst Voordeelverpakking 1 kg",
    "category": "Wereldkeukens, kruiden, pasta en rijst",
    "price": 1.47,
    "promoPrice": null,
    "pricePerUnit": "1.47 kg",
    "image": "https://www.jumbo.com/dam-images/fit-in/360x360/Products/10082023_1691676549691_1691676562588_8718452474332_1.png",
    "available": true,
    "promoUntil": null
  },
  {
    "id": "492901ZK",
    "title": "Jumbo Grana Padano Poeder 150 g",
    "category": "Vleeswaren, kaas en tapas",
    "price": 3.49,
    "promoPrice": null,
    "pricePerUnit": "23.27 kg",
    "image": "https://www.jumbo.com/dam-images/fit-in/360x360/Products/09082023_1691591092679_1691591133635_8718452637430_1.png",
    "available": true,
    "promoUntil": null
  },
  {
    "id": "681335TRA",
    "title": "Jumbo Plantaardig Shoarma Gekruid 350g",
    "category": "Vlees, vis en vega",
    "price": 3.5,
    "promoPrice": null,
    "pricePerUnit": "10.0 kg",
    "image": "https://www.jumbo.com/dam-images/fit-in/360x360/Products/06032025_1741249973855_1741249983117_8718452817511_1.png",
    "available": true,
    "promoUntil": null
  },
  {
    "id": "685934DS",
    "title": "Omo XXL Waspoeder Kleur 65 Wasbeurten",
    "category": "Huishouden en dieren",
    "price": 18.5,
    "promoPrice": null,
    "pricePerUnit": "0.28 wb",
    "image": "https://www.jumbo.com/dam-images/fit-in/360x360/Products/11032025_1741704735163_1741704759128_685934_DS_08720181605239_C1N1.png",
    "available": true,
    "promoUntil": null
  },
  {
    "id": "291744SC",
    "title": "Pink Lady Biologische Appels 4 Stuks",
    "category": "Aardappelen, groente en fruit",
    "price": 3.49,
    "promoPrice": null,
    "pricePerUnit": "0.87 pieces",
    "image": "https://www.jumbo.com/dam-images/fit-in/360x360/Products/18092023_1695061826790_1695061838533_3700476651443_1.png",
    "available": true,
    "promoUntil": null
  },
  {
    "id": "535696PAK",
    "title": "Hertog Jan - Pilsener - Blik - 7+1 x 500ML",
    "category": "Bier en wijn",
    "price": 10.99,
    "promoPrice": null,
    "pricePerUnit": "2.75 l",
    "image": "https://www.jumbo.com/dam-images/fit-in/360x360/Products/535696_8725000660383_1_T1_476946PAK1691077505152.png",
    "available": true,
    "promoUntil": null
  },
  {
    "id": "701182ZK",
    "title": "Jumbo Provençaals Borrel Noten Voordeelverpakking 500 g",
    "category": "Koek, snoep, chocolade en chips",
    "price": 1.98,
    "promoPrice": null,
    "pricePerUnit": "3.96 kg",
    "image": "https://www.jumbo.com/dam-images/fit-in/360x360/Products/08052025_1746714770451_1746714794025_8718452723911_596.png",
    "available": true,
    "promoUntil": null
  },
  {
    "id": "690243FLS",
    "title": "Robijn Klein & Krachtig Classics Vloeibaar Wasmiddel Color 22 wasbeurten",
    "category": "Huishouden en dieren",
    "price": 17.99,
    "promoPrice": null,
    "pricePerUnit": "0.82 wb",
    "image": "https://www.jumbo.com/dam-images/fit-in/360x360/Products/28082025_1756370018703_1756370021731_8720181676802_1.png",
    "available": true,
    "promoUntil": null
  },
  {
    "id": "607985TRL",
    "title": "Pepsi zero sugar 4 x 6 x 330 ml",
    "category": "Frisdrank en sappen",
    "price": 15.96,
    "promoPrice": null,
    "pricePerUnit": "2.02 l",
    "image": "https://www.jumbo.com/dam-images/fit-in/360x360/Products/607985TRL044970bf-f790-4f85-bcfa-97b8fbcfc9c7-1745830446505.png",
    "available": true,
    "promoUntil": null
  },
  {
    "id": "410135ZK",
    "title": "M&M'S Pinda chocolade snoepjes maxi 400g",
    "category": "Koek, snoep, chocolade en chips",
    "price": 6.29,
    "promoPrice": null,
    "pricePerUnit": "15.73 kg",
    "image": "https://www.jumbo.com/dam-images/fit-in/360x360/Products/15082025_1755227112390_1755227126179_410135_ZK_04011100005884_H1N1.png",
    "available": true,
    "promoUntil": null
  },
  {
    "id": "503606FLS",
    "title": "Waterval - Pinot Grigio - 750ML",
    "category": "Bier en wijn",
    "price": 5.29,
    "promoPrice": null,
    "pricePerUnit": "7.05 l",
    "image": "https://www.jumbo.com/dam-images/fit-in/360x360/Products/29112024_1732894395359_1732894398725_6001506912839_1.png",
    "available": true,
    "promoUntil": null
  },
  {
    "id": "642801KGR",
    "title": "Jumbo BBQ Spareribs Naturel ca. 300 g",
    "category": "Vlees, vis en vega",
    "price": 4.35,
    "promoPrice": null,
    "pricePerUnit": "14.49 kg",
    "image": "https://www.jumbo.com/dam-images/fit-in/360x360/Products/01052025_1746088367255_1746088372712_2348821000000_1.png",
    "available": true,
    "promoUntil": null
  },
  {
    "id": "167282FLS",
    "title": "Grand Sud - Merlot - 1L",
    "category": "Bier en wijn",
    "price": 5.99,
    "promoPrice": null,
    "pricePerUnit": "5.99 l",
    "image": "https://www.jumbo.com/dam-images/fit-in/360x360/Products/09082023_1691586201521_1691586205340_3263286345518_1.png",
    "available": true,
    "promoUntil": null
  },
  {
    "id": "649659DS",
    "title": "Jumbo Tissues Zacht & Sterk 3-Laags 100 Stuks",
    "category": "Drogisterij en baby",
    "price": 1.15,
    "promoPrice": null,
    "pricePerUnit": "0.01 pieces",
    "image": "https://www.jumbo.com/dam-images/fit-in/360x360/Products/01112024_1730464446884_1730464459126_8718452847150_596.png",
    "available": true,
    "promoUntil": null
  },
  {
    "id": "367188KGR",
    "title": "Jumbo Roompaté ca. 170 g",
    "category": "Vleeswaren, kaas en tapas",
    "price": 2.97,
    "promoPrice": null,
    "pricePerUnit": "17.5 kg",
    "image": "https://www.jumbo.com/dam-images/fit-in/360x360/Products/09092025_1757421319843_1757421329910_2333436000000_1.png",
    "available": true,
    "promoUntil": null
  },
  {
    "id": "300255DS",
    "title": "Mekkafood Chicken Tenders 450 g",
    "category": "Diepvries",
    "price": 7.99,
    "promoPrice": null,
    "pricePerUnit": "17.76 kg",
    "image": "https://www.jumbo.com/dam-images/fit-in/360x360/Products/29052024_1716949926378_1716949936641_300255_DS_04026279974602_C1N1.png",
    "available": true,
    "promoUntil": null
  },
  {
    "id": "385148ZK",
    "title": "Kips Kleintje Vega Smeerworst 6 x 20 g",
    "category": "Vleeswaren, kaas en tapas",
    "price": 2.08,
    "promoPrice": null,
    "pricePerUnit": "17.33 kg",
    "image": "https://www.jumbo.com/dam-images/fit-in/360x360/Products/05072025_1751677680555_1751677688072_385148_ZK_08710991000812_C1N1.png",
    "available": true,
    "promoUntil": null
  },
  {
    "id": "657326EM",
    "title": "Jumbo Gegrilde Kip Mild Gekruid 600 g",
    "category": "Vlees, vis en vega",
    "price": 6.0,
    "promoPrice": null,
    "pricePerUnit": "10.0 kg",
    "image": "https://www.jumbo.com/dam-images/fit-in/360x360/Products/12122024_1734014904836_1734014917785_8718452743001_596.png",
    "available": true,
    "promoUntil": null
  },
  {
    "id": "678235DS",
    "title": "Gillette Mach3 Base 20 Navulmesjes Voor Mannen",
    "category": "Drogisterij en baby",
    "price": 83.12,
    "promoPrice": null,
    "pricePerUnit": "4.16 pieces",
    "image": "https://www.jumbo.com/dam-images/fit-in/360x360/Products/15082025_1755216170917_1755216175659_8700216588041_1.png",
    "available": true,
    "promoUntil": null
  },
  {
    "id": "668882KGR",
    "title": "Jumbo Slagers Achterham ca. 110 g",
    "category": "Vleeswaren, kaas en tapas",
    "price": 3.35,
    "promoPrice": null,
    "pricePerUnit": "30.5 kg",
    "image": "https://www.jumbo.com/dam-images/fit-in/360x360/Products/14032025_1741966368310_1741966375506_2369598000000_1.png",
    "available": true,
    "promoUntil": null
  },
  {
    "id": "675614TRA",
    "title": "Jumbo Kipfiletlapjes Knoflook-Pepermarinade 300 g",
    "category": "Vlees, vis en vega",
    "price": 5.0,
    "promoPrice": null,
    "pricePerUnit": "16.67 kg",
    "image": "https://www.jumbo.com/dam-images/fit-in/360x360/Products/09042025_1744198387980_1744198395755_8718452912735_1.png",
    "available": true,
    "promoUntil": null
  },
  {
    "id": "300144STK",
    "title": "Jumbo - Rond Bruin -  Half",
    "category": "Brood en gebak",
    "price": 0.88,
    "promoPrice": null,
    "pricePerUnit": "2.2 kg",
    "image": "https://www.jumbo.com/dam-images/fit-in/360x360/Products/22042024_1713800058273_1713800065956_8718452639373_1.png",
    "available": true,
    "promoUntil": null
  },
  {
    "id": "371359STK",
    "title": "Jumbo Roomkaas Knoflook & Kruiden 125 g",
    "category": "Vleeswaren, kaas en tapas",
    "price": 1.09,
    "promoPrice": null,
    "pricePerUnit": "8.72 kg",
    "image": "https://www.jumbo.com/dam-images/fit-in/360x360/Products/09082023_1691587015722_1691587027719_8718452454822_1.png",
    "available": true,
    "promoUntil": null
  },
  {
    "id": "657053STK",
    "title": "Jumbo Gekookte Worst 500 g",
    "category": "Vleeswaren, kaas en tapas",
    "price": 3.19,
    "promoPrice": null,
    "pricePerUnit": "6.38 kg",
    "image": "https://www.jumbo.com/dam-images/fit-in/360x360/Products/12122024_1734021201786_1734021205512_8718452632022_1.png",
    "available": true,
    "promoUntil": null
  },
  {
    "id": "695616DSL",
    "title": "Robijn Advanced Quickwash Vloeibaar Wasmiddel Spring Blossom 8 x 22 wasbeurten",
    "category": "Huishouden en dieren",
    "price": 151.52,
    "promoPrice": 75.76,
    "pricePerUnit": "0.86 wb",
    "image": "https://www.jumbo.com/dam-images/fit-in/360x360/Products/21082025_1755768841569_1755768845520_8720181715662_1.png",
    "available": true,
    "promoUntil": "di 7 okt"
  },
  {
    "id": "451213KGR",
    "title": "Jumbo Levertjes Kip ca. 300 g",
    "category": "Vlees, vis en vega",
    "price": 1.98,
    "promoPrice": null,
    "pricePerUnit": "6.59 kg",
    "image": "https://www.jumbo.com/dam-images/fit-in/360x360/Products/05112024_1730817308309_1730817320972_2348718000000_1.png",
    "available": true,
    "promoUntil": null
  },
  {
    "id": "210073DSL",
    "title": "Orbea – Prosecco 6 x 750 ml",
    "category": "Bier en wijn",
    "price": 35.94,
    "promoPrice": null,
    "pricePerUnit": "7.99 l",
    "image": "https://www.jumbo.com/dam-images/fit-in/360x360/Products/210073DSL-1692282045918.png",
    "available": true,
    "promoUntil": null
  },
  {
    "id": "681664TRA",
    "title": "Jumbo Plantaardige Balletjes Voorgegaard Voordeelverpakking 367 g",
    "category": "Vlees, vis en vega",
    "price": 2.69,
    "promoPrice": null,
    "pricePerUnit": "7.33 kg",
    "image": "https://www.jumbo.com/dam-images/fit-in/360x360/Products/21032025_1742571169916_1742571178000_8718452913213_1.png",
    "available": true,
    "promoUntil": null
  },
  {
    "id": "563746DSL",
    "title": "Sun Brilliant Shine All in 1 Vaatwascapsules 16 Stuks 240 g x 8 Stuks",
    "category": "Huishouden en dieren",
    "price": 79.92,
    "promoPrice": 39.96,
    "pricePerUnit": "0.31 pieces",
    "image": "https://www.jumbo.com/dam-images/fit-in/360x360/Products/12122024_1734014922147_1734014933849_8720181376498_1.png",
    "available": true,
    "promoUntil": "di 7 okt"
  },
  {
    "id": "482457DS",
    "title": "Jumbo Paracetamol 500mg 50tabl UAD",
    "category": "Drogisterij en baby",
    "price": 1.49,
    "promoPrice": null,
    "pricePerUnit": "1.49 pieces",
    "image": "https://www.jumbo.com/dam-images/fit-in/360x360/Products/24092025_1758672108859_1758672112039_8718452533589_1.png",
    "available": true,
    "promoUntil": null
  },
  {
    "id": "188610PAK",
    "title": "Jumbo - Pistolet Wit - 4 Stuks",
    "category": "Brood en gebak",
    "price": 1.24,
    "promoPrice": null,
    "pricePerUnit": "4.13 kg",
    "image": "https://www.jumbo.com/dam-images/fit-in/360x360/Products/29092023_1695995636528_1695995641022_8718452644810_1.png",
    "available": true,
    "promoUntil": null
  },
  {
    "id": "331542PAK",
    "title": "Knoppers Melk Crispy Wafel 5 Stuks 125g",
    "category": "Koek, snoep, chocolade en chips",
    "price": 1.49,
    "promoPrice": null,
    "pricePerUnit": "11.92 kg",
    "image": "https://www.jumbo.com/dam-images/fit-in/360x360/Products/18012024_1705574044614_1705574049156_4014400928877_1.png",
    "available": true,
    "promoUntil": null
  },
  {
    "id": "168228STK",
    "title": "Philadelphia Zuivelspread Original naturel light 200g",
    "category": "Vleeswaren, kaas en tapas",
    "price": 2.99,
    "promoPrice": null,
    "pricePerUnit": "14.95 kg",
    "image": "https://www.jumbo.com/dam-images/fit-in/360x360/Products/24092025_1758724490186_1758724497374_5410068237501_596.png",
    "available": true,
    "promoUntil": null
  },
  {
    "id": "492900STK",
    "title": "Jumbo Grana Padano Kaas 200 g",
    "category": "Vleeswaren, kaas en tapas",
    "price": 3.89,
    "promoPrice": null,
    "pricePerUnit": "19.45 kg",
    "image": "https://www.jumbo.com/dam-images/fit-in/360x360/Products/09082023_1691590435263_1691590500012_8718452637423_1.png",
    "available": true,
    "promoUntil": null
  },
  {
    "id": "653712STK",
    "title": "Jumbo Flinterdunne Achterham 140 g",
    "category": "Vleeswaren, kaas en tapas",
    "price": 2.79,
    "promoPrice": null,
    "pricePerUnit": "19.93 kg",
    "image": "https://www.jumbo.com/dam-images/fit-in/360x360/Products/04072025_1751618005698_1751618012068_8718452862368_1.png",
    "available": true,
    "promoUntil": null
  },
  {
    "id": "609325DS",
    "title": "De Vegetarische Slager Cordon Blij Vegan 180 g",
    "category": "Vlees, vis en vega",
    "price": 4.99,
    "promoPrice": null,
    "pricePerUnit": "27.72 kg",
    "image": "https://www.jumbo.com/dam-images/fit-in/360x360/Products/29072025_1753755777902_1753755816520_609325_DS_08721201939747_C1N1.png",
    "available": true,
    "promoUntil": null
  },
  {
    "id": "665153ZK",
    "title": "Jumbo Kano's met Roomboter 275 g",
    "category": "Koek, snoep, chocolade en chips",
    "price": 2.03,
    "promoPrice": null,
    "pricePerUnit": "7.38 kg",
    "image": "https://www.jumbo.com/dam-images/fit-in/360x360/Products/28022025_1740753169754_1740753176467_8718452863150_1.png",
    "available": true,
    "promoUntil": null
  },
  {
    "id": "653713STK",
    "title": "Jumbo Ardenner Boterhamworst 175g",
    "category": "Vleeswaren, kaas en tapas",
    "price": 2.79,
    "promoPrice": null,
    "pricePerUnit": "15.94 kg",
    "image": "https://www.jumbo.com/dam-images/fit-in/360x360/Products/13112024_1731515619233_1731515626992_8718452862375_1.png",
    "available": true,
    "promoUntil": null
  },
  {
    "id": "698959PAK",
    "title": "Old Amsterdam Kaas Voordeelverpakking 8 Plakken 200 g",
    "category": "Vleeswaren, kaas en tapas",
    "price": 4.99,
    "promoPrice": null,
    "pricePerUnit": "24.95 kg",
    "image": "https://www.jumbo.com/dam-images/fit-in/360x360/Products/26082025_1756173907987_1756173927230_698959_PAK_08710243910753_H1N1_nl.png",
    "available": true,
    "promoUntil": null
  },
  {
    "id": "347554POT",
    "title": "Jumbo Pesto Groen 190 g",
    "category": "Wereldkeukens, kruiden, pasta en rijst",
    "price": 1.14,
    "promoPrice": null,
    "pricePerUnit": "6.0 kg",
    "image": "https://www.jumbo.com/dam-images/fit-in/360x360/Products/09092025_1757421319726_1757421326240_8718452443819_1.png",
    "available": true,
    "promoUntil": null
  },
  {
    "id": "644306PAK",
    "title": "SPA INTENSE Bruisend Natuurlijk Mineraalwater 4 x 6 x 33 cl",
    "category": "Frisdrank en sappen",
    "price": 14.99,
    "promoPrice": null,
    "pricePerUnit": "1.89 l",
    "image": "https://www.jumbo.com/dam-images/fit-in/360x360/Products/06082024_1722969256526_1722969259899_5410013137184_1.png",
    "available": true,
    "promoUntil": null
  },
  {
    "id": "383967ZK",
    "title": "Jumbo Luiers Maat 6 15+ kg Voordeelverpakking 56 Stuks",
    "category": "Drogisterij en baby",
    "price": 12.49,
    "promoPrice": null,
    "pricePerUnit": "0.22 pieces",
    "image": "https://www.jumbo.com/dam-images/fit-in/360x360/Products/29092023_1695996357691_1695996363364_8718452668250_1.png",
    "available": true,
    "promoUntil": null
  },
  {
    "id": "431118TRA",
    "title": "SPA REINE Natuurlijk Mineraalwater 6 x 50cl",
    "category": "Frisdrank en sappen",
    "price": 3.77,
    "promoPrice": null,
    "pricePerUnit": "1.26 l",
    "image": "https://www.jumbo.com/dam-images/fit-in/360x360/Products/22082023_1692708126871_1692708132613_5410013128328_1.png",
    "available": true,
    "promoUntil": null
  },
  {
    "id": "135964RP",
    "title": "Tony's Chocolonely Zeezout Melk Karamel Chocolade Reep 180 g",
    "category": "Koek, snoep, chocolade en chips",
    "price": 4.03,
    "promoPrice": null,
    "pricePerUnit": "22.39 kg",
    "image": "https://www.jumbo.com/dam-images/fit-in/360x360/Products/03092025_1756864248349_1756864254674_135964_RP_08717677334667_C1N1.png",
    "available": true,
    "promoUntil": null
  },
  {
    "id": "659609ZK",
    "title": "Jumbo Vriesverse Aardbeien Voordeelverpakking 750 g",
    "category": "Diepvries",
    "price": 3.74,
    "promoPrice": null,
    "pricePerUnit": "4.99 kg",
    "image": "https://www.jumbo.com/dam-images/fit-in/360x360/Products/12122024_1734006796588_1734006813564_8718452888887_596.png",
    "available": true,
    "promoUntil": null
  },
  {
    "id": "577082CUP",
    "title": "Jumbo Kaasblokjes Jong Belegen 48+ 130 g",
    "category": "Vleeswaren, kaas en tapas",
    "price": 2.49,
    "promoPrice": null,
    "pricePerUnit": "19.15 kg",
    "image": "https://www.jumbo.com/dam-images/fit-in/360x360/Products/14022024_1707873662104_1707873670929_8718452746828_1.png",
    "available": true,
    "promoUntil": null
  },
  {
    "id": "679530DS",
    "title": "Swiffer Duster Navullingen 7x",
    "category": "Huishouden en dieren",
    "price": 9.99,
    "promoPrice": null,
    "pricePerUnit": "1.43 pieces",
    "image": "https://www.jumbo.com/dam-images/fit-in/360x360/Products/15082025_1755216105213_1755216112264_8700216676786_1.png",
    "available": true,
    "promoUntil": null
  },
  {
    "id": "584558KGR",
    "title": "Wapenaer Goudse Kaas Oud 48+ Stuk ca. 386 g",
    "category": "Vleeswaren, kaas en tapas",
    "price": 8.49,
    "promoPrice": null,
    "pricePerUnit": "21.99 kg",
    "image": "https://www.jumbo.com/dam-images/fit-in/360x360/Products/24042025_1745490746380_1745490754273_2336166000000_1.png",
    "available": true,
    "promoUntil": null
  },
  {
    "id": "33094DS",
    "title": "Grand Sud - Chardonnay - 3L",
    "category": "Bier en wijn",
    "price": 16.49,
    "promoPrice": null,
    "pricePerUnit": "5.5 l",
    "image": "https://www.jumbo.com/dam-images/fit-in/360x360/Products/10082023_1691674902251_1691674906165_3500610039294_1.png",
    "available": true,
    "promoUntil": null
  },
  {
    "id": "683022BAK",
    "title": "Jumbo Gemarineerde Grote Garnalen met Staart 200 g",
    "category": "Vlees, vis en vega",
    "price": 5.99,
    "promoPrice": null,
    "pricePerUnit": "29.95 kg",
    "image": "https://www.jumbo.com/dam-images/fit-in/360x360/Products/29092023_1695995258211_1695995266170_8718452530052_1.png",
    "available": true,
    "promoUntil": null
  },
  {
    "id": "612497DS",
    "title": "Magnum IJs Classic 6 stuks 6 x 100ml",
    "category": "Diepvries",
    "price": 7.29,
    "promoPrice": null,
    "pricePerUnit": "12.15 l",
    "image": "https://www.jumbo.com/dam-images/fit-in/360x360/Products/01092025_1756722868228_1756722871953_8711327532359_1.png",
    "available": true,
    "promoUntil": null
  },
  {
    "id": "42795PAK",
    "title": "Jumbo Ruiten Chocosmaak 175 g",
    "category": "Koek, snoep, chocolade en chips",
    "price": 2.29,
    "promoPrice": null,
    "pricePerUnit": "13.09 kg",
    "image": "https://www.jumbo.com/dam-images/fit-in/360x360/Products/03042025_1743694347007_1743694351448_8718452887293_1.png",
    "available": true,
    "promoUntil": null
  },
  {
    "id": "450596FLS",
    "title": "Tiempo & Tierra - Verdejo - 750ML",
    "category": "Bier en wijn",
    "price": 4.99,
    "promoPrice": null,
    "pricePerUnit": "6.65 l",
    "image": "https://www.jumbo.com/dam-images/fit-in/360x360/Products/09082023_1691589748786_1691589817545_8411971006328_1.png",
    "available": true,
    "promoUntil": null
  },
  {
    "id": "551818TRA",
    "title": "Jumbo BBQ Special Buik met Zwoerd 1 kg",
    "category": "Vlees, vis en vega",
    "price": 13.5,
    "promoPrice": null,
    "pricePerUnit": "13.5 kg",
    "image": "https://www.jumbo.com/dam-images/fit-in/360x360/Products/8718452697304T2f63fe56d-5613-423b-a49f-aa3a11d19807-1745332062002.png",
    "available": true,
    "promoUntil": null
  },
  {
    "id": "173140KST",
    "title": "LU Bastogne koekjes Original 260g",
    "category": "Koek, snoep, chocolade en chips",
    "price": 2.02,
    "promoPrice": null,
    "pricePerUnit": "7.77 kg",
    "image": "https://www.jumbo.com/dam-images/fit-in/360x360/Products/24092025_1758724489529_1758724497849_7622210993656_596.png",
    "available": true,
    "promoUntil": null
  },
  {
    "id": "208704BAK",
    "title": "Jumbo Nasi Goreng 1 kg",
    "category": "Wereldkeukens, kruiden, pasta en rijst",
    "price": 3.99,
    "promoPrice": null,
    "pricePerUnit": "3.99 kg",
    "image": "https://www.jumbo.com/dam-images/fit-in/360x360/Products/29092023_1695995636849_1695995644304_8718452661718_1.png",
    "available": true,
    "promoUntil": null
  },
  {
    "id": "200563PAK",
    "title": "Capri-Sun Multivitamin 200 ml Pouch 10-Pack",
    "category": "Frisdrank en sappen",
    "price": 4.99,
    "promoPrice": null,
    "pricePerUnit": "2.5 l",
    "image": "https://www.jumbo.com/dam-images/fit-in/360x360/Products/09082023_1691589063669_1691589075608_4000177020463_1.png",
    "available": true,
    "promoUntil": null
  },
  {
    "id": "533215TRL",
    "title": "Coca-Cola Light 3x 8x250 ml",
    "category": "Frisdrank en sappen",
    "price": 19.44,
    "promoPrice": null,
    "pricePerUnit": "3.24 l",
    "image": "https://www.jumbo.com/dam-images/fit-in/360x360/Products/363752TRL-1692362656709.png",
    "available": true,
    "promoUntil": null
  },
  {
    "id": "610255DS",
    "title": "Jumbo Spinazie à la Crème 750 g",
    "category": "Diepvries",
    "price": 0.89,
    "promoPrice": null,
    "pricePerUnit": "1.19 kg",
    "image": "https://www.jumbo.com/dam-images/fit-in/360x360/Products/07112024_1731021820338_1731021828158_8718452794850_1.png",
    "available": true,
    "promoUntil": null
  },
  {
    "id": "584565KGR",
    "title": "Wapenaer Goudse Kaas Jong 48+ Stuk ca. 434 g",
    "category": "Vleeswaren, kaas en tapas",
    "price": 6.72,
    "promoPrice": null,
    "pricePerUnit": "15.49 kg",
    "image": "https://www.jumbo.com/dam-images/fit-in/360x360/Products/04092025_1756996411108_1756996417927_2336157000000_1.png",
    "available": true,
    "promoUntil": null
  },
  {
    "id": "709276KGR",
    "title": "Jumbo Rund Biefstuk 1 Stuk ca. 150 g",
    "category": "Vlees, vis en vega",
    "price": 5.02,
    "promoPrice": null,
    "pricePerUnit": "33.49 kg",
    "image": "https://www.jumbo.com/dam-images/fit-in/360x360/Products/24092025_1758717260625_1758717268594_2333286000000_1.png",
    "available": true,
    "promoUntil": null
  },
  {
    "id": "196234STK",
    "title": "Cheetos Nibb-It Rings Naturel Chips 150 gr",
    "category": "Koek, snoep, chocolade en chips",
    "price": 2.79,
    "promoPrice": null,
    "pricePerUnit": "18.6 kg",
    "image": "https://www.jumbo.com/dam-images/fit-in/360x360/Products/19082025_1755566319143_1755566323568_196234_STK_08710398510686_H1N1.png",
    "available": true,
    "promoUntil": null
  },
  {
    "id": "93555ZK",
    "title": "Jumbo Penne Rigate 500 g",
    "category": "Wereldkeukens, kruiden, pasta en rijst",
    "price": 0.84,
    "promoPrice": null,
    "pricePerUnit": "1.68 kg",
    "image": "https://www.jumbo.com/dam-images/fit-in/360x360/Products/09092025_1757421311427_1757421317075_8718449029798_1.png",
    "available": true,
    "promoUntil": null
  },
  {
    "id": "538530PAK",
    "title": "Amstel Radler Citroen 0.0 Bier Blik 6 x 330ml",
    "category": "Bier en wijn",
    "price": 6.29,
    "promoPrice": null,
    "pricePerUnit": "3.18 l",
    "image": "https://www.jumbo.com/dam-images/fit-in/360x360/Products/07012025_1736267693683_1736267697310_8712000059460_1.png",
    "available": true,
    "promoUntil": null
  },
  {
    "id": "26136PAK",
    "title": "Jumbo Confettini Cakejes Lekker Feestelijk 200 g",
    "category": "Koek, snoep, chocolade en chips",
    "price": 1.99,
    "promoPrice": null,
    "pricePerUnit": "9.95 kg",
    "image": "https://www.jumbo.com/dam-images/fit-in/360x360/Products/03042025_1743694347026_1743694353889_8718452887279_1.png",
    "available": true,
    "promoUntil": null
  },
  {
    "id": "596169ZK",
    "title": "Jumbo Cashewnoten Gezouten Voordeelverpakking 500 g",
    "category": "Koek, snoep, chocolade en chips",
    "price": 5.99,
    "promoPrice": null,
    "pricePerUnit": "11.98 kg",
    "image": "https://www.jumbo.com/dam-images/fit-in/360x360/Products/26042024_1714145596224_1714145656718_8718452756650_596.png",
    "available": true,
    "promoUntil": null
  },
  {
    "id": "308345STK",
    "title": "Jumbo Kattenbakvulling Comfort 10 L",
    "category": "Huishouden en dieren",
    "price": 3.99,
    "promoPrice": null,
    "pricePerUnit": "0.4 l",
    "image": "https://www.jumbo.com/dam-images/fit-in/360x360/Products/29092023_1695995344465_1695995348677_8718452549245_1.png",
    "available": true,
    "promoUntil": null
  },
  {
    "id": "156252KRT",
    "title": "Grolsch - Citroen Radler - Krat - 24 x 300ML",
    "category": "Bier en wijn",
    "price": 22.99,
    "promoPrice": null,
    "pricePerUnit": "3.19 l",
    "image": "https://www.jumbo.com/dam-images/fit-in/360x360/Products/08716700027330H1N1bb783826-b700-4621-b5d0-b251d4ed43f2-1758097843839.png",
    "available": true,
    "promoUntil": null
  },
  {
    "id": "383444ZK",
    "title": "Jumbo Aardappelen Kruimig 1 kg",
    "category": "Aardappelen, groente en fruit",
    "price": 1.65,
    "promoPrice": null,
    "pricePerUnit": "1.65 kg",
    "image": "https://www.jumbo.com/dam-images/fit-in/360x360/Products/29092023_1695995100520_1695995116778_8718452499205_1.png",
    "available": true,
    "promoUntil": null
  },
  {
    "id": "336295ZK",
    "title": "Jumbo Roerbakmix Chinees 600 g",
    "category": "Aardappelen, groente en fruit",
    "price": 2.99,
    "promoPrice": null,
    "pricePerUnit": "4.98 kg",
    "image": "https://www.jumbo.com/dam-images/fit-in/360x360/Products/24062024_1719239779182_1719239788852_8718452785438_1.png",
    "available": true,
    "promoUntil": null
  },
  {
    "id": "212175STK",
    "title": "Jumbo Gewassen Spinazie 400 g",
    "category": "Aardappelen, groente en fruit",
    "price": 1.99,
    "promoPrice": null,
    "pricePerUnit": "4.98 kg",
    "image": "https://www.jumbo.com/dam-images/fit-in/360x360/Products/10062024_1718033711795_1718033718625_8718452773367_1.png",
    "available": true,
    "promoUntil": null
  },
  {
    "id": "674458FLS",
    "title": "Jumbo Fruitsiroop Framboos met Appel 0% Suiker 750ML",
    "category": "Frisdrank en sappen",
    "price": 2.99,
    "promoPrice": null,
    "pricePerUnit": "3.99 l",
    "image": "https://www.jumbo.com/dam-images/fit-in/360x360/Products/02062025_1748878413500_1748878416792_8718452889167_1.png",
    "available": true,
    "promoUntil": null
  },
  {
    "id": "194087STK",
    "title": "Milner Oud 30+ Kaas Pakken",
    "category": "Vleeswaren, kaas en tapas",
    "price": 3.99,
    "promoPrice": null,
    "pricePerUnit": "26.6 kg",
    "image": "https://www.jumbo.com/dam-images/fit-in/360x360/Products/02122024_1733131954296_1733131980851_8710912249450_6.png",
    "available": true,
    "promoUntil": null
  },
  {
    "id": "641009KGR",
    "title": "Jumbo Roasted Kipfilet ca. 100 g",
    "category": "Vleeswaren, kaas en tapas",
    "price": 3.0,
    "promoPrice": null,
    "pricePerUnit": "30.0 kg",
    "image": "https://www.jumbo.com/dam-images/fit-in/360x360/Products/04072025_1751617977210_1751617983876_2335882000000_1.png",
    "available": true,
    "promoUntil": null
  },
  {
    "id": "185548STK",
    "title": "Jumbo Crème Mergpijpjes 210 g",
    "category": "Koek, snoep, chocolade en chips",
    "price": 1.77,
    "promoPrice": null,
    "pricePerUnit": "8.43 kg",
    "image": "https://www.jumbo.com/dam-images/fit-in/360x360/Products/19022025_1739968367585_1739968371973_8718452863112_1.png",
    "available": true,
    "promoUntil": null
  },
  {
    "id": "416740CUP",
    "title": "Johma Oet Twente Kip-Samba Salade Voordeelpak XL 300 g",
    "category": "Vleeswaren, kaas en tapas",
    "price": 4.79,
    "promoPrice": null,
    "pricePerUnit": "15.97 kg",
    "image": "https://www.jumbo.com/dam-images/fit-in/360x360/Products/02012025_1735783977801_1735783997832_416740_CUP_08710506081213_H1N1.png",
    "available": true,
    "promoUntil": null
  },
  {
    "id": "234876STK",
    "title": "Jumbo Melkchocolade Biscuits 9 Stuks 125 g",
    "category": "Koek, snoep, chocolade en chips",
    "price": 1.59,
    "promoPrice": null,
    "pricePerUnit": "12.72 kg",
    "image": "https://www.jumbo.com/dam-images/fit-in/360x360/Products/09082023_1691585251837_1691585257253_8718452352081_1.png",
    "available": true,
    "promoUntil": null
  },
  {
    "id": "718610PAK",
    "title": "Grolsch Herfstbok 6x300ML",
    "category": "Bier en wijn",
    "price": 7.99,
    "promoPrice": null,
    "pricePerUnit": "4.44 l",
    "image": "https://www.jumbo.com/dam-images/fit-in/360x360/Products/08716700002535H1N1caa9d39d-6840-4f22-b4cb-e34088b83a40-1758098501020.png",
    "available": true,
    "promoUntil": null
  },
  {
    "id": "513195DS",
    "title": "Knorr Wereldgerechten Lasagnette Napoletana Italiaanse 240 g",
    "category": "Wereldkeukens, kruiden, pasta en rijst",
    "price": 3.49,
    "promoPrice": null,
    "pricePerUnit": "14.54 kg",
    "image": "https://www.jumbo.com/dam-images/fit-in/360x360/Products/19092025_1758292429738_1758292440452_8720182014511_1.png",
    "available": true,
    "promoUntil": null
  },
  {
    "id": "398355ZK",
    "title": "Jumbo Chips Naturel 250 g",
    "category": "Koek, snoep, chocolade en chips",
    "price": 0.93,
    "promoPrice": null,
    "pricePerUnit": "3.72 kg",
    "image": "https://www.jumbo.com/dam-images/fit-in/360x360/Products/19082025_1755613976524_1755613991697_8718452836260_596.png",
    "available": true,
    "promoUntil": null
  },
  {
    "id": "608184PAK",
    "title": "Coca-Cola Original Taste 4 x 500 ml",
    "category": "Frisdrank en sappen",
    "price": 7.16,
    "promoPrice": null,
    "pricePerUnit": "3.58 l",
    "image": "https://www.jumbo.com/dam-images/fit-in/360x360/Products/08022024_1707424385098_1707424395272_5000112648430_1.png",
    "available": true,
    "promoUntil": null
  },
  {
    "id": "417784PAK",
    "title": "Appelsientje Sinaasappel Voordeelpak 1,5L",
    "category": "Frisdrank en sappen",
    "price": 5.29,
    "promoPrice": null,
    "pricePerUnit": "3.53 l",
    "image": "https://www.jumbo.com/dam-images/fit-in/360x360/Products/29062025_1751159253663_1751159288256_417784_PAK_08720157464815_C1N1.png",
    "available": true,
    "promoUntil": null
  },
  {
    "id": "494145ZK",
    "title": "Jumbo Wokgarnalen ASC 450 g",
    "category": "Diepvries",
    "price": 7.99,
    "promoPrice": null,
    "pricePerUnit": "17.76 kg",
    "image": "https://www.jumbo.com/dam-images/fit-in/360x360/Products/09082023_1691589704028_1691589833689_8718452581559_1.png",
    "available": true,
    "promoUntil": null
  },
  {
    "id": "522948CUP",
    "title": "Jumbo Zalm Salade 200 g",
    "category": "Vleeswaren, kaas en tapas",
    "price": 3.29,
    "promoPrice": null,
    "pricePerUnit": "16.45 kg",
    "image": "https://www.jumbo.com/dam-images/fit-in/360x360/Products/28032025_1743157992405_1743158000548_8718452813001_1.png",
    "available": true,
    "promoUntil": null
  },
  {
    "id": "597956DS",
    "title": "Jumbo Rundvlees Kroketten 12 Stuks",
    "category": "Diepvries",
    "price": 3.95,
    "promoPrice": null,
    "pricePerUnit": "4.7 kg",
    "image": "https://www.jumbo.com/dam-images/fit-in/360x360/Products/19012024_1705667657840_1705667669145_8718452767076_1.png",
    "available": true,
    "promoUntil": null
  },
  {
    "id": "412708PAK",
    "title": "Taksi Tropisch Fruit 1,5 L",
    "category": "Frisdrank en sappen",
    "price": 1.85,
    "promoPrice": null,
    "pricePerUnit": "1.23 l",
    "image": "https://www.jumbo.com/dam-images/fit-in/360x360/Products/20062025_1750411966978_1750411971678_8713300069463_1.png",
    "available": true,
    "promoUntil": null
  },
  {
    "id": "528413STK",
    "title": "Jumbo Cocktail Tros Tomaten 400 g",
    "category": "Aardappelen, groente en fruit",
    "price": 2.89,
    "promoPrice": null,
    "pricePerUnit": "7.23 kg",
    "image": "https://www.jumbo.com/dam-images/fit-in/360x360/Products/23042025_1745393585240_1745393590010_8718452701520_1.png",
    "available": true,
    "promoUntil": null
  },
  {
    "id": "96226DSL",
    "title": "Waterval – Rosé 6 x 750 ml",
    "category": "Bier en wijn",
    "price": 31.74,
    "promoPrice": null,
    "pricePerUnit": "7.05 l",
    "image": "https://www.jumbo.com/dam-images/fit-in/360x360/Products/14032025_1741966367886_1741966376075_16001506904251_1.png",
    "available": true,
    "promoUntil": null
  },
  {
    "id": "432568STK",
    "title": "Jumbo Brokken met Lam & Rijst 10 kg",
    "category": "Huishouden en dieren",
    "price": 11.99,
    "promoPrice": null,
    "pricePerUnit": "1.2 kg",
    "image": "https://www.jumbo.com/dam-images/fit-in/360x360/Products/25042024_1714055710143_1714055715112_8718452532216_1.png",
    "available": true,
    "promoUntil": null
  },
  {
    "id": "672995BAK",
    "title": "Kip saté 500gram",
    "category": "Vlees, vis en vega",
    "price": 5.49,
    "promoPrice": null,
    "pricePerUnit": "10.98 kg",
    "image": "https://www.jumbo.com/dam-images/fit-in/360x360/Products/26052025_1748262787785_1748262797407_8717056391731_1.png",
    "available": true,
    "promoUntil": null
  },
  {
    "id": "638476PAK",
    "title": "Jumbo Allesreiniger Doekjes Marine 80 Stuks",
    "category": "Huishouden en dieren",
    "price": 0.81,
    "promoPrice": null,
    "pricePerUnit": "0.01 pieces",
    "image": "https://www.jumbo.com/dam-images/fit-in/360x360/Products/01082024_1722504869412_1722504888145_8718452825547_596.png",
    "available": true,
    "promoUntil": null
  },
  {
    "id": "315338CUP",
    "title": "Philadelphia Zuivelspread Knoflook & Fijne Kruiden 300g",
    "category": "Vleeswaren, kaas en tapas",
    "price": 4.19,
    "promoPrice": null,
    "pricePerUnit": "13.97 kg",
    "image": "https://www.jumbo.com/dam-images/fit-in/360x360/Products/05082025_1754408013939_1754408025310_7622210579294_596.png",
    "available": true,
    "promoUntil": null
  },
  {
    "id": "543423TRA",
    "title": "Fuerza Energy Drink met Taurine & Cafeïne Original - Tray - 24 x 250 ML",
    "category": "Frisdrank en sappen",
    "price": 18.95,
    "promoPrice": null,
    "pricePerUnit": "3.16 l",
    "image": "https://www.jumbo.com/dam-images/fit-in/360x360/Products/352544TRA-1692362360424.png",
    "available": true,
    "promoUntil": null
  },
  {
    "id": "683380NET",
    "title": "Jumbo Biologisch Avocado ca. 650 g",
    "category": "Aardappelen, groente en fruit",
    "price": 2.99,
    "promoPrice": null,
    "pricePerUnit": "4.6 kg",
    "image": "https://www.jumbo.com/dam-images/fit-in/360x360/Products/23042025_1745422406387_1745422418869_8718452910212_1.png",
    "available": true,
    "promoUntil": null
  },
  {
    "id": "430655STK",
    "title": "Jumbo - Rond Bruin - Knapperig en Vers",
    "category": "Brood en gebak",
    "price": 2.0,
    "promoPrice": null,
    "pricePerUnit": "2.0 pieces",
    "image": "https://www.jumbo.com/dam-images/fit-in/360x360/Products/17062024_1718620425833_1718620434963_8718452771714_2.png",
    "available": true,
    "promoUntil": null
  },
  {
    "id": "332326PAK",
    "title": "Jumbo Variatie Koekjes met Roomboter 200 g",
    "category": "Koek, snoep, chocolade en chips",
    "price": 2.19,
    "promoPrice": null,
    "pricePerUnit": "10.95 kg",
    "image": "https://www.jumbo.com/dam-images/fit-in/360x360/Products/09082023_1691586623710_1691586639829_8718452427857_1.png",
    "available": true,
    "promoUntil": null
  },
  {
    "id": "364032STK",
    "title": "Moët & Chandon - Champagne Brut Impérial - 750 ML",
    "category": "Bier en wijn",
    "price": 56.79,
    "promoPrice": null,
    "pricePerUnit": "75.72 l",
    "image": "https://www.jumbo.com/dam-images/fit-in/360x360/Products/01Pveryhigh-1728995234312.png",
    "available": true,
    "promoUntil": null
  },
  {
    "id": "521217ZK",
    "title": "Jumbo Kip Wings ca. 15 Stuks",
    "category": "Diepvries",
    "price": 4.79,
    "promoPrice": null,
    "pricePerUnit": "6.39 kg",
    "image": "https://www.jumbo.com/dam-images/fit-in/360x360/Products/07022024_1707312844599_1707312879569_8718452767168_596.png",
    "available": true,
    "promoUntil": null
  },
  {
    "id": "533213TRL",
    "title": "Coca-Cola Zero Sugar 3x 8x250 ml",
    "category": "Frisdrank en sappen",
    "price": 17.97,
    "promoPrice": null,
    "pricePerUnit": "3.0 l",
    "image": "https://www.jumbo.com/dam-images/fit-in/360x360/Products/363751TRL-1692362383129.png",
    "available": true,
    "promoUntil": null
  },
  {
    "id": "576377STK",
    "title": "Jumbo - Witte Bollen - 6 Stuks",
    "category": "Brood en gebak",
    "price": 2.79,
    "promoPrice": null,
    "pricePerUnit": "7.15 kg",
    "image": "https://www.jumbo.com/dam-images/fit-in/360x360/Products/07052025_1746603227404_1746603231750_8718452891221_1.png",
    "available": true,
    "promoUntil": null
  },
  {
    "id": "533153TRL",
    "title": "Coca-Cola Original Taste 3x 8x250 ml",
    "category": "Frisdrank en sappen",
    "price": 16.8,
    "promoPrice": null,
    "pricePerUnit": "2.8 l",
    "image": "https://www.jumbo.com/dam-images/fit-in/360x360/Products/363753TRL-1692362350189.png",
    "available": true,
    "promoUntil": null
  },
  {
    "id": "188536PAK",
    "title": "Jumbo - Worstenbroodjes - 4 Stuks",
    "category": "Brood en gebak",
    "price": 1.89,
    "promoPrice": null,
    "pricePerUnit": "0.47 pieces",
    "image": "https://www.jumbo.com/dam-images/fit-in/360x360/Products/29092023_1695996116075_1695996120501_8718452635863_1.png",
    "available": true,
    "promoUntil": null
  },
  {
    "id": "683488BAK",
    "title": "Jumbo Roerbakgarnalen Naturel 190 g",
    "category": "Vlees, vis en vega",
    "price": 5.54,
    "promoPrice": null,
    "pricePerUnit": "29.16 kg",
    "image": "https://www.jumbo.com/dam-images/fit-in/360x360/Products/10042025_1744299169340_1744299176145_8718452901258_1.png",
    "available": true,
    "promoUntil": null
  },
  {
    "id": "611783TRA",
    "title": "Snijworst Gerookt 175 g",
    "category": "Vleeswaren, kaas en tapas",
    "price": 2.09,
    "promoPrice": null,
    "pricePerUnit": "11.94 kg",
    "image": "https://www.jumbo.com/dam-images/fit-in/360x360/Products/12122024_1734021199808_1734021205678_8710939006395_1.png",
    "available": true,
    "promoUntil": null
  },
  {
    "id": "237827ZK",
    "title": "Jumbo Melange IJsbergsla 400 g",
    "category": "Aardappelen, groente en fruit",
    "price": 2.55,
    "promoPrice": null,
    "pricePerUnit": "6.38 kg",
    "image": "https://www.jumbo.com/dam-images/fit-in/360x360/Products/07062024_1717759994716_1717760004003_8718452777204_1.png",
    "available": true,
    "promoUntil": null
  },
  {
    "id": "623793ZK",
    "title": "Jumbo Mini Stroopwafels met Roomboter 300 g",
    "category": "Koek, snoep, chocolade en chips",
    "price": 2.25,
    "promoPrice": null,
    "pricePerUnit": "7.5 kg",
    "image": "https://www.jumbo.com/dam-images/fit-in/360x360/Products/12122024_1734014725987_1734014735879_8718452701018_1.png",
    "available": true,
    "promoUntil": null
  },
  {
    "id": "428478FLS",
    "title": "Fanta Orange 1,5 L",
    "category": "Frisdrank en sappen",
    "price": 2.85,
    "promoPrice": null,
    "pricePerUnit": "1.9 l",
    "image": "https://www.jumbo.com/dam-images/fit-in/360x360/Products/14082025_1755137528425_1755137533311_428478_FLS_05000112646115_H1N1.png",
    "available": true,
    "promoUntil": null
  },
  {
    "id": "543431SC",
    "title": "Jumbo Elstar Appels 4 Stuks",
    "category": "Aardappelen, groente en fruit",
    "price": 2.49,
    "promoPrice": null,
    "pricePerUnit": "0.62 pieces",
    "image": "https://www.jumbo.com/dam-images/fit-in/360x360/Products/10082023_1691677981285_1691678001104_8718452709977_1.png",
    "available": true,
    "promoUntil": null
  },
  {
    "id": "524704ZK",
    "title": "Jumbo Knoflook 250 g",
    "category": "Aardappelen, groente en fruit",
    "price": 2.35,
    "promoPrice": null,
    "pricePerUnit": "9.4 kg",
    "image": "https://www.jumbo.com/dam-images/fit-in/360x360/Products/10082023_1691677956164_1691677961494_8718452693139_1.png",
    "available": true,
    "promoUntil": null
  },
  {
    "id": "584567KGR",
    "title": "Wapenaer Goudse Kaas Belegen 48+ Stuk ca. 402 g",
    "category": "Vleeswaren, kaas en tapas",
    "price": 7.03,
    "promoPrice": null,
    "pricePerUnit": "17.49 kg",
    "image": "https://www.jumbo.com/dam-images/fit-in/360x360/Products/30112023_1701358506833_1701358522215_2336163000000_1.png",
    "available": true,
    "promoUntil": null
  },
  {
    "id": "563694ZK",
    "title": "Lay's Oven Baked Paprika Chips 150 gr",
    "category": "Koek, snoep, chocolade en chips",
    "price": 2.29,
    "promoPrice": null,
    "pricePerUnit": "15.27 kg",
    "image": "https://www.jumbo.com/dam-images/fit-in/360x360/Products/19062025_1750332793368_1750332798284_8710398160881_1.png",
    "available": true,
    "promoUntil": null
  },
  {
    "id": "418596STK",
    "title": "Jumbo - Rond Spelt Wit - Knapperig en Vers",
    "category": "Brood en gebak",
    "price": 2.0,
    "promoPrice": null,
    "pricePerUnit": "2.0 pieces",
    "image": "https://www.jumbo.com/dam-images/fit-in/360x360/Products/26082024_1724682856796_1724682867070_8718452771790_2.png",
    "available": true,
    "promoUntil": null
  },
  {
    "id": "423362ZK",
    "title": "Jumbo Rucola Nootachtig & Licht Pittig 85 g",
    "category": "Aardappelen, groente en fruit",
    "price": 1.09,
    "promoPrice": null,
    "pricePerUnit": "12.82 kg",
    "image": "https://www.jumbo.com/dam-images/fit-in/360x360/Products/06062024_1717691711740_1717691719674_8718452793327_1.png",
    "available": true,
    "promoUntil": null
  },
  {
    "id": "432151KRT",
    "title": "Bud - Pils - Krat - 24 x 300ML",
    "category": "Bier en wijn",
    "price": 19.99,
    "promoPrice": 14.99,
    "pricePerUnit": "2.08 l",
    "image": "https://www.jumbo.com/dam-images/fit-in/360x360/Products/432151KRT-1692279796335.png",
    "available": true,
    "promoUntil": "di 30 sep"
  },
  {
    "id": "620977ZK",
    "title": "Dreft Platinum All In One Vaatwastabletten, Original, 39 Capsules",
    "category": "Huishouden en dieren",
    "price": 20.39,
    "promoPrice": null,
    "pricePerUnit": "0.52 pieces",
    "image": "https://www.jumbo.com/dam-images/fit-in/360x360/Products/15082025_1755216104465_1755216109631_8700216264556_1.png",
    "available": true,
    "promoUntil": null
  },
  {
    "id": "655494STK",
    "title": "Jumbo Yorkham 140 g",
    "category": "Vleeswaren, kaas en tapas",
    "price": 2.79,
    "promoPrice": null,
    "pricePerUnit": "19.93 kg",
    "image": "https://www.jumbo.com/dam-images/fit-in/360x360/Products/26112024_1732638820415_1732638827688_8718452875535_1.png",
    "available": true,
    "promoUntil": null
  },
  {
    "id": "512208FLS",
    "title": "Karvan Cévitam Framboos Original Siroop, 600 ml",
    "category": "Frisdrank en sappen",
    "price": 4.29,
    "promoPrice": null,
    "pricePerUnit": "7.15 l",
    "image": "https://www.jumbo.com/dam-images/fit-in/360x360/Products/08082025_1754618852280_1754618859471_512208_FLS_08715700122427_H1N1.png",
    "available": true,
    "promoUntil": null
  },
  {
    "id": "441008FLS",
    "title": "Slimpie Aardbei Siroop 650 ml",
    "category": "Frisdrank en sappen",
    "price": 3.49,
    "promoPrice": null,
    "pricePerUnit": "5.37 l",
    "image": "https://www.jumbo.com/dam-images/fit-in/360x360/Products/06062024_1717642104475_1717642119891_441008_FLS_08719214811150_H1N1.png",
    "available": true,
    "promoUntil": null
  },
  {
    "id": "551191SC",
    "title": "Jumbo Zoet & Sappig Mini Roma Trostomaten 300 g",
    "category": "Aardappelen, groente en fruit",
    "price": 2.59,
    "promoPrice": null,
    "pricePerUnit": "8.63 kg",
    "image": "https://www.jumbo.com/dam-images/fit-in/360x360/Products/09082023_1691592793675_1691592800347_8718452720835_1.png",
    "available": true,
    "promoUntil": null
  },
  {
    "id": "619613ZK",
    "title": "Edet Easypull Original Navulling 1 Stuk",
    "category": "Huishouden en dieren",
    "price": 4.29,
    "promoPrice": null,
    "pricePerUnit": "4.29 pieces",
    "image": "https://www.jumbo.com/dam-images/fit-in/360x360/Products/03062024_1717432514990_1717432523997_7322541737973_1.png",
    "available": true,
    "promoUntil": null
  },
  {
    "id": "278404DSL",
    "title": "Montaignan – Chardonnay 6 x 750 ml",
    "category": "Bier en wijn",
    "price": 35.94,
    "promoPrice": null,
    "pricePerUnit": "7.99 l",
    "image": "https://www.jumbo.com/dam-images/fit-in/360x360/Products/OmdoosChardonnay85bf8e02-e5bf-4a61-b3e2-33d27adf567c-1703085054478.png",
    "available": true,
    "promoUntil": null
  },
  {
    "id": "44713STK",
    "title": "Philadelphia Zuivelspread Original naturel XL 300g",
    "category": "Vleeswaren, kaas en tapas",
    "price": 4.19,
    "promoPrice": null,
    "pricePerUnit": "13.97 kg",
    "image": "https://www.jumbo.com/dam-images/fit-in/360x360/Products/05082025_1754408011436_1754408016448_5410068563341_1.png",
    "available": true,
    "promoUntil": null
  },
  {
    "id": "516727BAK",
    "title": "Jumbo Stoofperen Runderlap met Aardappelpuree & Jus 500 g",
    "category": "Verse maaltijden en gemak",
    "price": 5.75,
    "promoPrice": null,
    "pricePerUnit": "11.5 kg",
    "image": "https://www.jumbo.com/dam-images/fit-in/360x360/Products/23092025_1758590570572_1758590574655_516727_BAK_08718452964796_C1N1.png",
    "available": true,
    "promoUntil": null
  },
  {
    "id": "200606PAK",
    "title": "Heineken Premium Pilsener 0.0 Bier Draaidop Fles 12 x 250ml",
    "category": "Bier en wijn",
    "price": 12.49,
    "promoPrice": null,
    "pricePerUnit": "4.16 l",
    "image": "https://www.jumbo.com/dam-images/fit-in/360x360/Products/07012025_1736267692224_1736267696606_8712000051273_1.png",
    "available": true,
    "promoUntil": null
  },
  {
    "id": "640670STK",
    "title": "Jumbo Snijworst Voordeelverpakking 210 g",
    "category": "Vleeswaren, kaas en tapas",
    "price": 3.85,
    "promoPrice": null,
    "pricePerUnit": "18.33 kg",
    "image": "https://www.jumbo.com/dam-images/fit-in/360x360/Products/04072025_1751617996340_1751618001444_8718452649440_1.png",
    "available": true,
    "promoUntil": null
  },
  {
    "id": "533224PAK",
    "title": "Fanta Orange Blik 12 x 0,33 L",
    "category": "Frisdrank en sappen",
    "price": 10.8,
    "promoPrice": null,
    "pricePerUnit": "2.73 l",
    "image": "https://www.jumbo.com/dam-images/fit-in/360x360/Products/08012024_1704706383083_1704706389492_5000112659658_1.png",
    "available": true,
    "promoUntil": null
  },
  {
    "id": "611513TRA",
    "title": "Gehakt Gebraden 175 g",
    "category": "Vleeswaren, kaas en tapas",
    "price": 1.86,
    "promoPrice": null,
    "pricePerUnit": "10.63 kg",
    "image": "https://www.jumbo.com/dam-images/fit-in/360x360/Products/12122024_1734021199670_1734021204837_8710939006425_1.png",
    "available": true,
    "promoUntil": null
  },
  {
    "id": "278404FLS",
    "title": "Montaignan - Chardonnay - 750 ML",
    "category": "Bier en wijn",
    "price": 5.99,
    "promoPrice": null,
    "pricePerUnit": "7.99 l",
    "image": "https://www.jumbo.com/dam-images/fit-in/360x360/Products/09082023_1691586882239_1691586885748_3700619302898_1.png",
    "available": true,
    "promoUntil": null
  },
  {
    "id": "646183POT",
    "title": "Jumbo Pastasaus Traditioneel 510 g",
    "category": "Wereldkeukens, kruiden, pasta en rijst",
    "price": 1.29,
    "promoPrice": null,
    "pricePerUnit": "2.53 kg",
    "image": "https://www.jumbo.com/dam-images/fit-in/360x360/Products/21112024_1732214242981_1732214248572_8718452876617_1.png",
    "available": true,
    "promoUntil": null
  },
  {
    "id": "356628PAK",
    "title": "Jumbo Tortilla Volkoren 8 Stuks",
    "category": "Wereldkeukens, kruiden, pasta en rijst",
    "price": 0.89,
    "promoPrice": null,
    "pricePerUnit": "2.78 kg",
    "image": "https://www.jumbo.com/dam-images/fit-in/360x360/Products/16012025_1737020106406_1737020116800_8718452726868_1.png",
    "available": true,
    "promoUntil": null
  },
  {
    "id": "608739STK",
    "title": "Jumbo Lekker Veggie Smeerworst Vegan 125 g",
    "category": "Vleeswaren, kaas en tapas",
    "price": 1.59,
    "promoPrice": null,
    "pricePerUnit": "12.72 kg",
    "image": "https://www.jumbo.com/dam-images/fit-in/360x360/Products/12122024_1734014581463_1734014587114_8718452602179_1.png",
    "available": true,
    "promoUntil": null
  },
  {
    "id": "300160STK",
    "title": "Jumbo - Casino Wit Brood - Half",
    "category": "Brood en gebak",
    "price": 0.8,
    "promoPrice": null,
    "pricePerUnit": "2.0 kg",
    "image": "https://www.jumbo.com/dam-images/fit-in/360x360/Products/15082024_1723739658440_1723739666561_8718452834730_1.png",
    "available": true,
    "promoUntil": null
  },
  {
    "id": "477239DS",
    "title": "Jumbo Kip Nuggets 500 g",
    "category": "Diepvries",
    "price": 2.99,
    "promoPrice": null,
    "pricePerUnit": "5.98 kg",
    "image": "https://www.jumbo.com/dam-images/fit-in/360x360/Products/24052024_1716554112463_1716554131363_8718452766918_596.png",
    "available": true,
    "promoUntil": null
  },
  {
    "id": "533229DS",
    "title": "Sprite Zero Sugar Lemon-Lime 4 x 250 ml",
    "category": "Frisdrank en sappen",
    "price": 3.25,
    "promoPrice": null,
    "pricePerUnit": "3.25 l",
    "image": "https://www.jumbo.com/dam-images/fit-in/360x360/Products/25032024_1711381876721_1711381881801_5000112602555_1.png",
    "available": true,
    "promoUntil": null
  },
  {
    "id": "213102PAK",
    "title": "Jumbo Basilicum 20 g",
    "category": "Wereldkeukens, kruiden, pasta en rijst",
    "price": 1.59,
    "promoPrice": null,
    "pricePerUnit": "79.5 kg",
    "image": "https://www.jumbo.com/dam-images/fit-in/360x360/Products/11102024_1728660847285_1728660853781_8718452841981_1.png",
    "available": true,
    "promoUntil": null
  },
  {
    "id": "79075FLS",
    "title": "Gonzalves - Ruby Port - 750ML",
    "category": "Bier en wijn",
    "price": 5.45,
    "promoPrice": null,
    "pricePerUnit": "7.27 l",
    "image": "https://www.jumbo.com/dam-images/fit-in/360x360/Products/09082023_1691586110841_1691586114660_5606691000036_1.png",
    "available": true,
    "promoUntil": null
  },
  {
    "id": "583718STK",
    "title": "Jumbo Mix Wortel Bloemkool Broccoli 400 g",
    "category": "Aardappelen, groente en fruit",
    "price": 2.89,
    "promoPrice": null,
    "pricePerUnit": "7.23 kg",
    "image": "https://www.jumbo.com/dam-images/fit-in/360x360/Products/19062024_1718814836246_1718814846671_8718452776504_1.png",
    "available": true,
    "promoUntil": null
  },
  {
    "id": "676435ZK",
    "title": "Dreft Platinum Plus All In One Vaatwastabletten Anti-dofheidstechnologie 36 X",
    "category": "Huishouden en dieren",
    "price": 24.99,
    "promoPrice": null,
    "pricePerUnit": "0.69 pieces",
    "image": "https://www.jumbo.com/dam-images/fit-in/360x360/Products/15082025_1755216082559_1755216089676_8700216652520_1.png",
    "available": true,
    "promoUntil": null
  },
  {
    "id": "448349BAK",
    "title": "Jumbo Serrano Gran Reserva 100 g",
    "category": "Vleeswaren, kaas en tapas",
    "price": 3.99,
    "promoPrice": null,
    "pricePerUnit": "39.9 kg",
    "image": "https://www.jumbo.com/dam-images/fit-in/360x360/Products/448349_8718452609239_1_T1_448349BAK1691171740975.png",
    "available": true,
    "promoUntil": null
  },
  {
    "id": "211863BAK",
    "title": "Zespri Kiwifruit Sungold 3 Stuks",
    "category": "Aardappelen, groente en fruit",
    "price": 3.39,
    "promoPrice": null,
    "pricePerUnit": "1.13 pieces",
    "image": "https://www.jumbo.com/dam-images/fit-in/360x360/Products/29092023_1695995409089_1695995419368_8710147615525_1.png",
    "available": true,
    "promoUntil": null
  },
  {
    "id": "181319PAK",
    "title": "Heineken Premium Pilsener 0.0 Bier Draaidop Fles 6 x 250ml",
    "category": "Bier en wijn",
    "price": 6.79,
    "promoPrice": null,
    "pricePerUnit": "4.53 l",
    "image": "https://www.jumbo.com/dam-images/fit-in/360x360/Products/07012025_1736267692113_1736267697041_8712000050078_1.png",
    "available": true,
    "promoUntil": null
  },
  {
    "id": "186720STK",
    "title": "Heks'nkaas Origineel 200 g",
    "category": "Vleeswaren, kaas en tapas",
    "price": 3.49,
    "promoPrice": null,
    "pricePerUnit": "17.45 kg",
    "image": "https://www.jumbo.com/dam-images/fit-in/360x360/Products/08062025_1749347809516_1749347819123_186720_STK_08718719170151_H1N1_v01.png",
    "available": true,
    "promoUntil": null
  },
  {
    "id": "560087BAK",
    "title": "Jumbo Nasi Saté Ajam 450 g",
    "category": "Verse maaltijden en gemak",
    "price": 4.5,
    "promoPrice": null,
    "pricePerUnit": "10.0 kg",
    "image": "https://www.jumbo.com/dam-images/fit-in/360x360/Products/14022024_1707872668297_1707872683397_8718452745920_1.png",
    "available": true,
    "promoUntil": null
  },
  {
    "id": "612604ZK",
    "title": "Jumbo Aardappel Kroketjes 600 g",
    "category": "Diepvries",
    "price": 1.4,
    "promoPrice": null,
    "pricePerUnit": "2.33 kg",
    "image": "https://www.jumbo.com/dam-images/fit-in/360x360/Products/26042024_1714145596951_1714145622611_8718452792993_596.png",
    "available": true,
    "promoUntil": null
  },
  {
    "id": "426828DSL",
    "title": "Lipton Ice Tea Sparkling Original 6 x 1,5 L",
    "category": "Frisdrank en sappen",
    "price": 17.89,
    "promoPrice": 15.2,
    "pricePerUnit": "1.69 l",
    "image": "https://www.jumbo.com/dam-images/fit-in/360x360/Products/426828DSL1423babcc-bc9f-42c6-8342-abdcf4b06ddd-1712132701651.png",
    "available": true,
    "promoUntil": "di 7 okt"
  },
  {
    "id": "634975PAK",
    "title": "Jumbo Sinas Fresh & Fruity 6 x 1,5 L",
    "category": "Frisdrank en sappen",
    "price": 5.54,
    "promoPrice": null,
    "pricePerUnit": "0.62 l",
    "image": "https://www.jumbo.com/dam-images/fit-in/360x360/Products/17072024_1721205201141_1721205217126_8718452800605_596.png",
    "available": true,
    "promoUntil": null
  },
  {
    "id": "547156TRA",
    "title": "Corona Extra Mexicaans Pils Fles 12x330ML",
    "category": "Bier en wijn",
    "price": 18.99,
    "promoPrice": 14.24,
    "pricePerUnit": "3.6 l",
    "image": "https://www.jumbo.com/dam-images/fit-in/360x360/Products/547156_7501064193040_1_T1_547156TRA1691077217025.png",
    "available": true,
    "promoUntil": "di 30 sep"
  },
  {
    "id": "517059TRA",
    "title": "Jumbo Braadworst Grof 400 g",
    "category": "Vlees, vis en vega",
    "price": 3.79,
    "promoPrice": null,
    "pricePerUnit": "9.48 kg",
    "image": "https://www.jumbo.com/dam-images/fit-in/360x360/Products/05112024_1730820972626_1730821010823_8718452686315_1.png",
    "available": true,
    "promoUntil": null
  },
  {
    "id": "283607STK",
    "title": "Jumbo Spaghetti & Macaroni Mix 4 x 40 g - Voordeelverpakking",
    "category": "Wereldkeukens, kruiden, pasta en rijst",
    "price": 2.99,
    "promoPrice": null,
    "pricePerUnit": "18.69 kg",
    "image": "https://www.jumbo.com/dam-images/fit-in/360x360/Products/09082023_1691586030131_1691586047133_8718452376186_1.png",
    "available": true,
    "promoUntil": null
  },
  {
    "id": "477171ZK",
    "title": "Jumbo Zalmfilet met Huid Vriesvers 4 x 125 g",
    "category": "Diepvries",
    "price": 8.89,
    "promoPrice": null,
    "pricePerUnit": "17.78 kg",
    "image": "https://www.jumbo.com/dam-images/fit-in/360x360/Products/14022024_1707873314902_1707873318602_8718452592654_1.png",
    "available": true,
    "promoUntil": null
  },
  {
    "id": "296336BAK",
    "title": "Jumbo Rundersaucijs Biologisch 2 Stuks",
    "category": "Vlees, vis en vega",
    "price": 4.99,
    "promoPrice": null,
    "pricePerUnit": "24.95 kg",
    "image": "https://www.jumbo.com/dam-images/fit-in/360x360/Products/18062025_1750239165141_1750239171138_8718452874330_1.png",
    "available": true,
    "promoUntil": null
  },
  {
    "id": "654622STK",
    "title": "Jumbo Grillworst Kaas 175 g",
    "category": "Vleeswaren, kaas en tapas",
    "price": 2.79,
    "promoPrice": null,
    "pricePerUnit": "15.94 kg",
    "image": "https://www.jumbo.com/dam-images/fit-in/360x360/Products/23072025_1753273980163_1753273986952_8718452916795_1.png",
    "available": true,
    "promoUntil": null
  },
  {
    "id": "629682FLS",
    "title": "Jumbo Cola Regular 1,5 L",
    "category": "Frisdrank en sappen",
    "price": 0.8,
    "promoPrice": null,
    "pricePerUnit": "0.53 l",
    "image": "https://www.jumbo.com/dam-images/fit-in/360x360/Products/19082024_1724077998870_1724078003402_8718452829422_1.png",
    "available": true,
    "promoUntil": null
  },
  {
    "id": "669602DS",
    "title": "Ariel 3in1 PODS Color, Wasmiddel Capsules 30",
    "category": "Huishouden en dieren",
    "price": 22.99,
    "promoPrice": null,
    "pricePerUnit": "0.77 pieces",
    "image": "https://www.jumbo.com/dam-images/fit-in/360x360/Products/15092025_1757894411827_1757894416437_8700216684149_1.png",
    "available": true,
    "promoUntil": null
  },
  {
    "id": "640584PAK",
    "title": "Jumbo Brabantse Metworst 120 g",
    "category": "Vleeswaren, kaas en tapas",
    "price": 2.6,
    "promoPrice": null,
    "pricePerUnit": "21.67 kg",
    "image": "https://www.jumbo.com/dam-images/fit-in/360x360/Products/04072025_1751617996137_1751618002782_8718452649402_1.png",
    "available": true,
    "promoUntil": null
  },
  {
    "id": "430614STK",
    "title": "Jumbo - Rond Wit - Knapperig en Vers",
    "category": "Brood en gebak",
    "price": 2.0,
    "promoPrice": null,
    "pricePerUnit": "2.0 pieces",
    "image": "https://www.jumbo.com/dam-images/fit-in/360x360/Products/17062024_1718620425970_1718620434712_8718452771813_2.png",
    "available": true,
    "promoUntil": null
  },
  {
    "id": "439773PKL",
    "title": "Evian Natuurlijk Mineraalwater 6 x 1,5L",
    "category": "Frisdrank en sappen",
    "price": 8.09,
    "promoPrice": null,
    "pricePerUnit": "0.9 l",
    "image": "https://www.jumbo.com/dam-images/fit-in/360x360/Products/439773PKL-1692282498660.png",
    "available": true,
    "promoUntil": null
  },
  {
    "id": "588347DSL",
    "title": "Jumbo naturel 48+ smeerkaas 8 x 200 g",
    "category": "Vleeswaren, kaas en tapas",
    "price": 11.12,
    "promoPrice": null,
    "pricePerUnit": "6.95 kg",
    "image": "https://www.jumbo.com/dam-images/fit-in/360x360/Products/588347DSL14b5919a3-d70a-4432-ab51-db45e986e2d0-1745830037024.png",
    "available": true,
    "promoUntil": null
  },
  {
    "id": "583752ZK",
    "title": "Jumbo Gebroken Sperziebonen 400 g",
    "category": "Aardappelen, groente en fruit",
    "price": 2.29,
    "promoPrice": null,
    "pricePerUnit": "5.73 kg",
    "image": "https://www.jumbo.com/dam-images/fit-in/360x360/Products/29072024_1722270917967_1722270926664_8718452773305_1.png",
    "available": true,
    "promoUntil": null
  },
  {
    "id": "651679ZK",
    "title": "Croky Chips  Paprika 200g",
    "category": "Koek, snoep, chocolade en chips",
    "price": 2.29,
    "promoPrice": null,
    "pricePerUnit": "11.45 kg",
    "image": "https://www.jumbo.com/dam-images/fit-in/360x360/Products/04112024_1730707009097_1730707010289_651679_ZK_05414359922015_A1N1.png",
    "available": true,
    "promoUntil": null
  },
  {
    "id": "709770DS",
    "title": "Rivella Original 4x250ML",
    "category": "Frisdrank en sappen",
    "price": 3.49,
    "promoPrice": null,
    "pricePerUnit": "3.49 l",
    "image": "https://www.jumbo.com/dam-images/fit-in/360x360/Products/08715600251494C1N112a051b9-c868-442b-8717-5ef1385b90ed-1752753846274.png",
    "available": true,
    "promoUntil": null
  },
  {
    "id": "693899TRA",
    "title": "Tripel Karmeliet 4 x 330ML",
    "category": "Bier en wijn",
    "price": 8.79,
    "promoPrice": null,
    "pricePerUnit": "6.66 l",
    "image": "https://www.jumbo.com/dam-images/fit-in/360x360/Products/05410228244219H1N13eaee0db-5f9a-4d0d-ad85-ce5e10cf9da7-1721721867640.png",
    "available": true,
    "promoUntil": null
  },
  {
    "id": "274954STK",
    "title": "Vers Aan Tafel Zalmfilet Dillesaus Wortel Puree 540 g",
    "category": "Verse maaltijden en gemak",
    "price": 5.99,
    "promoPrice": null,
    "pricePerUnit": "11.09 kg",
    "image": "https://www.jumbo.com/dam-images/fit-in/360x360/Products/28032025_1743157973891_1743157982466_8717568249483_1.png",
    "available": true,
    "promoUntil": null
  },
  {
    "id": "566576TRA",
    "title": "Hertog Jan - Pils - Blik - 6 x 330ML",
    "category": "Bier en wijn",
    "price": 6.99,
    "promoPrice": null,
    "pricePerUnit": "3.53 l",
    "image": "https://www.jumbo.com/dam-images/fit-in/360x360/Products/08725000659967C1N117335580-2d0a-469f-b9fa-365a721c19a4-1712228332827.png",
    "available": true,
    "promoUntil": null
  },
  {
    "id": "539049PAK",
    "title": "Heineken Premium Pilsener Bier Blik 6 x 330ml",
    "category": "Bier en wijn",
    "price": 6.65,
    "promoPrice": null,
    "pricePerUnit": "3.36 l",
    "image": "https://www.jumbo.com/dam-images/fit-in/360x360/Products/07012025_1736267694030_1736267696747_8712000058869_1.png",
    "available": true,
    "promoUntil": null
  },
  {
    "id": "579757CUP",
    "title": "Jumbo Ongezouten Macadamia Notenmix 130 g",
    "category": "Koek, snoep, chocolade en chips",
    "price": 3.89,
    "promoPrice": null,
    "pricePerUnit": "29.92 kg",
    "image": "https://www.jumbo.com/dam-images/fit-in/360x360/Products/14022024_1707873740969_1707873750376_8718452739684_1.png",
    "available": true,
    "promoUntil": null
  },
  {
    "id": "669605DS",
    "title": "Ariel Waspoeder Kleur 1.375kg, 25 Wasbeurten",
    "category": "Huishouden en dieren",
    "price": 17.99,
    "promoPrice": null,
    "pricePerUnit": "0.72 wb",
    "image": "https://www.jumbo.com/dam-images/fit-in/360x360/Products/11092025_1757588654023_1757588658706_8700216714730_1.png",
    "available": true,
    "promoUntil": null
  },
  {
    "id": "59938PAK",
    "title": "Heineken Premium Pilsener Bier Draaidop Fles 12 x 250ml",
    "category": "Bier en wijn",
    "price": 13.29,
    "promoPrice": null,
    "pricePerUnit": "4.43 l",
    "image": "https://www.jumbo.com/dam-images/fit-in/360x360/Products/07012025_1736267691913_1736267695273_8712000030957_1.png",
    "available": true,
    "promoUntil": null
  },
  {
    "id": "505997DS",
    "title": "Knorr Wereldgerechten Tandoori XXL Indiase Kip 493 g",
    "category": "Wereldkeukens, kruiden, pasta en rijst",
    "price": 5.19,
    "promoPrice": null,
    "pricePerUnit": "10.53 kg",
    "image": "https://www.jumbo.com/dam-images/fit-in/360x360/Products/19092025_1758292429331_1758292440933_8720182059512_1.png",
    "available": true,
    "promoUntil": null
  },
  {
    "id": "681123STK",
    "title": "Jumbo Zalmfilet Warmgerookt 125 g",
    "category": "Vlees, vis en vega",
    "price": 4.68,
    "promoPrice": null,
    "pricePerUnit": "37.44 kg",
    "image": "https://www.jumbo.com/dam-images/fit-in/360x360/Products/08022024_1707359709573_1707359717253_8718452660285_1.png",
    "available": true,
    "promoUntil": null
  },
  {
    "id": "94842DS",
    "title": "Jumbo Witte Snelkookrijst Voordeelverpakking 1 kg",
    "category": "Wereldkeukens, kruiden, pasta en rijst",
    "price": 1.32,
    "promoPrice": null,
    "pricePerUnit": "1.32 kg",
    "image": "https://www.jumbo.com/dam-images/fit-in/360x360/Products/14022024_1707872891746_1707872899012_8718452548545_1.png",
    "available": true,
    "promoUntil": null
  },
  {
    "id": "533223DS",
    "title": "Fanta Orange Mini 8 x 150 ml",
    "category": "Frisdrank en sappen",
    "price": 4.99,
    "promoPrice": null,
    "pricePerUnit": "4.16 l",
    "image": "https://www.jumbo.com/dam-images/fit-in/360x360/Products/21052025_1747827207730_1747827211684_5000112659764_1.png",
    "available": true,
    "promoUntil": null
  },
  {
    "id": "418347KRT",
    "title": "Leffe - Blond - Krat - 24 x 250ML",
    "category": "Bier en wijn",
    "price": 19.99,
    "promoPrice": 14.99,
    "pricePerUnit": "2.5 l",
    "image": "https://www.jumbo.com/dam-images/fit-in/360x360/Products/05410228280705H1N18aa716a6-5311-464b-90f2-86f0847d47be-1713366879675.png",
    "available": true,
    "promoUntil": "di 30 sep"
  },
  {
    "id": "656685KGR",
    "title": "Wapenaer Goudse Kaas Jong Belegen 48+ Voordeelverpakking Plakken ca. 350 g",
    "category": "Vleeswaren, kaas en tapas",
    "price": 5.91,
    "promoPrice": null,
    "pricePerUnit": "16.9 kg",
    "image": "https://www.jumbo.com/dam-images/fit-in/360x360/Products/11042025_1744378428732_1744378433463_2336149000000_1.png",
    "available": true,
    "promoUntil": null
  },
  {
    "id": "405481ZK",
    "title": "Jumbo Paprika Chips 250 g",
    "category": "Koek, snoep, chocolade en chips",
    "price": 0.83,
    "promoPrice": null,
    "pricePerUnit": "3.32 kg",
    "image": "https://www.jumbo.com/dam-images/fit-in/360x360/Products/01112024_1730464446963_1730464463380_8718452836253_596.png",
    "available": true,
    "promoUntil": null
  },
  {
    "id": "192160STK",
    "title": "WC Eend Nr. 1 Ontkalker",
    "category": "Huishouden en dieren",
    "price": 3.35,
    "promoPrice": null,
    "pricePerUnit": "4.47 l",
    "image": "https://www.jumbo.com/dam-images/fit-in/360x360/Products/12122024_1733972636058_1733972638493_192160_STK_05000204007534_C1N1.png",
    "available": true,
    "promoUntil": null
  },
  {
    "id": "217445DSL",
    "title": "Klein Vriend - Pinotage 4 x 3 L",
    "category": "Bier en wijn",
    "price": 41.96,
    "promoPrice": null,
    "pricePerUnit": "3.5 l",
    "image": "https://www.jumbo.com/dam-images/fit-in/360x360/Products/217445DSL-1692282479111.png",
    "available": true,
    "promoUntil": null
  },
  {
    "id": "392680ZK",
    "title": "Jumbo Basis Soepgroente 400 g",
    "category": "Aardappelen, groente en fruit",
    "price": 1.49,
    "promoPrice": null,
    "pricePerUnit": "3.73 kg",
    "image": "https://www.jumbo.com/dam-images/fit-in/360x360/Products/26062024_1719412466990_1719412479690_8718452795697_1.png",
    "available": true,
    "promoUntil": null
  },
  {
    "id": "445883PAK",
    "title": "Jumbo Mineraalwater Licht Bruisend Fles 6 x 1,5 L",
    "category": "Frisdrank en sappen",
    "price": 3.37,
    "promoPrice": null,
    "pricePerUnit": "0.37 l",
    "image": "https://www.jumbo.com/dam-images/fit-in/360x360/Products/27052025_1748356387323_1748356396971_8718452640461_1.png",
    "available": true,
    "promoUntil": null
  },
  {
    "id": "645750KGR",
    "title": "Jumbo Runderrookvlees ca. 100 g",
    "category": "Vleeswaren, kaas en tapas",
    "price": 3.75,
    "promoPrice": null,
    "pricePerUnit": "37.5 kg",
    "image": "https://www.jumbo.com/dam-images/fit-in/360x360/Products/04072025_1751617977415_1751617988930_2353089000000_1.png",
    "available": true,
    "promoUntil": null
  },
  {
    "id": "208695ZK",
    "title": "Jumbo's Tagliatelle 500 g",
    "category": "Wereldkeukens, kruiden, pasta en rijst",
    "price": 3.69,
    "promoPrice": null,
    "pricePerUnit": "7.38 kg",
    "image": "https://www.jumbo.com/dam-images/fit-in/360x360/Products/03102024_1727965969482_1727965975653_8718452832576_1.png",
    "available": true,
    "promoUntil": null
  },
  {
    "id": "217447KSL",
    "title": "Klein Vriend – Chardonnay – Colombard 6 x 750 ml",
    "category": "Bier en wijn",
    "price": 18.3,
    "promoPrice": null,
    "pricePerUnit": "4.07 l",
    "image": "https://www.jumbo.com/dam-images/fit-in/360x360/Products/217447KSL-1692283019447.png",
    "available": true,
    "promoUntil": null
  },
  {
    "id": "447791FLS",
    "title": "Jumbo Original Afwasmiddel 500 ml",
    "category": "Huishouden en dieren",
    "price": 0.73,
    "promoPrice": null,
    "pricePerUnit": "1.46 l",
    "image": "https://www.jumbo.com/dam-images/fit-in/360x360/Products/09082023_1691596486719_1691596493751_8718452564149_1.png",
    "available": true,
    "promoUntil": null
  },
  {
    "id": "687701ZK",
    "title": "Lay's Cheese Onion Chips 300 gr",
    "category": "Koek, snoep, chocolade en chips",
    "price": 2.59,
    "promoPrice": null,
    "pricePerUnit": "8.63 kg",
    "image": "https://www.jumbo.com/dam-images/fit-in/360x360/Products/05062025_1749141166354_1749141175558_8710398532206_1.png",
    "available": true,
    "promoUntil": null
  },
  {
    "id": "194938ZK",
    "title": "Jumbo Gekookte Bietjes Biologisch 500 g",
    "category": "Aardappelen, groente en fruit",
    "price": 1.45,
    "promoPrice": null,
    "pricePerUnit": "2.9 kg",
    "image": "https://www.jumbo.com/dam-images/fit-in/360x360/Products/18092023_1695046905047_1695046915061_8718452107476_1.png",
    "available": true,
    "promoUntil": null
  },
  {
    "id": "533153TRA",
    "title": "Coca-Cola Original Taste 8 x 250 ml",
    "category": "Frisdrank en sappen",
    "price": 6.29,
    "promoPrice": null,
    "pricePerUnit": "3.15 l",
    "image": "https://www.jumbo.com/dam-images/fit-in/360x360/Products/09082023_1691592913294_1691592927084_5000112658927_1.png",
    "available": true,
    "promoUntil": null
  },
  {
    "id": "226787KML",
    "title": "Jumbo – Lekkerbekjes 6 x 250 g",
    "category": "Diepvries",
    "price": 14.94,
    "promoPrice": null,
    "pricePerUnit": "9.96 kg",
    "image": "https://www.jumbo.com/dam-images/fit-in/360x360/Products/226787KML-1692283089500.png",
    "available": true,
    "promoUntil": null
  },
  {
    "id": "426828FLS",
    "title": "Lipton Ice Tea Sparkling Original 1500 ml",
    "category": "Frisdrank en sappen",
    "price": 3.09,
    "promoPrice": null,
    "pricePerUnit": "2.06 l",
    "image": "https://www.jumbo.com/dam-images/fit-in/360x360/Products/03042025_1743650319303_1743650344068_426828_FLS_08711327508491_H1N1.png",
    "available": true,
    "promoUntil": null
  },
  {
    "id": "270258FLS",
    "title": "Orbea - Pinot Grigio - Rosé - 750ML",
    "category": "Bier en wijn",
    "price": 3.99,
    "promoPrice": null,
    "pricePerUnit": "5.32 l",
    "image": "https://www.jumbo.com/dam-images/fit-in/360x360/Products/21022025_1740151972212_1740151975634_8718819102199_1.png",
    "available": true,
    "promoUntil": null
  },
  {
    "id": "478570DS",
    "title": "Dr. Oetker Ristorante Pizza Salami 320 g",
    "category": "Diepvries",
    "price": 3.19,
    "promoPrice": null,
    "pricePerUnit": "9.97 kg",
    "image": "https://www.jumbo.com/dam-images/fit-in/360x360/Products/17042025_1744853232302_1744853240533_478570_DS_04001724038900_C1N1_s03.png",
    "available": true,
    "promoUntil": null
  },
  {
    "id": "655555STK",
    "title": "Jumbo Carpaccio 120 g",
    "category": "Vleeswaren, kaas en tapas",
    "price": 3.75,
    "promoPrice": null,
    "pricePerUnit": "31.25 kg",
    "image": "https://www.jumbo.com/dam-images/fit-in/360x360/Products/12122024_1734014666818_1734014672368_8718452682935_1.png",
    "available": true,
    "promoUntil": null
  },
  {
    "id": "661170KGR",
    "title": "Jumbo Scharrelkipfilet Naturel Voordeelverpakking ca. 190 g",
    "category": "Vleeswaren, kaas en tapas",
    "price": 4.74,
    "promoPrice": null,
    "pricePerUnit": "24.95 kg",
    "image": "https://www.jumbo.com/dam-images/fit-in/360x360/Products/07022025_1738945991121_1738945997738_2369254000000_1.png",
    "available": true,
    "promoUntil": null
  },
  {
    "id": "212151STK",
    "title": "Jumbo Gesneden Uien 300 g",
    "category": "Aardappelen, groente en fruit",
    "price": 2.29,
    "promoPrice": null,
    "pricePerUnit": "7.63 kg",
    "image": "https://www.jumbo.com/dam-images/fit-in/360x360/Products/26062024_1719412466320_1719412472856_8718452789689_1.png",
    "available": true,
    "promoUntil": null
  },
  {
    "id": "512894DSL",
    "title": "Montaignan - Merlot",
    "category": "Bier en wijn",
    "price": 35.94,
    "promoPrice": null,
    "pricePerUnit": "7.99 l",
    "image": "https://www.jumbo.com/dam-images/fit-in/360x360/Products/OmdoosMerlot4784290b-18a3-4451-a096-e648a880eae9-1703085054489.png",
    "available": true,
    "promoUntil": null
  },
  {
    "id": "274957STK",
    "title": "Vers Aan Tafel Jachtschotel met Appel en Rode Kool en Aardappelpuree 550 g",
    "category": "Verse maaltijden en gemak",
    "price": 5.49,
    "promoPrice": null,
    "pricePerUnit": "9.98 kg",
    "image": "https://www.jumbo.com/dam-images/fit-in/360x360/Products/14022024_1707873855239_1707873861647_8717568249728_1.png",
    "available": true,
    "promoUntil": null
  },
  {
    "id": "677611STK",
    "title": "Pampers Baby-Dry Maat 7, 62 Luiers",
    "category": "Drogisterij en baby",
    "price": 38.32,
    "promoPrice": null,
    "pricePerUnit": "0.62 pieces",
    "image": "https://www.jumbo.com/dam-images/fit-in/360x360/Products/14082025_1755200016343_1755200021959_8700216812559_1.png",
    "available": true,
    "promoUntil": null
  },
  {
    "id": "382372FLS",
    "title": "Tre Filari - Primitivo - 750ML",
    "category": "Bier en wijn",
    "price": 9.99,
    "promoPrice": null,
    "pricePerUnit": "13.32 l",
    "image": "https://www.jumbo.com/dam-images/fit-in/360x360/Products/382372_8032636601322_1_T1_382372FLS1691485469438.png",
    "available": true,
    "promoUntil": null
  },
  {
    "id": "656952KGR",
    "title": "Zandvliet Zuurkoolspek Stukje ca. 250g",
    "category": "Vleeswaren, kaas en tapas",
    "price": 4.15,
    "promoPrice": null,
    "pricePerUnit": "16.62 kg",
    "image": "https://www.jumbo.com/dam-images/fit-in/360x360/Products/04092024_1725460582441_1725460589674_2369835000000_1.png",
    "available": true,
    "promoUntil": null
  },
  {
    "id": "634973FLS",
    "title": "Jumbo Sinas 1,5 L",
    "category": "Frisdrank en sappen",
    "price": 0.77,
    "promoPrice": null,
    "pricePerUnit": "0.51 l",
    "image": "https://www.jumbo.com/dam-images/fit-in/360x360/Products/17072024_1721205201114_1721205213174_8718452800568_596.png",
    "available": true,
    "promoUntil": null
  },
  {
    "id": "657337ZK",
    "title": "Jumbo - Schnittbroodjes Volkoren - 10 Stuks",
    "category": "Brood en gebak",
    "price": 1.99,
    "promoPrice": null,
    "pricePerUnit": "2.84 kg",
    "image": "https://www.jumbo.com/dam-images/fit-in/360x360/Products/12122024_1734014944429_1734014950678_8718452839339_1.png",
    "available": true,
    "promoUntil": null
  },
  {
    "id": "653697ZK",
    "title": "Jumbo Rösti Rondjes 600 g",
    "category": "Diepvries",
    "price": 1.59,
    "promoPrice": null,
    "pricePerUnit": "2.65 kg",
    "image": "https://www.jumbo.com/dam-images/fit-in/360x360/Products/12122024_1734014886017_1734014908931_8718452793006_596.png",
    "available": true,
    "promoUntil": null
  },
  {
    "id": "73895DS",
    "title": "Jumbo Pizza Hawaï 355 g",
    "category": "Diepvries",
    "price": 2.49,
    "promoPrice": null,
    "pricePerUnit": "7.01 kg",
    "image": "https://www.jumbo.com/dam-images/fit-in/360x360/Products/10052024_1715351654712_1715351685557_8718452801176_596.png",
    "available": true,
    "promoUntil": null
  },
  {
    "id": "674044STK",
    "title": "Jumbo Leverworst 500g",
    "category": "Vleeswaren, kaas en tapas",
    "price": 2.15,
    "promoPrice": null,
    "pricePerUnit": "4.3 kg",
    "image": "https://www.jumbo.com/dam-images/fit-in/360x360/Products/14102024_1728898505390_1728898519007_8718452183616_1.png",
    "available": true,
    "promoUntil": null
  },
  {
    "id": "516734BAK",
    "title": "Jumbo Rode Kool Hachee met Appel & Aardappelpuree 500 g",
    "category": "Verse maaltijden en gemak",
    "price": 5.25,
    "promoPrice": null,
    "pricePerUnit": "10.5 kg",
    "image": "https://www.jumbo.com/dam-images/fit-in/360x360/Products/23092025_1758590205062_1758590209391_516734_BAK_08718452964802_C1N1.png",
    "available": true,
    "promoUntil": null
  },
  {
    "id": "168599FLS",
    "title": "Grand Sud - Chardonnay - 1L",
    "category": "Bier en wijn",
    "price": 5.99,
    "promoPrice": null,
    "pricePerUnit": "5.99 l",
    "image": "https://www.jumbo.com/dam-images/fit-in/360x360/Products/10082023_1691674905763_1691674912814_3263286350161_1.png",
    "available": true,
    "promoUntil": null
  },
  {
    "id": "620970ZK",
    "title": "Dreft Platinum All In One Vaatwastabletten, Original, 34 Capsules",
    "category": "Huishouden en dieren",
    "price": 17.99,
    "promoPrice": null,
    "pricePerUnit": "0.53 pieces",
    "image": "https://www.jumbo.com/dam-images/fit-in/360x360/Products/15082025_1755216082590_1755216088797_8700216264471_1.png",
    "available": true,
    "promoUntil": null
  },
  {
    "id": "204195ZK",
    "title": "Jumbo Aardappelschijfjes 600 g",
    "category": "Diepvries",
    "price": 1.69,
    "promoPrice": null,
    "pricePerUnit": "2.82 kg",
    "image": "https://www.jumbo.com/dam-images/fit-in/360x360/Products/09082023_1691584971704_1691584987675_8718452295012_1.png",
    "available": true,
    "promoUntil": null
  },
  {
    "id": "579666ROL",
    "title": "Jumbo Grofvuilzakken 120 L met Sluitstrips 10 Stuks",
    "category": "Huishouden en dieren",
    "price": 1.99,
    "promoPrice": null,
    "pricePerUnit": "0.2 pieces",
    "image": "https://www.jumbo.com/dam-images/fit-in/360x360/Products/14022025_1739539721305_1739539738641_8718452758548_596.png",
    "available": true,
    "promoUntil": null
  },
  {
    "id": "536534TRA",
    "title": "Amstel Pilsener Bier Blik Tray 24 x 500ml",
    "category": "Bier en wijn",
    "price": 27.69,
    "promoPrice": null,
    "pricePerUnit": "2.31 l",
    "image": "https://www.jumbo.com/dam-images/fit-in/360x360/Products/07012025_1736267693302_1736267696787_8712000059149_1.png",
    "available": true,
    "promoUntil": null
  },
  {
    "id": "669611DS",
    "title": "Ariel 3in1 PODS Original, Wasmiddel Capsules 30",
    "category": "Huishouden en dieren",
    "price": 22.99,
    "promoPrice": null,
    "pricePerUnit": "0.77 pieces",
    "image": "https://www.jumbo.com/dam-images/fit-in/360x360/Products/14082025_1755196422202_1755196428533_8700216648301_1.png",
    "available": true,
    "promoUntil": null
  },
  {
    "id": "606752FLS",
    "title": "Raak Vruchtensiroop Tropical Fles 750ML",
    "category": "Frisdrank en sappen",
    "price": 3.49,
    "promoPrice": null,
    "pricePerUnit": "4.65 l",
    "image": "https://www.jumbo.com/dam-images/fit-in/360x360/Products/28052024_1716858587959_1716858596028_606752_FLS_00000087365429_C1N1.png",
    "available": true,
    "promoUntil": null
  },
  {
    "id": "681474TRA",
    "title": "Jumbo Verse Burger Plantaardig 2 Stuks",
    "category": "Vlees, vis en vega",
    "price": 3.0,
    "promoPrice": null,
    "pricePerUnit": "13.64 kg",
    "image": "https://www.jumbo.com/dam-images/fit-in/360x360/Products/24032025_1742826749703_1742826754864_8718452854745_1.png",
    "available": true,
    "promoUntil": null
  },
  {
    "id": "520006PAK",
    "title": "Jumbo Drink Sinaasappel 10 x 200 ML",
    "category": "Frisdrank en sappen",
    "price": 2.99,
    "promoPrice": null,
    "pricePerUnit": "1.5 l",
    "image": "https://www.jumbo.com/dam-images/fit-in/360x360/Products/09082023_1691591413390_1691591417356_8718452676149_1.png",
    "available": true,
    "promoUntil": null
  },
  {
    "id": "681081TRA",
    "title": "Jumbo Plantaardig Saté Schnitzel Gevuld 2 Stuks",
    "category": "Vlees, vis en vega",
    "price": 2.5,
    "promoPrice": null,
    "pricePerUnit": "12.5 kg",
    "image": "https://www.jumbo.com/dam-images/fit-in/360x360/Products/23012025_1737646446109_1737646455797_8718452859610_1.png",
    "available": true,
    "promoUntil": null
  },
  {
    "id": "147042STK",
    "title": "Jumbo Gang Makers met Frambozenvulling 225 g",
    "category": "Koek, snoep, chocolade en chips",
    "price": 1.99,
    "promoPrice": null,
    "pricePerUnit": "8.84 kg",
    "image": "https://www.jumbo.com/dam-images/fit-in/360x360/Products/03042025_1743694347023_1743694352378_8718452887286_1.png",
    "available": true,
    "promoUntil": null
  },
  {
    "id": "634957PAK",
    "title": "Jumbo Sinas Zero - Blik - 6 x 330 ml",
    "category": "Frisdrank en sappen",
    "price": 2.59,
    "promoPrice": null,
    "pricePerUnit": "1.31 l",
    "image": "https://www.jumbo.com/dam-images/fit-in/360x360/Products/17072024_1721205200926_1721205216987_8718452800612_596.png",
    "available": true,
    "promoUntil": null
  },
  {
    "id": "705319ZK",
    "title": "Jumbo - Lekker Vrij van Gluten Bruin - 500 g",
    "category": "Brood en gebak",
    "price": 3.65,
    "promoPrice": null,
    "pricePerUnit": "7.3 kg",
    "image": "https://www.jumbo.com/dam-images/fit-in/360x360/Products/24042025_1745483548494_1745483555860_8718452499588_1.png",
    "available": true,
    "promoUntil": null
  },
  {
    "id": "575648STK",
    "title": "Jumbo Goudse Kaas 48+ Jong Belegen Stuk 450 g",
    "category": "Vleeswaren, kaas en tapas",
    "price": 4.35,
    "promoPrice": null,
    "pricePerUnit": "9.67 kg",
    "image": "https://www.jumbo.com/dam-images/fit-in/360x360/Products/14022024_1707873372786_1707873383041_8718452695218_1.png",
    "available": true,
    "promoUntil": null
  },
  {
    "id": "512200FLS",
    "title": "RAAK Vruchtensiroop Grenadine 0,75 L",
    "category": "Frisdrank en sappen",
    "price": 3.49,
    "promoPrice": null,
    "pricePerUnit": "4.65 l",
    "image": "https://www.jumbo.com/dam-images/fit-in/360x360/Products/25052024_1716601967543_1716601974394_512200_FLS_00000087222579_C1N1.png",
    "available": true,
    "promoUntil": null
  },
  {
    "id": "430352FLS",
    "title": "Hero Cassis Zero 1,25 L",
    "category": "Frisdrank en sappen",
    "price": 2.59,
    "promoPrice": null,
    "pricePerUnit": "2.07 l",
    "image": "https://www.jumbo.com/dam-images/fit-in/360x360/Products/28112023_1701167646162_1701167651090_8713500012443_1.png",
    "available": true,
    "promoUntil": null
  },
  {
    "id": "54848DSL",
    "title": "Jumbo Appelsap 8 x 1,5 L",
    "category": "Frisdrank en sappen",
    "price": 12.0,
    "promoPrice": null,
    "pricePerUnit": "1.0 l",
    "image": "https://www.jumbo.com/dam-images/fit-in/360x360/Products/54848DSL126977c5b-8a82-47dd-946d-f82fdb456c85-1697099936684.png",
    "available": true,
    "promoUntil": null
  },
  {
    "id": "185555PAK",
    "title": "Jumbo Eierwafels 12 Stuks",
    "category": "Koek, snoep, chocolade en chips",
    "price": 2.49,
    "promoPrice": null,
    "pricePerUnit": "8.3 kg",
    "image": "https://www.jumbo.com/dam-images/fit-in/360x360/Products/29092023_1695995087728_1695995090583_8718452387212_1.png",
    "available": true,
    "promoUntil": null
  },
  {
    "id": "498517ROL",
    "title": "Jumbo Haverkoekjes Biscuits 300 g",
    "category": "Koek, snoep, chocolade en chips",
    "price": 1.12,
    "promoPrice": null,
    "pricePerUnit": "3.73 kg",
    "image": "https://www.jumbo.com/dam-images/fit-in/360x360/Products/10042025_1744292005855_1744292021399_8718452253890_596.png",
    "available": true,
    "promoUntil": null
  },
  {
    "id": "398624KRT",
    "title": "Alfa - Edel Pils - Krat - 24 x 300ML",
    "category": "Bier en wijn",
    "price": 19.79,
    "promoPrice": null,
    "pricePerUnit": "2.75 l",
    "image": "https://www.jumbo.com/dam-images/fit-in/360x360/Products/15052025_1747305146229_1747305162596_8711527000108_1.png",
    "available": true,
    "promoUntil": null
  },
  {
    "id": "634983PAK",
    "title": "Jumbo Sinas - Blik - 6 x 330ML",
    "category": "Frisdrank en sappen",
    "price": 2.27,
    "promoPrice": null,
    "pricePerUnit": "1.15 l",
    "image": "https://www.jumbo.com/dam-images/fit-in/360x360/Products/23072024_1721738118465_1721738125244_8718452800551_1.png",
    "available": true,
    "promoUntil": null
  },
  {
    "id": "185053STK",
    "title": "Valess Vegetarische Tomaten Mozzarella Schnitzel 2 Stuks 180 g",
    "category": "Vlees, vis en vega",
    "price": 3.79,
    "promoPrice": null,
    "pricePerUnit": "21.06 kg",
    "image": "https://www.jumbo.com/dam-images/fit-in/360x360/Products/12092025_1757680395649_1757680405628_8710912060666_1.png",
    "available": true,
    "promoUntil": null
  },
  {
    "id": "136084DS",
    "title": "Maza Hoemoes",
    "category": "Vleeswaren, kaas en tapas",
    "price": 2.49,
    "promoPrice": null,
    "pricePerUnit": "12.45 kg",
    "image": "https://www.jumbo.com/dam-images/fit-in/360x360/Products/28082025_1756398807689_1756398812354_8714779001190_1.png",
    "available": true,
    "promoUntil": null
  },
  {
    "id": "553435FLS",
    "title": "Sprite Zero Sugar Lemon-Lime 1,5 L",
    "category": "Frisdrank en sappen",
    "price": 2.89,
    "promoPrice": null,
    "pricePerUnit": "1.93 l",
    "image": "https://www.jumbo.com/dam-images/fit-in/360x360/Products/30032024_1711769960951_1711769965761_553435_FLS_05000112605136_H1N1.png",
    "available": true,
    "promoUntil": null
  },
  {
    "id": "441081FLS",
    "title": "Slimpie Bosvruchten Siroop 650 ml",
    "category": "Frisdrank en sappen",
    "price": 3.49,
    "promoPrice": null,
    "pricePerUnit": "5.37 l",
    "image": "https://www.jumbo.com/dam-images/fit-in/360x360/Products/05062024_1717555110764_1717555126119_441081_FLS_08719214811174_H1N1.png",
    "available": true,
    "promoUntil": null
  },
  {
    "id": "573109DS",
    "title": "Jumbo Bakpapier Losse Vellen 42 x 38 cm 30 Stuks",
    "category": "Huishouden en dieren",
    "price": 1.19,
    "promoPrice": null,
    "pricePerUnit": "0.04 pieces",
    "image": "https://www.jumbo.com/dam-images/fit-in/360x360/Products/09082023_1691595023241_1691595026441_8718452700141_1.png",
    "available": true,
    "promoUntil": null
  },
  {
    "id": "428417PAK",
    "title": "Lipton Ice Tea Sparkling Original 4 x 1,5L",
    "category": "Frisdrank en sappen",
    "price": 9.27,
    "promoPrice": null,
    "pricePerUnit": "1.55 l",
    "image": "https://www.jumbo.com/dam-images/fit-in/360x360/Products/23082025_1755911097295_1755911112989_428417_PAK_08711327510128_H1N1.png",
    "available": true,
    "promoUntil": null
  },
  {
    "id": "184179DS",
    "title": "Dr. Oetker Big Americans Pizza Texas 435 g",
    "category": "Diepvries",
    "price": 4.99,
    "promoPrice": null,
    "pricePerUnit": "11.47 kg",
    "image": "https://www.jumbo.com/dam-images/fit-in/360x360/Products/17042025_1744858686454_1744858693343_184179_DS_04001724023906_C1N1_s02.png",
    "available": true,
    "promoUntil": null
  },
  {
    "id": "673776DS",
    "title": "Jumbo Verspakket Krokante Kip Wrap 4 Personen",
    "category": "Verse maaltijden en gemak",
    "price": 6.99,
    "promoPrice": null,
    "pricePerUnit": "5.87 kg",
    "image": "https://www.jumbo.com/dam-images/fit-in/360x360/Products/03092025_1756888445074_1756888454255_8718452901395_1.png",
    "available": true,
    "promoUntil": null
  },
  {
    "id": "637526STK",
    "title": "Valess Vega Kip Chik'n Filet 2 stuks 180g",
    "category": "Vlees, vis en vega",
    "price": 3.99,
    "promoPrice": null,
    "pricePerUnit": "22.17 kg",
    "image": "https://www.jumbo.com/dam-images/fit-in/360x360/Products/12092025_1757680396039_1757680404476_8712800002352_1.png",
    "available": true,
    "promoUntil": null
  },
  {
    "id": "641036KGR",
    "title": "Jumbo Grillworst Kaas ca. 130 g",
    "category": "Vleeswaren, kaas en tapas",
    "price": 2.66,
    "promoPrice": null,
    "pricePerUnit": "20.5 kg",
    "image": "https://www.jumbo.com/dam-images/fit-in/360x360/Products/12122024_1734014624361_1734014637153_2378338000000_1.png",
    "available": true,
    "promoUntil": null
  },
  {
    "id": "651802ZK",
    "title": "Croky Chips Bolognese 200g",
    "category": "Koek, snoep, chocolade en chips",
    "price": 2.29,
    "promoPrice": null,
    "pricePerUnit": "11.45 kg",
    "image": "https://www.jumbo.com/dam-images/fit-in/360x360/Products/17092024_1726555841585_1726555842957_651802_ZK_05414359922022_A1N1.png",
    "available": true,
    "promoUntil": null
  },
  {
    "id": "705280ZK",
    "title": "Jumbo - Krentenbrood - 500 g",
    "category": "Brood en gebak",
    "price": 1.99,
    "promoPrice": null,
    "pricePerUnit": "3.98 kg",
    "image": "https://www.jumbo.com/dam-images/fit-in/360x360/Products/01052025_1746099187169_1746099194809_8718452711093_1.png",
    "available": true,
    "promoUntil": null
  },
  {
    "id": "343944ZK",
    "title": "Jumbo Fijngesneden IJsbergsla 200 g",
    "category": "Aardappelen, groente en fruit",
    "price": 1.65,
    "promoPrice": null,
    "pricePerUnit": "8.25 kg",
    "image": "https://www.jumbo.com/dam-images/fit-in/360x360/Products/07062024_1717759994950_1717760002081_8718452777242_1.png",
    "available": true,
    "promoUntil": null
  },
  {
    "id": "608183PAK",
    "title": "Coca-Cola Zero Sugar 4 x 500 ml",
    "category": "Frisdrank en sappen",
    "price": 7.16,
    "promoPrice": null,
    "pricePerUnit": "3.58 l",
    "image": "https://www.jumbo.com/dam-images/fit-in/360x360/Products/01022024_1706749207765_1706749211976_5000112668735_1.png",
    "available": true,
    "promoUntil": null
  },
  {
    "id": "679537FLS",
    "title": "Antikal Original Spray 800 ML",
    "category": "Huishouden en dieren",
    "price": 5.99,
    "promoPrice": null,
    "pricePerUnit": "7.49 l",
    "image": "https://www.jumbo.com/dam-images/fit-in/360x360/Products/15082025_1755216056572_1755216059660_8700216710923_1.png",
    "available": true,
    "promoUntil": null
  },
  {
    "id": "452383ZK",
    "title": "Jumbo Krieltjes 1KG",
    "category": "Aardappelen, groente en fruit",
    "price": 2.15,
    "promoPrice": null,
    "pricePerUnit": "2.15 kg",
    "image": "https://www.jumbo.com/dam-images/fit-in/360x360/Products/04062024_1717504456970_1717504462869_8718452801602_1.png",
    "available": true,
    "promoUntil": null
  },
  {
    "id": "687750ZK",
    "title": "Lay's Bolognese Chips 300 gr",
    "category": "Koek, snoep, chocolade en chips",
    "price": 2.89,
    "promoPrice": null,
    "pricePerUnit": "9.63 kg",
    "image": "https://www.jumbo.com/dam-images/fit-in/360x360/Products/24062025_1750727507207_1750727515534_687750_ZK_08710398532282_C1N1.png",
    "available": true,
    "promoUntil": null
  },
  {
    "id": "274960STK",
    "title": "Vers Aan Tafel Gegrilde Kippenbout met Groentenmix en Puree 530 g",
    "category": "Verse maaltijden en gemak",
    "price": 5.49,
    "promoPrice": null,
    "pricePerUnit": "10.36 kg",
    "image": "https://www.jumbo.com/dam-images/fit-in/360x360/Products/14022024_1707873856688_1707873867940_8717568249797_1.png",
    "available": true,
    "promoUntil": null
  },
  {
    "id": "496221STK",
    "title": "Jumbo Brabantse Worstenbroodjes 10 Stuks",
    "category": "Brood en gebak",
    "price": 14.89,
    "promoPrice": null,
    "pricePerUnit": "1.49 pieces",
    "image": "https://www.jumbo.com/dam-images/fit-in/360x360/Products/09082023_1691591455422_1691591456952_8718452650675_1.png",
    "available": true,
    "promoUntil": null
  },
  {
    "id": "621839ZK",
    "title": "Jumbo Gesneden Champignons 250 g",
    "category": "Aardappelen, groente en fruit",
    "price": 1.85,
    "promoPrice": null,
    "pricePerUnit": "7.4 kg",
    "image": "https://www.jumbo.com/dam-images/fit-in/360x360/Products/07022025_1738956792989_1738956799104_8718452797783_1.png",
    "available": true,
    "promoUntil": null
  },
  {
    "id": "574535CUP",
    "title": "Robijn Classics 3-in-1 Wascapsules Color 40 wasbeurten",
    "category": "Huishouden en dieren",
    "price": 20.93,
    "promoPrice": null,
    "pricePerUnit": "0.52 wb",
    "image": "https://www.jumbo.com/dam-images/fit-in/360x360/Products/23092025_1758600239867_1758600305704_574535_CUP_08720181396106_H1N1.png",
    "available": true,
    "promoUntil": null
  },
  {
    "id": "522937CUP",
    "title": "Jumbo Beenham Salade 200 g",
    "category": "Vleeswaren, kaas en tapas",
    "price": 2.79,
    "promoPrice": null,
    "pricePerUnit": "13.95 kg",
    "image": "https://www.jumbo.com/dam-images/fit-in/360x360/Products/23112023_1700746391155_1700746410217_8718452665341_1.png",
    "available": true,
    "promoUntil": null
  },
  {
    "id": "512221FLS",
    "title": "Karvan Cévitam Cassis Original Siroop, 600 ml",
    "category": "Frisdrank en sappen",
    "price": 4.29,
    "promoPrice": null,
    "pricePerUnit": "7.15 l",
    "image": "https://www.jumbo.com/dam-images/fit-in/360x360/Products/30042025_1745975254981_1745975260022_512221_FLS_08715700122472_H1N1.png",
    "available": true,
    "promoUntil": null
  },
  {
    "id": "42741PAK",
    "title": "Jumbo Vruchten Gebakjes 6 Stuks",
    "category": "Koek, snoep, chocolade en chips",
    "price": 1.99,
    "promoPrice": null,
    "pricePerUnit": "6.63 kg",
    "image": "https://www.jumbo.com/dam-images/fit-in/360x360/Products/29092023_1695995086808_1695995090070_8718452423576_1.png",
    "available": true,
    "promoUntil": null
  },
  {
    "id": "356627PAK",
    "title": "Jumbo Tortilla Naturel 8 Stuks",
    "category": "Wereldkeukens, kruiden, pasta en rijst",
    "price": 0.94,
    "promoPrice": null,
    "pricePerUnit": "2.94 kg",
    "image": "https://www.jumbo.com/dam-images/fit-in/360x360/Products/16012025_1737016426158_1737016435997_8718452726875_1.png",
    "available": true,
    "promoUntil": null
  },
  {
    "id": "575647STK",
    "title": "Jumbo Goudse Kaas 48+ Jong Plakken 190 g",
    "category": "Vleeswaren, kaas en tapas",
    "price": 2.39,
    "promoPrice": null,
    "pricePerUnit": "12.58 kg",
    "image": "https://www.jumbo.com/dam-images/fit-in/360x360/Products/13112023_1699896782416_1699896790754_8718452695096_1.png",
    "available": true,
    "promoUntil": null
  },
  {
    "id": "681365KGR",
    "title": "Jumbo Makreelflakes Naturel Warm Gerookt ca. 160 g",
    "category": "Vlees, vis en vega",
    "price": 5.27,
    "promoPrice": null,
    "pricePerUnit": "32.95 kg",
    "image": "https://www.jumbo.com/dam-images/fit-in/360x360/Products/14022024_1707873741124_1707873750622_2348955000000_1.png",
    "available": true,
    "promoUntil": null
  },
  {
    "id": "522944CUP",
    "title": "Jumbo Gegrilde Kip Salade 200 g",
    "category": "Vleeswaren, kaas en tapas",
    "price": 2.99,
    "promoPrice": null,
    "pricePerUnit": "14.95 kg",
    "image": "https://www.jumbo.com/dam-images/fit-in/360x360/Products/11122023_1702297983983_1702297989465_8718452665464_1.png",
    "available": true,
    "promoUntil": null
  },
  {
    "id": "640350DS",
    "title": "Lay's Mega Box Multipack Chips 20 Stuks",
    "category": "Koek, snoep, chocolade en chips",
    "price": 7.99,
    "promoPrice": null,
    "pricePerUnit": "7.99 pieces",
    "image": "https://www.jumbo.com/dam-images/fit-in/360x360/Products/04082025_1754307232783_1754307239916_8710398531124_1.png",
    "available": true,
    "promoUntil": null
  },
  {
    "id": "162840PAK",
    "title": "Jumbo Helder Frambozen- en Bosbessen Smaak 1,5 L",
    "category": "Frisdrank en sappen",
    "price": 1.39,
    "promoPrice": null,
    "pricePerUnit": "0.93 l",
    "image": "https://www.jumbo.com/dam-images/fit-in/360x360/Products/07062024_1717767320215_1717767334616_8718452649174_596.png",
    "available": true,
    "promoUntil": null
  },
  {
    "id": "574858ZK",
    "title": "Jumbo Aardappelen Vastkokend 800 g",
    "category": "Aardappelen, groente en fruit",
    "price": 1.89,
    "promoPrice": null,
    "pricePerUnit": "2.36 kg",
    "image": "https://www.jumbo.com/dam-images/fit-in/360x360/Products/05082024_1722872066863_1722872074545_8718452801510_1.png",
    "available": true,
    "promoUntil": null
  },
  {
    "id": "603195TRA",
    "title": "Texels Skuumkoppe 0.0 Bier Fles 6 x 300ml",
    "category": "Bier en wijn",
    "price": 8.99,
    "promoPrice": null,
    "pricePerUnit": "4.99 l",
    "image": "https://www.jumbo.com/dam-images/fit-in/360x360/Products/07012025_1736267695572_1736267701011_8712000061388_1.png",
    "available": true,
    "promoUntil": null
  },
  {
    "id": "508959ZK",
    "title": "Mars Minis chocolade caramel repen uitdeelzak 333g",
    "category": "Koek, snoep, chocolade en chips",
    "price": 4.49,
    "promoPrice": null,
    "pricePerUnit": "13.48 kg",
    "image": "https://www.jumbo.com/dam-images/fit-in/360x360/Products/15052025_1747330435307_1747330464260_5000159558518_596.png",
    "available": true,
    "promoUntil": null
  },
  {
    "id": "160062FLS",
    "title": "Jumbo Verzorgende Handzeep Amandel Navulling 1L",
    "category": "Drogisterij en baby",
    "price": 2.16,
    "promoPrice": null,
    "pricePerUnit": "2.16 l",
    "image": "https://www.jumbo.com/dam-images/fit-in/360x360/Products/10082023_1691674929348_1691674935248_8718452092970_1.png",
    "available": true,
    "promoUntil": null
  },
  {
    "id": "138420FLS",
    "title": "Aperol - Aperitief - 700ML",
    "category": "Bier en wijn",
    "price": 15.49,
    "promoPrice": null,
    "pricePerUnit": "22.13 l",
    "image": "https://www.jumbo.com/dam-images/fit-in/360x360/Products/18062024_1718675692467_1718675703705_138420_FLS_08002230000302_H1N1.png",
    "available": true,
    "promoUntil": null
  },
  {
    "id": "395036ZK",
    "title": "Jumbo Geraspte Kaas Jong Belegen 48+ 175 g",
    "category": "Vleeswaren, kaas en tapas",
    "price": 3.45,
    "promoPrice": null,
    "pricePerUnit": "19.71 kg",
    "image": "https://www.jumbo.com/dam-images/fit-in/360x360/Products/12032025_1741797188250_1741797195034_8718452695157_1.png",
    "available": true,
    "promoUntil": null
  },
  {
    "id": "513237DS",
    "title": "Knorr Wereldgerechten Bobotie Zuid-Afrikaanse 309 g",
    "category": "Wereldkeukens, kruiden, pasta en rijst",
    "price": 4.69,
    "promoPrice": null,
    "pricePerUnit": "15.18 kg",
    "image": "https://www.jumbo.com/dam-images/fit-in/360x360/Products/21082025_1755768842640_1755768850874_8720182061478_1.png",
    "available": true,
    "promoUntil": null
  },
  {
    "id": "26054PAK",
    "title": "Jumbo Koekjes Mix 300 g",
    "category": "Koek, snoep, chocolade en chips",
    "price": 2.99,
    "promoPrice": null,
    "pricePerUnit": "9.97 kg",
    "image": "https://www.jumbo.com/dam-images/fit-in/360x360/Products/21012025_1737487968278_1737487974999_8718452387786_1.png",
    "available": true,
    "promoUntil": null
  },
  {
    "id": "611514TRA",
    "title": "Ontbijtspek Gerookt 150 g",
    "category": "Vleeswaren, kaas en tapas",
    "price": 1.57,
    "promoPrice": null,
    "pricePerUnit": "10.47 kg",
    "image": "https://www.jumbo.com/dam-images/fit-in/360x360/Products/12122024_1734021186382_1734021192072_8710939006463_1.png",
    "available": true,
    "promoUntil": null
  },
  {
    "id": "683021BAK",
    "title": "Jumbo Cocktail Garnalen Naturel 250 g",
    "category": "Vlees, vis en vega",
    "price": 5.99,
    "promoPrice": null,
    "pricePerUnit": "23.96 kg",
    "image": "https://www.jumbo.com/dam-images/fit-in/360x360/Products/29092023_1695995258623_1695995266018_8718452530038_1.png",
    "available": true,
    "promoUntil": null
  },
  {
    "id": "336294ZK",
    "title": "Jumbo Roerbakmix Chinees 400 g",
    "category": "Aardappelen, groente en fruit",
    "price": 2.19,
    "promoPrice": null,
    "pricePerUnit": "5.48 kg",
    "image": "https://www.jumbo.com/dam-images/fit-in/360x360/Products/29072024_1722270917458_1722270928550_8718452785421_1.png",
    "available": true,
    "promoUntil": null
  },
  {
    "id": "185586PAK",
    "title": "Jumbo Mini Crackers Naturel 8 x 5 Stuks",
    "category": "Koek, snoep, chocolade en chips",
    "price": 1.53,
    "promoPrice": null,
    "pricePerUnit": "6.12 kg",
    "image": "https://www.jumbo.com/dam-images/fit-in/360x360/Products/26032025_1742999626701_1742999632026_8718452205929_1.png",
    "available": true,
    "promoUntil": null
  },
  {
    "id": "656957STK",
    "title": "Zandvliet Kip Grillworst 150 g",
    "category": "Vleeswaren, kaas en tapas",
    "price": 1.99,
    "promoPrice": null,
    "pricePerUnit": "13.27 kg",
    "image": "https://www.jumbo.com/dam-images/fit-in/360x360/Products/22042025_1745335948504_1745335957621_87244274_1.png",
    "available": true,
    "promoUntil": null
  },
  {
    "id": "439021POT",
    "title": "Jumbo Snoep / Drop Mix Zoet & Zacht 500 g",
    "category": "Koek, snoep, chocolade en chips",
    "price": 2.79,
    "promoPrice": null,
    "pricePerUnit": "5.58 kg",
    "image": "https://www.jumbo.com/dam-images/fit-in/360x360/Products/18092023_1695052008519_1695052016306_8718452533961_1.png",
    "available": true,
    "promoUntil": null
  },
  {
    "id": "608137KGR",
    "title": "Jumbo Biologische Kipfilet 1 Stuk ca. 200 g",
    "category": "Vlees, vis en vega",
    "price": 5.9,
    "promoPrice": null,
    "pricePerUnit": "29.5 kg",
    "image": "https://www.jumbo.com/dam-images/fit-in/360x360/Products/13122024_1734093174922_1734093180236_2369018000000_1.png",
    "available": true,
    "promoUntil": null
  },
  {
    "id": "354725ZK",
    "title": "Duyvis Tijgernootjes Bacon Kaas Pinda Noten 275 gr",
    "category": "Koek, snoep, chocolade en chips",
    "price": 3.29,
    "promoPrice": null,
    "pricePerUnit": "11.96 kg",
    "image": "https://www.jumbo.com/dam-images/fit-in/360x360/Products/08082025_1754649183957_1754649191235_8710398517487_1.png",
    "available": true,
    "promoUntil": null
  },
  {
    "id": "269300DSL",
    "title": "Jumbo Huiswijn - Droog & Fris - Tempranillo - Syrah - Rosé - 6 x 1 L",
    "category": "Bier en wijn",
    "price": 29.34,
    "promoPrice": null,
    "pricePerUnit": "4.89 l",
    "image": "https://www.jumbo.com/dam-images/fit-in/360x360/Products/269300DSL-1692278691389.png",
    "available": true,
    "promoUntil": null
  },
  {
    "id": "494430ZK",
    "title": "Jumbo Garnalen Knoflook 450 g",
    "category": "Diepvries",
    "price": 7.29,
    "promoPrice": null,
    "pricePerUnit": "16.2 kg",
    "image": "https://www.jumbo.com/dam-images/fit-in/360x360/Products/10082023_1691677259039_1691677274948_8718452581566_1.png",
    "available": true,
    "promoUntil": null
  },
  {
    "id": "395040ZK",
    "title": "Jumbo Geraspte Kaas Belegen 48+ Voordeelverpakking 300 g",
    "category": "Vleeswaren, kaas en tapas",
    "price": 5.89,
    "promoPrice": null,
    "pricePerUnit": "19.63 kg",
    "image": "https://www.jumbo.com/dam-images/fit-in/360x360/Products/12032025_1741797188286_1741797195805_8718452695232_1.png",
    "available": true,
    "promoUntil": null
  },
  {
    "id": "155660ZK",
    "title": "Jumbo Blokjes Jong Kaas 48+ 200 g",
    "category": "Vleeswaren, kaas en tapas",
    "price": 3.69,
    "promoPrice": null,
    "pricePerUnit": "18.45 kg",
    "image": "https://www.jumbo.com/dam-images/fit-in/360x360/Products/155660_8718449018808_1_T7_155660ZK1691391690493.png",
    "available": true,
    "promoUntil": null
  },
  {
    "id": "536550PAK",
    "title": "Grolsch - Citroen Radler - 0.0% Alcoholvrij - Blik - 6 x 330ML",
    "category": "Bier en wijn",
    "price": 6.09,
    "promoPrice": null,
    "pricePerUnit": "3.08 l",
    "image": "https://www.jumbo.com/dam-images/fit-in/360x360/Products/08716700018901H1N1c6ddea83-5eae-40a3-98ee-bddfece1d155-1758094458394.png",
    "available": true,
    "promoUntil": null
  },
  {
    "id": "396198PAK",
    "title": "Jumbo Witte Kaas Plak 200 g",
    "category": "Vleeswaren, kaas en tapas",
    "price": 1.51,
    "promoPrice": null,
    "pricePerUnit": "7.55 kg",
    "image": "https://www.jumbo.com/dam-images/fit-in/360x360/Products/09082023_1691587661253_1691587684531_8718452492879_1.png",
    "available": true,
    "promoUntil": null
  },
  {
    "id": "694129ZK",
    "title": "Jumbo Gekookte Kipreepjes 2 x 100 g",
    "category": "Vleeswaren, kaas en tapas",
    "price": 3.59,
    "promoPrice": null,
    "pricePerUnit": "17.95 kg",
    "image": "https://www.jumbo.com/dam-images/fit-in/360x360/Products/26062025_1750948395352_1750948401212_8718452895755_1.png",
    "available": true,
    "promoUntil": null
  },
  {
    "id": "705283ZK",
    "title": "Jumbo Reuze Rozijnenbollen 4 Stuks",
    "category": "Brood en gebak",
    "price": 2.19,
    "promoPrice": null,
    "pricePerUnit": "0.55 pieces",
    "image": "https://www.jumbo.com/dam-images/fit-in/360x360/Products/26052025_1748277171980_1748277179587_8718452874019_1.png",
    "available": true,
    "promoUntil": null
  },
  {
    "id": "133604DS",
    "title": "Mora Classics Frikandellen 20 x 75 g",
    "category": "Diepvries",
    "price": 6.99,
    "promoPrice": null,
    "pricePerUnit": "4.66 kg",
    "image": "https://www.jumbo.com/dam-images/fit-in/360x360/Products/28062024_1719540537641_1719540550419_133604_DS_08710861993985_C1N1_s04.png",
    "available": true,
    "promoUntil": null
  },
  {
    "id": "79144DSL",
    "title": "Waterval - Chardonnay Colombard 6 x 750 ml",
    "category": "Bier en wijn",
    "price": 31.74,
    "promoPrice": null,
    "pricePerUnit": "7.05 l",
    "image": "https://www.jumbo.com/dam-images/fit-in/360x360/Products/14032025_1741966367721_1741966375020_16001506900598_1.png",
    "available": true,
    "promoUntil": null
  },
  {
    "id": "439772PAK",
    "title": "SPA INTENSE Bruisend Natuurlijk Mineraalwater 6 x 50cl",
    "category": "Frisdrank en sappen",
    "price": 4.21,
    "promoPrice": null,
    "pricePerUnit": "1.4 l",
    "image": "https://www.jumbo.com/dam-images/fit-in/360x360/Products/12122024_1734014744993_1734014751282_5410013116691_1.png",
    "available": true,
    "promoUntil": null
  },
  {
    "id": "591347STK",
    "title": "Jumbo Blokjes Pompoen 400 g",
    "category": "Aardappelen, groente en fruit",
    "price": 3.39,
    "promoPrice": null,
    "pricePerUnit": "8.48 kg",
    "image": "https://www.jumbo.com/dam-images/fit-in/360x360/Products/09072024_1720517666631_1720517674526_8718452776535_1.png",
    "available": true,
    "promoUntil": null
  },
  {
    "id": "612121DS",
    "title": "Desperados Original Bier Fles 12 x 330ml",
    "category": "Bier en wijn",
    "price": 19.59,
    "promoPrice": null,
    "pricePerUnit": "4.95 l",
    "image": "https://www.jumbo.com/dam-images/fit-in/360x360/Products/07012025_1736267695726_1736267703632_8712000061425_1.png",
    "available": true,
    "promoUntil": null
  },
  {
    "id": "213015NET",
    "title": "Jumbo Rode Uien 1 kg",
    "category": "Aardappelen, groente en fruit",
    "price": 1.25,
    "promoPrice": null,
    "pricePerUnit": "1.25 kg",
    "image": "https://www.jumbo.com/dam-images/fit-in/360x360/Products/21112024_1732214220715_1732214231269_8718452357864_1.png",
    "available": true,
    "promoUntil": null
  },
  {
    "id": "659642ZK",
    "title": "Jumbo Vriesverse Frambozen Voordeelverpakking 750 g",
    "category": "Diepvries",
    "price": 5.49,
    "promoPrice": null,
    "pricePerUnit": "7.32 kg",
    "image": "https://www.jumbo.com/dam-images/fit-in/360x360/Products/12122024_1734006796838_1734006814313_8718452888917_596.png",
    "available": true,
    "promoUntil": null
  },
  {
    "id": "535780PAK",
    "title": "Jumbo Bruisend Mineraalwater Citroensmaak 6 x 500ML",
    "category": "Frisdrank en sappen",
    "price": 2.99,
    "promoPrice": null,
    "pricePerUnit": "1.0 l",
    "image": "https://www.jumbo.com/dam-images/fit-in/360x360/Products/18022025_1739896392386_1739896412236_8718452631360_596.png",
    "available": true,
    "promoUntil": null
  },
  {
    "id": "516703STK",
    "title": "Valess Vegetarische Schnitzel Gouda Family Pack 4 Stuks 360 g",
    "category": "Vlees, vis en vega",
    "price": 5.99,
    "promoPrice": null,
    "pricePerUnit": "16.64 kg",
    "image": "https://www.jumbo.com/dam-images/fit-in/360x360/Products/12092025_1757680395905_1757680404160_8710912056690_1.png",
    "available": true,
    "promoUntil": null
  },
  {
    "id": "575506DS",
    "title": "Jumbo Pizzakit met Pizzadeeg en Tomatensaus",
    "category": "Wereldkeukens, kruiden, pasta en rijst",
    "price": 1.78,
    "promoPrice": null,
    "pricePerUnit": "2.97 kg",
    "image": "https://www.jumbo.com/dam-images/fit-in/360x360/Products/29042025_1745937193307_1745937208175_8718452749706_596.png",
    "available": true,
    "promoUntil": null
  },
  {
    "id": "281072BAK",
    "title": "Jumbo Filet Americain Naturel 150 g",
    "category": "Vleeswaren, kaas en tapas",
    "price": 3.69,
    "promoPrice": null,
    "pricePerUnit": "24.6 kg",
    "image": "https://www.jumbo.com/dam-images/fit-in/360x360/Products/29092023_1695995344303_1695995350322_8718452604593_1.png",
    "available": true,
    "promoUntil": null
  },
  {
    "id": "426819CUP",
    "title": "Jumbo Houmous Zongedroogde Tomaat 200 g",
    "category": "Vleeswaren, kaas en tapas",
    "price": 1.39,
    "promoPrice": null,
    "pricePerUnit": "6.95 kg",
    "image": "https://www.jumbo.com/dam-images/fit-in/360x360/Products/22092025_1758555238289_1758555244787_8718452550005_1.png",
    "available": true,
    "promoUntil": null
  },
  {
    "id": "228635BAK",
    "title": "Jumbo Kastanje Champignons 400 g",
    "category": "Aardappelen, groente en fruit",
    "price": 2.55,
    "promoPrice": null,
    "pricePerUnit": "6.38 kg",
    "image": "https://www.jumbo.com/dam-images/fit-in/360x360/Products/15082024_1723739658437_1723739665668_8718452833139_1.png",
    "available": true,
    "promoUntil": null
  },
  {
    "id": "681018TRA",
    "title": "Jumbo Plantaardige Kip Schnitzel Voordeelverpakking 4 Stuks",
    "category": "Vlees, vis en vega",
    "price": 4.0,
    "promoPrice": null,
    "pricePerUnit": "10.0 kg",
    "image": "https://www.jumbo.com/dam-images/fit-in/360x360/Products/23062025_1750703547422_1750703553349_8718452928118_1.png",
    "available": true,
    "promoUntil": null
  },
  {
    "id": "291880BAK",
    "title": "Jumbo Filet Americain Ui 150 g",
    "category": "Vleeswaren, kaas en tapas",
    "price": 3.19,
    "promoPrice": null,
    "pricePerUnit": "21.27 kg",
    "image": "https://www.jumbo.com/dam-images/fit-in/360x360/Products/20112023_1700498044292_1700498058726_8718452604722_1.png",
    "available": true,
    "promoUntil": null
  },
  {
    "id": "487943DSL",
    "title": "Lipton Ice Tea Green Original 8 x 1.5L",
    "category": "Frisdrank en sappen",
    "price": 27.12,
    "promoPrice": 23.05,
    "pricePerUnit": "1.92 l",
    "image": "https://www.jumbo.com/dam-images/fit-in/360x360/Products/07092023_1694098075927_1694098078062_8711327547995_1.png",
    "available": true,
    "promoUntil": "di 7 okt"
  },
  {
    "id": "670182PAK",
    "title": "Lipton Ice Tea Green 4 x 250 ml",
    "category": "Frisdrank en sappen",
    "price": 3.59,
    "promoPrice": null,
    "pricePerUnit": "3.59 l",
    "image": "https://www.jumbo.com/dam-images/fit-in/360x360/Products/08711327573840H1N123f3f6ee-c6cd-48a9-8998-e60ac203137d-1719930405517.png",
    "available": true,
    "promoUntil": null
  },
  {
    "id": "79127FLS",
    "title": "Los Gansos - Chardonnay - 750ML",
    "category": "Bier en wijn",
    "price": 5.99,
    "promoPrice": 4.99,
    "pricePerUnit": "6.65 l",
    "image": "https://www.jumbo.com/dam-images/fit-in/360x360/Products/04062025_1749054768587_1749054772656_7804320369211_1.png",
    "available": true,
    "promoUntil": "di 7 okt"
  },
  {
    "id": "371004STK",
    "title": "Catsan Hygiëne Plus - Kattenbakvulling - 11,5 L",
    "category": "Huishouden en dieren",
    "price": 8.73,
    "promoPrice": null,
    "pricePerUnit": "0.76 l",
    "image": "https://www.jumbo.com/dam-images/fit-in/360x360/Products/02122023_1701498261535_1701498267383_371004_STK_04008429081231_H1N1.png",
    "available": true,
    "promoUntil": null
  },
  {
    "id": "644581PAK",
    "title": "Jumbo Ice Tea Lemon Flavour 1,5 L",
    "category": "Frisdrank en sappen",
    "price": 1.29,
    "promoPrice": null,
    "pricePerUnit": "0.86 l",
    "image": "https://www.jumbo.com/dam-images/fit-in/360x360/Products/10092024_1725975272209_1725975283844_8718452829507_596.png",
    "available": true,
    "promoUntil": null
  },
  {
    "id": "223153BAK",
    "title": "Jumbo Belegen Kaas 30+ Stuk 430 g",
    "category": "Vleeswaren, kaas en tapas",
    "price": 7.15,
    "promoPrice": null,
    "pricePerUnit": "16.63 kg",
    "image": "https://www.jumbo.com/dam-images/fit-in/360x360/Products/03012024_1704300543178_1704300553635_8718452695379_1.png",
    "available": true,
    "promoUntil": null
  },
  {
    "id": "674459FLS",
    "title": "Jumbo Fruitsiroop Grenadine met Appel 0% Suiker toegevoegd 750ML",
    "category": "Frisdrank en sappen",
    "price": 2.99,
    "promoPrice": null,
    "pricePerUnit": "3.99 l",
    "image": "https://www.jumbo.com/dam-images/fit-in/360x360/Products/25042025_1745580811764_1745580815661_8718452889198_1.png",
    "available": true,
    "promoUntil": null
  },
  {
    "id": "664990PAK",
    "title": "Jumbo Boerencake 700 g",
    "category": "Koek, snoep, chocolade en chips",
    "price": 2.33,
    "promoPrice": null,
    "pricePerUnit": "3.33 kg",
    "image": "https://www.jumbo.com/dam-images/fit-in/360x360/Products/8718452862313T11313c795-c7bd-4e9c-a444-2f42f1ac0cb1-1751290896943.png",
    "available": true,
    "promoUntil": null
  },
  {
    "id": "641931STK",
    "title": "Jumbo Roomboter-Appeltaart Klein - 600g",
    "category": "Brood en gebak",
    "price": 4.79,
    "promoPrice": null,
    "pricePerUnit": "4.79 pieces",
    "image": "https://www.jumbo.com/dam-images/fit-in/360x360/Products/09092025_1757410418571_1757410449667_8718452871728_9.png",
    "available": true,
    "promoUntil": null
  },
  {
    "id": "486977FLS",
    "title": "Lipton Ice Tea Green Zero Sugar 1,5 L",
    "category": "Frisdrank en sappen",
    "price": 3.69,
    "promoPrice": null,
    "pricePerUnit": "2.46 l",
    "image": "https://www.jumbo.com/dam-images/fit-in/360x360/Products/20082025_1755656464167_1755656499590_486977_FLS_08711327550926_H1N1.png",
    "available": true,
    "promoUntil": null
  },
  {
    "id": "306027DS",
    "title": "Jumbo Frambozen 250 g",
    "category": "Aardappelen, groente en fruit",
    "price": 4.89,
    "promoPrice": null,
    "pricePerUnit": "19.56 kg",
    "image": "https://www.jumbo.com/dam-images/fit-in/360x360/Products/29092023_1695994872711_1695994876049_8718452117819_1.png",
    "available": true,
    "promoUntil": null
  },
  {
    "id": "447824FLS",
    "title": "Jumbo Allesreiniger Eucalyptus 1,25 L",
    "category": "Huishouden en dieren",
    "price": 0.75,
    "promoPrice": null,
    "pricePerUnit": "0.6 l",
    "image": "https://www.jumbo.com/dam-images/fit-in/360x360/Products/09082023_1691589290798_1691589295821_8718452564927_1.png",
    "available": true,
    "promoUntil": null
  },
  {
    "id": "188368DSL",
    "title": "B'tween BIG Mueslireep Melkchocolade 24 x 50 g",
    "category": "Koek, snoep, chocolade en chips",
    "price": 33.36,
    "promoPrice": null,
    "pricePerUnit": "27.8 kg",
    "image": "https://www.jumbo.com/dam-images/fit-in/360x360/Products/23052025_1748014408424_1748014419878_8713500188476_1.png",
    "available": true,
    "promoUntil": null
  },
  {
    "id": "655491STK",
    "title": "Jumbo Ontbijtspek 140g",
    "category": "Vleeswaren, kaas en tapas",
    "price": 2.55,
    "promoPrice": null,
    "pricePerUnit": "18.21 kg",
    "image": "https://www.jumbo.com/dam-images/fit-in/360x360/Products/13112024_1731515619938_1731515626617_8718452862467_1.png",
    "available": true,
    "promoUntil": null
  },
  {
    "id": "701081KGR",
    "title": "Jumbo Ossenworst ca. 115 g",
    "category": "Vleeswaren, kaas en tapas",
    "price": 3.0,
    "promoPrice": null,
    "pricePerUnit": "25.0 kg",
    "image": "https://www.jumbo.com/dam-images/fit-in/360x360/Products/12122024_1734014704727_1734014714731_2335997000000_1.png",
    "available": true,
    "promoUntil": null
  },
  {
    "id": "498380PAK",
    "title": "DubbelFrisss Appel - Perzik 1,5L",
    "category": "Frisdrank en sappen",
    "price": 2.89,
    "promoPrice": null,
    "pricePerUnit": "1.93 l",
    "image": "https://www.jumbo.com/dam-images/fit-in/360x360/Products/26052025_1748277172271_1748277189709_8720157467472_1.png",
    "available": true,
    "promoUntil": null
  },
  {
    "id": "688528ZK",
    "title": "Finish Ultimate Regular Vaatwastabletten 44 Capsules",
    "category": "Huishouden en dieren",
    "price": 25.59,
    "promoPrice": null,
    "pricePerUnit": "0.58 pieces",
    "image": "https://www.jumbo.com/dam-images/fit-in/360x360/Products/10072025_1752111094909_1752111098574_688528_ZK_08720065008781_A1N1.png",
    "available": true,
    "promoUntil": null
  },
  {
    "id": "647606POT",
    "title": "Jumbo's Bolognese Pastasaus 500 g",
    "category": "Wereldkeukens, kruiden, pasta en rijst",
    "price": 3.69,
    "promoPrice": null,
    "pricePerUnit": "7.38 kg",
    "image": "https://www.jumbo.com/dam-images/fit-in/360x360/Products/12122024_1734003203922_1734003211690_8718452870974_1.png",
    "available": true,
    "promoUntil": null
  },
  {
    "id": "639285STK",
    "title": "Jumbo Gesneden Spitskool 400 g",
    "category": "Aardappelen, groente en fruit",
    "price": 2.15,
    "promoPrice": null,
    "pricePerUnit": "5.38 kg",
    "image": "https://www.jumbo.com/dam-images/fit-in/360x360/Products/07022025_1738956793807_1738956799568_8718452789764_1.png",
    "available": true,
    "promoUntil": null
  },
  {
    "id": "573889DS",
    "title": "Jumbo Pedaalemmerzakken met Handvat 25 L 50 Stuks",
    "category": "Huishouden en dieren",
    "price": 1.29,
    "promoPrice": null,
    "pricePerUnit": "0.03 pieces",
    "image": "https://www.jumbo.com/dam-images/fit-in/360x360/Products/19012024_1705667657353_1705667669038_8718452751921_1.png",
    "available": true,
    "promoUntil": null
  },
  {
    "id": "717134PAK",
    "title": "Grolsch - Krachtig Kanon - Fles - 6 x 300ML",
    "category": "Bier en wijn",
    "price": 8.99,
    "promoPrice": null,
    "pricePerUnit": "4.99 l",
    "image": "https://www.jumbo.com/dam-images/fit-in/360x360/Products/08716700009244H1N1bd3d9a48-7d1b-412e-86b7-0b716c3f5604-1758097499916.png",
    "available": true,
    "promoUntil": null
  },
  {
    "id": "662778PAK",
    "title": "Jumbo Vochtige Toetendoekjes Lotion 40 Stuks",
    "category": "Drogisterij en baby",
    "price": 1.39,
    "promoPrice": null,
    "pricePerUnit": "0.03 pieces",
    "image": "https://www.jumbo.com/dam-images/fit-in/360x360/Products/14022025_1739539722899_1739539730076_8718452816491_596.png",
    "available": true,
    "promoUntil": null
  },
  {
    "id": "601717STK",
    "title": "Jumbo Pedaalemmerzakken met Trekband 35 L 20 Stuks",
    "category": "Huishouden en dieren",
    "price": 2.25,
    "promoPrice": null,
    "pricePerUnit": "0.11 pieces",
    "image": "https://www.jumbo.com/dam-images/fit-in/360x360/Products/18022025_1739896393568_1739896402198_8718452758739_596.png",
    "available": true,
    "promoUntil": null
  },
  {
    "id": "674451FLS",
    "title": "Jumbo Fruitsiroop Aardbei met Appel 750ML",
    "category": "Frisdrank en sappen",
    "price": 3.49,
    "promoPrice": null,
    "pricePerUnit": "4.65 l",
    "image": "https://www.jumbo.com/dam-images/fit-in/360x360/Products/09072025_1752046390793_1752046401145_8718452889112_596.png",
    "available": true,
    "promoUntil": null
  },
  {
    "id": "76296BAK",
    "title": "Johma Kip-Sambasalade 175 g",
    "category": "Vleeswaren, kaas en tapas",
    "price": 3.15,
    "promoPrice": null,
    "pricePerUnit": "18.0 kg",
    "image": "https://www.jumbo.com/dam-images/fit-in/360x360/Products/30072025_1753838785696_1753838796764_76296_BAK_08710506038125_C1N1.png",
    "available": true,
    "promoUntil": null
  },
  {
    "id": "429185FLS",
    "title": "Rivella Original Fles 1L",
    "category": "Frisdrank en sappen",
    "price": 2.49,
    "promoPrice": null,
    "pricePerUnit": "2.49 l",
    "image": "https://www.jumbo.com/dam-images/fit-in/360x360/Products/15122023_1702611475373_1702611481490_429185_FLS_08715600243444_C1N1.png",
    "available": true,
    "promoUntil": null
  },
  {
    "id": "212157STK",
    "title": "Jumbo Roosjesbloemkool 400 g",
    "category": "Aardappelen, groente en fruit",
    "price": 2.59,
    "promoPrice": null,
    "pricePerUnit": "6.48 kg",
    "image": "https://www.jumbo.com/dam-images/fit-in/360x360/Products/05062024_1717601667270_1717601675390_8718452789719_1.png",
    "available": true,
    "promoUntil": null
  },
  {
    "id": "544360BLS",
    "title": "Jumbo Toiletblok Ocean 2 Stuks",
    "category": "Huishouden en dieren",
    "price": 1.85,
    "promoPrice": null,
    "pricePerUnit": "0.93 pieces",
    "image": "https://www.jumbo.com/dam-images/fit-in/360x360/Products/10082023_1691677957777_1691677962983_8718452647521_1.png",
    "available": true,
    "promoUntil": null
  },
  {
    "id": "439988FLS",
    "title": "Slimpie Sinaasappel Siroop 650 ml",
    "category": "Frisdrank en sappen",
    "price": 3.49,
    "promoPrice": null,
    "pricePerUnit": "5.37 l",
    "image": "https://www.jumbo.com/dam-images/fit-in/360x360/Products/06062024_1717643800449_1717643814637_439988_FLS_08719214811136_H1N1.png",
    "available": true,
    "promoUntil": null
  },
  {
    "id": "539066TRL",
    "title": "Bullit Energy Drink Tray - 24 x 250ml",
    "category": "Frisdrank en sappen",
    "price": 23.49,
    "promoPrice": null,
    "pricePerUnit": "3.92 l",
    "image": "https://www.jumbo.com/dam-images/fit-in/360x360/Products/25032024_1711381691100_1711381699362_9008703000847_1.png",
    "available": true,
    "promoUntil": null
  },
  {
    "id": "694889PAK",
    "title": "Jumbo Vitamine Drink  Zero Sugar Mango- & Guavesmaak 6 x 500ML",
    "category": "Frisdrank en sappen",
    "price": 3.79,
    "promoPrice": null,
    "pricePerUnit": "1.26 l",
    "image": "https://www.jumbo.com/dam-images/fit-in/360x360/Products/16072025_1752690824508_1752690831626_8718452904259_1.png",
    "available": true,
    "promoUntil": null
  },
  {
    "id": "12184FLS",
    "title": "Grand Sud - Merlot - Rosé - 1L",
    "category": "Bier en wijn",
    "price": 5.99,
    "promoPrice": null,
    "pricePerUnit": "5.99 l",
    "image": "https://www.jumbo.com/dam-images/fit-in/360x360/Products/10082023_1691675067683_1691675096191_3263280102179_1.png",
    "available": true,
    "promoUntil": null
  },
  {
    "id": "575883STK",
    "title": "Jumbo Goudse Kaas 48+ Stuk Oud 450 g",
    "category": "Vleeswaren, kaas en tapas",
    "price": 5.72,
    "promoPrice": null,
    "pricePerUnit": "12.71 kg",
    "image": "https://www.jumbo.com/dam-images/fit-in/360x360/Products/14112023_1699975989959_1699976003432_8718452695348_1.png",
    "available": true,
    "promoUntil": null
  },
  {
    "id": "428477FLS",
    "title": "Fanta Orange 1 L",
    "category": "Frisdrank en sappen",
    "price": 2.39,
    "promoPrice": null,
    "pricePerUnit": "2.39 l",
    "image": "https://www.jumbo.com/dam-images/fit-in/360x360/Products/15022025_1739590133562_1739590140415_428477_FLS_05000112646122_H1N1.png",
    "available": true,
    "promoUntil": null
  },
  {
    "id": "151700PAK",
    "title": "Jumbo Pizza 4 Kazen 340 g",
    "category": "Diepvries",
    "price": 2.49,
    "promoPrice": null,
    "pricePerUnit": "7.32 kg",
    "image": "https://www.jumbo.com/dam-images/fit-in/360x360/Products/10052024_1715351654951_1715351689839_8718452795529_596.png",
    "available": true,
    "promoUntil": null
  },
  {
    "id": "300145STK",
    "title": "Jumbo - Grof Volkoren",
    "category": "Brood en gebak",
    "price": 1.65,
    "promoPrice": null,
    "pricePerUnit": "2.06 kg",
    "image": "https://www.jumbo.com/dam-images/fit-in/360x360/Products/22042024_1713800058494_1713800063529_8718452670499_1.png",
    "available": true,
    "promoUntil": null
  },
  {
    "id": "681224TRA",
    "title": "Jumbo Hout Gerookte Zalmblokjes 140 g",
    "category": "Vlees, vis en vega",
    "price": 6.78,
    "promoPrice": null,
    "pricePerUnit": "48.43 kg",
    "image": "https://www.jumbo.com/dam-images/fit-in/360x360/Products/29092023_1695995408394_1695995419598_8718452530298_1.png",
    "available": true,
    "promoUntil": null
  },
  {
    "id": "618267DS",
    "title": "Jumbo Ananas 175 g",
    "category": "Aardappelen, groente en fruit",
    "price": 2.45,
    "promoPrice": null,
    "pricePerUnit": "14.0 kg",
    "image": "https://www.jumbo.com/dam-images/fit-in/360x360/Products/30042024_1714463411696_1714463417183_8718452835539_1.png",
    "available": true,
    "promoUntil": null
  },
  {
    "id": "641035KGR",
    "title": "Jumbo Kipgrillworst Hot ca. 130 g",
    "category": "Vleeswaren, kaas en tapas",
    "price": 2.85,
    "promoPrice": null,
    "pricePerUnit": "21.95 kg",
    "image": "https://www.jumbo.com/dam-images/fit-in/360x360/Products/16122024_1734366816310_1734366825257_2369271000000_1.png",
    "available": true,
    "promoUntil": null
  },
  {
    "id": "539105PAK",
    "title": "Dors - Premium Pilsener - Blik - 6 x 330ML",
    "category": "Bier en wijn",
    "price": 2.66,
    "promoPrice": null,
    "pricePerUnit": "1.34 l",
    "image": "https://www.jumbo.com/dam-images/fit-in/360x360/Products/14022024_1707873856686_1707873873356_8718452653669_596.png",
    "available": true,
    "promoUntil": null
  },
  {
    "id": "220714PAK",
    "title": "Jumbo Original Mie Nestjes 500 g",
    "category": "Wereldkeukens, kruiden, pasta en rijst",
    "price": 1.19,
    "promoPrice": null,
    "pricePerUnit": "2.38 kg",
    "image": "https://www.jumbo.com/dam-images/fit-in/360x360/Products/14022024_1707872788640_1707872793893_8718452667321_1.png",
    "available": true,
    "promoUntil": null
  },
  {
    "id": "588358PAK",
    "title": "Jumbo Ecologisch Toiletpapier 3 Laags 8 Rollen",
    "category": "Huishouden en dieren",
    "price": 3.53,
    "promoPrice": null,
    "pricePerUnit": "0.44 pieces",
    "image": "https://www.jumbo.com/dam-images/fit-in/360x360/Products/03062024_1717432514926_1717432518897_8718452723355_1.png",
    "available": true,
    "promoUntil": null
  },
  {
    "id": "533237PAK",
    "title": "Fanta Lemon zero sugar 4 x 250 ml",
    "category": "Frisdrank en sappen",
    "price": 3.25,
    "promoPrice": null,
    "pricePerUnit": "3.25 l",
    "image": "https://www.jumbo.com/dam-images/fit-in/360x360/Products/08012024_1704713584768_1704713594094_5000112659382_1.png",
    "available": true,
    "promoUntil": null
  },
  {
    "id": "638177KGR",
    "title": "Jumbo Snijworst ca. 115 g",
    "category": "Vleeswaren, kaas en tapas",
    "price": 2.5,
    "promoPrice": null,
    "pricePerUnit": "21.74 kg",
    "image": "https://www.jumbo.com/dam-images/fit-in/360x360/Products/19082024_1724077999237_1724078008071_2369204000000_1.png",
    "available": true,
    "promoUntil": null
  },
  {
    "id": "654483STK",
    "title": "Jumbo Elzasser Cervelaat 165 g",
    "category": "Vleeswaren, kaas en tapas",
    "price": 2.95,
    "promoPrice": null,
    "pricePerUnit": "17.88 kg",
    "image": "https://www.jumbo.com/dam-images/fit-in/360x360/Products/23122024_1734949995940_1734950005583_8718452862429_1.png",
    "available": true,
    "promoUntil": null
  },
  {
    "id": "656958STK",
    "title": "Zandvliet Gerookte Kipfilet 250 g",
    "category": "Vleeswaren, kaas en tapas",
    "price": 3.18,
    "promoPrice": null,
    "pricePerUnit": "12.72 kg",
    "image": "https://www.jumbo.com/dam-images/fit-in/360x360/Products/22042025_1745335948687_1745335958846_8724400004599_1.png",
    "available": true,
    "promoUntil": null
  },
  {
    "id": "656338STK",
    "title": "Jumbo Leverworst 200g",
    "category": "Vleeswaren, kaas en tapas",
    "price": 2.65,
    "promoPrice": null,
    "pricePerUnit": "13.25 kg",
    "image": "https://www.jumbo.com/dam-images/fit-in/360x360/Products/13112024_1731515620293_1731515627153_8718452862283_1.png",
    "available": true,
    "promoUntil": null
  },
  {
    "id": "553393PAK",
    "title": "Fanta Orange zero sugar 12 x 330 ml",
    "category": "Frisdrank en sappen",
    "price": 10.8,
    "promoPrice": null,
    "pricePerUnit": "2.73 l",
    "image": "https://www.jumbo.com/dam-images/fit-in/360x360/Products/11012024_1704983644894_1704983651492_5000112504859_1.png",
    "available": true,
    "promoUntil": null
  },
  {
    "id": "655553STK",
    "title": "Jumbo Malse Ossenworst 120g",
    "category": "Vleeswaren, kaas en tapas",
    "price": 2.99,
    "promoPrice": null,
    "pricePerUnit": "24.92 kg",
    "image": "https://www.jumbo.com/dam-images/fit-in/360x360/Products/13112024_1731515620082_1731515628993_8718452875504_1.png",
    "available": true,
    "promoUntil": null
  },
  {
    "id": "507438KP",
    "title": "Eru Prestige Extra Gerijpt 100 g",
    "category": "Vleeswaren, kaas en tapas",
    "price": 2.19,
    "promoPrice": null,
    "pricePerUnit": "21.9 kg",
    "image": "https://www.jumbo.com/dam-images/fit-in/360x360/Products/17062025_1750122530976_1750122533653_507438_KP_00000087187717_A1N1.png",
    "available": true,
    "promoUntil": null
  },
  {
    "id": "26219PAK",
    "title": "Jumbo Wafels Frou Frou met Vanillesmaak 175 g",
    "category": "Koek, snoep, chocolade en chips",
    "price": 1.49,
    "promoPrice": null,
    "pricePerUnit": "8.51 kg",
    "image": "https://www.jumbo.com/dam-images/fit-in/360x360/Products/29092023_1695995013220_1695995016419_8718452396672_1.png",
    "available": true,
    "promoUntil": null
  },
  {
    "id": "180726ZK",
    "title": "Jumbo Patat Frites 1kg",
    "category": "Diepvries",
    "price": 1.65,
    "promoPrice": null,
    "pricePerUnit": "1.65 kg",
    "image": "https://www.jumbo.com/dam-images/fit-in/360x360/Products/29092023_1695995098454_1695995104753_8718452295104_1.png",
    "available": true,
    "promoUntil": null
  },
  {
    "id": "551507ZK",
    "title": "Jumbo Extra Zacht & Sterk 4-Laags Toiletpapier 4 Rollen",
    "category": "Huishouden en dieren",
    "price": 2.03,
    "promoPrice": null,
    "pricePerUnit": "0.51 pieces",
    "image": "https://www.jumbo.com/dam-images/fit-in/360x360/Products/09082023_1691595580726_1691595594287_8718452717293_1.png",
    "available": true,
    "promoUntil": null
  },
  {
    "id": "677614STK",
    "title": "Pampers Baby-Dry Maat 6, 68 Luiers",
    "category": "Drogisterij en baby",
    "price": 41.1,
    "promoPrice": null,
    "pricePerUnit": "0.6 pieces",
    "image": "https://www.jumbo.com/dam-images/fit-in/360x360/Products/14082025_1755196423706_1755196428835_8700216812436_1.png",
    "available": true,
    "promoUntil": null
  },
  {
    "id": "610619STK",
    "title": "Jumbo Grillham 125 g",
    "category": "Vleeswaren, kaas en tapas",
    "price": 2.89,
    "promoPrice": null,
    "pricePerUnit": "23.12 kg",
    "image": "https://www.jumbo.com/dam-images/fit-in/360x360/Products/12122024_1734014664340_1734014673972_8718452689125_1.png",
    "available": true,
    "promoUntil": null
  },
  {
    "id": "641388KGR",
    "title": "Jumbo Grillgehakt ca. 130 g",
    "category": "Vleeswaren, kaas en tapas",
    "price": 3.24,
    "promoPrice": null,
    "pricePerUnit": "24.9 kg",
    "image": "https://www.jumbo.com/dam-images/fit-in/360x360/Products/12122024_1734014602276_1734014610779_2378343000000_1.png",
    "available": true,
    "promoUntil": null
  },
  {
    "id": "588986ZK",
    "title": "Jumbo Geraspte Mozzarella 40+ 150 g",
    "category": "Vleeswaren, kaas en tapas",
    "price": 2.79,
    "promoPrice": null,
    "pricePerUnit": "18.6 kg",
    "image": "https://www.jumbo.com/dam-images/fit-in/360x360/Products/14022024_1707873797137_1707873807091_8718452749775_1.png",
    "available": true,
    "promoUntil": null
  },
  {
    "id": "670327FLS",
    "title": "Jumbo Cola Cafeïnevrij Zero Sugar 1,5 L",
    "category": "Frisdrank en sappen",
    "price": 1.29,
    "promoPrice": null,
    "pricePerUnit": "0.86 l",
    "image": "https://www.jumbo.com/dam-images/fit-in/360x360/Products/22042025_1745328768034_1745328776359_8718452902903_596.png",
    "available": true,
    "promoUntil": null
  },
  {
    "id": "208727BAK",
    "title": "Jumbo Bami Goreng 260 g",
    "category": "Wereldkeukens, kruiden, pasta en rijst",
    "price": 2.95,
    "promoPrice": null,
    "pricePerUnit": "11.35 kg",
    "image": "https://www.jumbo.com/dam-images/fit-in/360x360/Products/14022024_1707873856517_1707873866840_8718452674565_1.png",
    "available": true,
    "promoUntil": null
  },
  {
    "id": "395038ZK",
    "title": "Jumbo Geraspte Kaas Jong Belegen 30+ 150 g",
    "category": "Vleeswaren, kaas en tapas",
    "price": 2.99,
    "promoPrice": null,
    "pricePerUnit": "19.93 kg",
    "image": "https://www.jumbo.com/dam-images/fit-in/360x360/Products/11032025_1741699988016_1741699995092_8718452695294_1.png",
    "available": true,
    "promoUntil": null
  },
  {
    "id": "685691KGR",
    "title": "Jumbo Sparerib Classic Varken ca. 745 g",
    "category": "Vlees, vis en vega",
    "price": 10.63,
    "promoPrice": null,
    "pricePerUnit": "13.8 kg",
    "image": "https://www.jumbo.com/dam-images/fit-in/360x360/Products/30012025_1738254790541_1738254795946_2369031000000_1.png",
    "available": true,
    "promoUntil": null
  },
  {
    "id": "469612STK",
    "title": "Vers Aan Tafel Bami Goreng Speciaal met Kip in Satésaus 550 g",
    "category": "Verse maaltijden en gemak",
    "price": 5.99,
    "promoPrice": null,
    "pricePerUnit": "10.89 kg",
    "image": "https://www.jumbo.com/dam-images/fit-in/360x360/Products/14022024_1707873857620_1707873868864_8717568249315_1.png",
    "available": true,
    "promoUntil": null
  },
  {
    "id": "595137DS",
    "title": "Jumbo Kaassoufflés Airfryer & Oven 4 Stuks",
    "category": "Diepvries",
    "price": 3.29,
    "promoPrice": null,
    "pricePerUnit": "11.75 kg",
    "image": "https://www.jumbo.com/dam-images/fit-in/360x360/Products/16042025_1744817609737_1744817626825_8718452789290_596.png",
    "available": true,
    "promoUntil": null
  },
  {
    "id": "474844DSL",
    "title": "Neutral Vloeibaar Wasmiddel Kleur 6 x 20 wasbeurten",
    "category": "Huishouden en dieren",
    "price": 52.14,
    "promoPrice": 36.49,
    "pricePerUnit": "0.43 wb",
    "image": "https://www.jumbo.com/dam-images/fit-in/360x360/Products/12122024_1734014940004_1734014947829_8720181212734_1.png",
    "available": true,
    "promoUntil": "di 7 okt"
  },
  {
    "id": "554490ZK",
    "title": "Jumbo Engelse Drop Zacht & Zoet 600 g",
    "category": "Koek, snoep, chocolade en chips",
    "price": 1.31,
    "promoPrice": null,
    "pricePerUnit": "2.18 kg",
    "image": "https://www.jumbo.com/dam-images/fit-in/360x360/Products/14022024_1707872891930_1707872902722_8718452534067_1.png",
    "available": true,
    "promoUntil": null
  },
  {
    "id": "681930ZK",
    "title": "M&M'S Pinda chocolade snoepjes partyzak 800g",
    "category": "Koek, snoep, chocolade en chips",
    "price": 10.49,
    "promoPrice": null,
    "pricePerUnit": "13.11 kg",
    "image": "https://www.jumbo.com/dam-images/fit-in/360x360/Products/15052025_1747330437420_1747330469840_5000159571135_596.png",
    "available": true,
    "promoUntil": null
  },
  {
    "id": "554730TRA",
    "title": "Jumbo Extra Belegen Plakken 48+ 190 g",
    "category": "Vleeswaren, kaas en tapas",
    "price": 3.49,
    "promoPrice": null,
    "pricePerUnit": "18.37 kg",
    "image": "https://www.jumbo.com/dam-images/fit-in/360x360/Products/14022024_1707873027778_1707873035923_8718452708994_1.png",
    "available": true,
    "promoUntil": null
  },
  {
    "id": "670184PAK",
    "title": "Lipton Ice Tea Green Zero 4 x 250 ml",
    "category": "Frisdrank en sappen",
    "price": 3.59,
    "promoPrice": null,
    "pricePerUnit": "3.59 l",
    "image": "https://www.jumbo.com/dam-images/fit-in/360x360/Products/06032025_1741275176472_1741275183624_8711327641839_1.png",
    "available": true,
    "promoUntil": null
  },
  {
    "id": "638958DS",
    "title": "Jumbo Soeppakket Groentesoep 4-6 Personen",
    "category": "Verse maaltijden en gemak",
    "price": 4.89,
    "promoPrice": 2.99,
    "pricePerUnit": "3.78 kg",
    "image": "https://www.jumbo.com/dam-images/fit-in/360x360/Products/03102024_1727955274914_1727955290304_8718452839490_1.png",
    "available": true,
    "promoUntil": "di 30 sep"
  },
  {
    "id": "601715PAK",
    "title": "Jumbo Green Ice Tea Zero Sugar Mango 1,5 L",
    "category": "Frisdrank en sappen",
    "price": 1.49,
    "promoPrice": null,
    "pricePerUnit": "0.99 l",
    "image": "https://www.jumbo.com/dam-images/fit-in/360x360/Products/03042024_1712136908462_1712136922205_8718452788408_596.png",
    "available": true,
    "promoUntil": null
  },
  {
    "id": "701080KGR",
    "title": "Jumbo Pepercervelaat ca. 125 g",
    "category": "Vleeswaren, kaas en tapas",
    "price": 3.0,
    "promoPrice": null,
    "pricePerUnit": "26.09 kg",
    "image": "https://www.jumbo.com/dam-images/fit-in/360x360/Products/30062025_1751290367259_1751290376321_2369393000000_1.png",
    "available": true,
    "promoUntil": null
  },
  {
    "id": "441721PAK",
    "title": "Jumbo Appelsap 10 x 200ML",
    "category": "Frisdrank en sappen",
    "price": 2.95,
    "promoPrice": null,
    "pricePerUnit": "1.48 l",
    "image": "https://www.jumbo.com/dam-images/fit-in/360x360/Products/21112023_1700580789172_1700580804959_8718452648979_1.png",
    "available": true,
    "promoUntil": null
  },
  {
    "id": "512205FLS",
    "title": "Karvan Cévitam Tropical Original Siroop, 600 ml",
    "category": "Frisdrank en sappen",
    "price": 4.29,
    "promoPrice": null,
    "pricePerUnit": "7.15 l",
    "image": "https://www.jumbo.com/dam-images/fit-in/360x360/Products/25042025_1745546767873_1745546774149_512205_FLS_08715700122397_H1N1.png",
    "available": true,
    "promoUntil": null
  },
  {
    "id": "513778TRA",
    "title": "Garden Gourmet Lightly Roasted Pieces 175 g",
    "category": "Vlees, vis en vega",
    "price": 3.29,
    "promoPrice": null,
    "pricePerUnit": "18.8 kg",
    "image": "https://www.jumbo.com/dam-images/fit-in/360x360/Products/11092025_1757588674684_1757588696235_7613039945193_596.png",
    "available": true,
    "promoUntil": null
  },
  {
    "id": "217445PAK",
    "title": "Klein Vriend - Pinotage - 3 L",
    "category": "Bier en wijn",
    "price": 10.49,
    "promoPrice": null,
    "pricePerUnit": "3.5 l",
    "image": "https://www.jumbo.com/dam-images/fit-in/360x360/Products/09082023_1691586653972_1691586667305_4041584003199_1.png",
    "available": true,
    "promoUntil": null
  },
  {
    "id": "708513ZK",
    "title": "Jumbo Naturel Poffertjes 415 g",
    "category": "Verse maaltijden en gemak",
    "price": 2.17,
    "promoPrice": null,
    "pricePerUnit": "5.23 kg",
    "image": "https://www.jumbo.com/dam-images/fit-in/360x360/Products/17102024_1729161189229_1729161199813_8718452844425_1.png",
    "available": true,
    "promoUntil": null
  },
  {
    "id": "157438PAK",
    "title": "Liefmans - Fruitesse - Fles - 4 x 250ML",
    "category": "Bier en wijn",
    "price": 6.49,
    "promoPrice": null,
    "pricePerUnit": "6.49 l",
    "image": "https://www.jumbo.com/dam-images/fit-in/360x360/Products/09082023_1691588094768_1691588161380_5411686700712_1.png",
    "available": true,
    "promoUntil": null
  },
  {
    "id": "205809STK",
    "title": "Lotus Biscoff speculoos koek 250 g",
    "category": "Koek, snoep, chocolade en chips",
    "price": 1.87,
    "promoPrice": null,
    "pricePerUnit": "7.48 kg",
    "image": "https://www.jumbo.com/dam-images/fit-in/360x360/Products/19092025_1758248621488_1758248623516_205809_STK_05410126006025_C1N1.png",
    "available": true,
    "promoUntil": null
  },
  {
    "id": "682844STK",
    "title": "Echte Enkhuizer Jodekoek Original 298 g",
    "category": "Koek, snoep, chocolade en chips",
    "price": 2.27,
    "promoPrice": null,
    "pricePerUnit": "7.62 kg",
    "image": "https://www.jumbo.com/dam-images/fit-in/360x360/Products/28052025_1748424768625_1748424772353_8710434301032_1.png",
    "available": true,
    "promoUntil": null
  },
  {
    "id": "654486STK",
    "title": "Jumbo Katenspek Gerookt 160g",
    "category": "Vleeswaren, kaas en tapas",
    "price": 2.65,
    "promoPrice": null,
    "pricePerUnit": "16.56 kg",
    "image": "https://www.jumbo.com/dam-images/fit-in/360x360/Products/13112024_1731515619715_1731515627674_8718452862443_1.png",
    "available": true,
    "promoUntil": null
  },
  {
    "id": "533213PAK",
    "title": "Coca-Cola Zero Sugar 8 x 250 ml",
    "category": "Frisdrank en sappen",
    "price": 5.99,
    "promoPrice": null,
    "pricePerUnit": "3.0 l",
    "image": "https://www.jumbo.com/dam-images/fit-in/360x360/Products/09082023_1691594295755_1691594300390_5000112658958_1.png",
    "available": true,
    "promoUntil": null
  },
  {
    "id": "622763ZK",
    "title": "Jumbo Wortelen 500 g",
    "category": "Aardappelen, groente en fruit",
    "price": 1.09,
    "promoPrice": null,
    "pricePerUnit": "2.18 kg",
    "image": "https://www.jumbo.com/dam-images/fit-in/360x360/Products/12062025_1749742492997_1749742498565_8718452788644_1.png",
    "available": true,
    "promoUntil": null
  },
  {
    "id": "577228PAK",
    "title": "7UP Zero Sugar Refreshing Lemon & Lime Taste 4 x 1,5 L",
    "category": "Frisdrank en sappen",
    "price": 10.59,
    "promoPrice": null,
    "pricePerUnit": "1.77 l",
    "image": "https://www.jumbo.com/dam-images/fit-in/360x360/Products/25032024_1711381636087_1711381643179_8715600248333_596.png",
    "available": true,
    "promoUntil": null
  },
  {
    "id": "640586KGR",
    "title": "Jumbo Grillham ca. 110 g",
    "category": "Vleeswaren, kaas en tapas",
    "price": 3.0,
    "promoPrice": null,
    "pricePerUnit": "27.27 kg",
    "image": "https://www.jumbo.com/dam-images/fit-in/360x360/Products/12122024_1734014885637_1734014890344_2322615000000_1.png",
    "available": true,
    "promoUntil": null
  },
  {
    "id": "186071PAK",
    "title": "Jumbo Stroopwafels met Honing 365 g",
    "category": "Koek, snoep, chocolade en chips",
    "price": 2.79,
    "promoPrice": null,
    "pricePerUnit": "7.64 kg",
    "image": "https://www.jumbo.com/dam-images/fit-in/360x360/Products/29092023_1695995015156_1695995025088_8718452381357_1.png",
    "available": true,
    "promoUntil": null
  },
  {
    "id": "215516BAK",
    "title": "Jumbo Naturel Pannenkoeken 8 Stuks",
    "category": "Verse maaltijden en gemak",
    "price": 2.55,
    "promoPrice": null,
    "pricePerUnit": "4.25 kg",
    "image": "https://www.jumbo.com/dam-images/fit-in/360x360/Products/25092024_1727278475641_1727278481966_8718452844418_1.png",
    "available": true,
    "promoUntil": null
  },
  {
    "id": "505412ZK",
    "title": "Grand'Italia Penne Tradizionali Pasta 500 g",
    "category": "Wereldkeukens, kruiden, pasta en rijst",
    "price": 1.79,
    "promoPrice": null,
    "pricePerUnit": "3.58 kg",
    "image": "https://www.jumbo.com/dam-images/fit-in/360x360/Products/02092025_1756778665372_1756778674837_505412_ZK_08000050838921_C1N1.png",
    "available": true,
    "promoUntil": null
  },
  {
    "id": "430733STK",
    "title": "Jumbo - Boeren Donker Volkoren Meergranen - Half - Knapperig en Vers",
    "category": "Brood en gebak",
    "price": 1.0,
    "promoPrice": null,
    "pricePerUnit": "2.0 pieces",
    "image": "https://www.jumbo.com/dam-images/fit-in/360x360/Products/16052025_1747387968856_1747387982348_8718452771882_2.png",
    "available": true,
    "promoUntil": null
  },
  {
    "id": "224389PAK",
    "title": "Jumbo Kokosmelk Romig 200 ml",
    "category": "Wereldkeukens, kruiden, pasta en rijst",
    "price": 1.31,
    "promoPrice": null,
    "pricePerUnit": "6.55 l",
    "image": "https://www.jumbo.com/dam-images/fit-in/360x360/Products/09082023_1691585274941_1691585293025_8718452367290_1.png",
    "available": true,
    "promoUntil": null
  },
  {
    "id": "57691FLS",
    "title": "Delica - Originele Tokkelroom - 500ML",
    "category": "Bier en wijn",
    "price": 6.19,
    "promoPrice": null,
    "pricePerUnit": "12.38 l",
    "image": "https://www.jumbo.com/dam-images/fit-in/360x360/Products/28032024_1711643587876_1711643592107_8712161028206_1.png",
    "available": true,
    "promoUntil": null
  },
  {
    "id": "212155STK",
    "title": "Jumbo Roosjes Broccoli 400 g",
    "category": "Aardappelen, groente en fruit",
    "price": 2.59,
    "promoPrice": null,
    "pricePerUnit": "6.48 kg",
    "image": "https://www.jumbo.com/dam-images/fit-in/360x360/Products/29072024_1722270916948_1722270926052_8718452789733_1.png",
    "available": true,
    "promoUntil": null
  },
  {
    "id": "672063KGR",
    "title": "Jumbo Zigeuner-Schnitzel 3 Stuks",
    "category": "Vlees, vis en vega",
    "price": 6.1,
    "promoPrice": null,
    "pricePerUnit": "13.3 kg",
    "image": "https://www.jumbo.com/dam-images/fit-in/360x360/Products/27052025_1748349169043_1748349178029_2369938000000_1.png",
    "available": true,
    "promoUntil": null
  },
  {
    "id": "133600DS",
    "title": "Mora Classics Rundvlees Kroketten 12 x 70 g",
    "category": "Diepvries",
    "price": 6.49,
    "promoPrice": null,
    "pricePerUnit": "7.73 kg",
    "image": "https://www.jumbo.com/dam-images/fit-in/360x360/Products/09082023_1691588709184_1691588718953_8710861993930_1.png",
    "available": true,
    "promoUntil": null
  },
  {
    "id": "448196TRA",
    "title": "Jumbo Lasagne Bolognese 400 g",
    "category": "Verse maaltijden en gemak",
    "price": 2.49,
    "promoPrice": null,
    "pricePerUnit": "6.23 kg",
    "image": "https://www.jumbo.com/dam-images/fit-in/360x360/Products/05022025_1738769588684_1738769596550_8718452873562_1.png",
    "available": true,
    "promoUntil": null
  },
  {
    "id": "687356CAN",
    "title": "Fruity Juice Multi Fruit 2 L",
    "category": "Frisdrank en sappen",
    "price": 3.49,
    "promoPrice": null,
    "pricePerUnit": "1.75 l",
    "image": "https://www.jumbo.com/dam-images/fit-in/360x360/Products/19032025_1742412766586_1742412771184_4006220019453_1.png",
    "available": true,
    "promoUntil": null
  },
  {
    "id": "33119FLS",
    "title": "Excellence - Chardonnay - 750ML",
    "category": "Bier en wijn",
    "price": 4.99,
    "promoPrice": null,
    "pricePerUnit": "6.65 l",
    "image": "https://www.jumbo.com/dam-images/fit-in/360x360/Products/21052025_1747837988863_1747837992272_3760165910336_1.png",
    "available": true,
    "promoUntil": null
  },
  {
    "id": "608443PAK",
    "title": "Jumbo - Worstenbroodjes - 4 Stuks",
    "category": "Brood en gebak",
    "price": 2.84,
    "promoPrice": null,
    "pricePerUnit": "0.71 pieces",
    "image": "https://www.jumbo.com/dam-images/fit-in/360x360/Products/12122024_1734014526048_1734014531312_8718452445707_1.png",
    "available": true,
    "promoUntil": null
  },
  {
    "id": "200564PAK",
    "title": "Capri-Sun Orange 10 x 200 ml",
    "category": "Frisdrank en sappen",
    "price": 4.99,
    "promoPrice": null,
    "pricePerUnit": "2.5 l",
    "image": "https://www.jumbo.com/dam-images/fit-in/360x360/Products/09082023_1691589063714_1691589074459_4000177020210_1.png",
    "available": true,
    "promoUntil": null
  },
  {
    "id": "169322KST",
    "title": "LU Prince MiniStars Koekjes Melkchocolade (5 x 37.4 g) 187g",
    "category": "Koek, snoep, chocolade en chips",
    "price": 3.06,
    "promoPrice": null,
    "pricePerUnit": "16.36 kg",
    "image": "https://www.jumbo.com/dam-images/fit-in/360x360/Products/24092025_1758724490289_1758724494488_7622210495716_1.png",
    "available": true,
    "promoUntil": null
  },
  {
    "id": "441083FLS",
    "title": "Slimpie Lemon Siroop 650 ml",
    "category": "Frisdrank en sappen",
    "price": 3.49,
    "promoPrice": null,
    "pricePerUnit": "5.37 l",
    "image": "https://www.jumbo.com/dam-images/fit-in/360x360/Products/06022024_1707237251428_1707237261810_8719214811198_1.png",
    "available": true,
    "promoUntil": null
  },
  {
    "id": "603106TRA",
    "title": "Jumbo Oven & Gemak Piri Piri Ovenschotel 625 g",
    "category": "Vlees, vis en vega",
    "price": 5.0,
    "promoPrice": null,
    "pricePerUnit": "8.0 kg",
    "image": "https://www.jumbo.com/dam-images/fit-in/360x360/Products/08052024_1715182453660_1715182463500_8718452779482_1.png",
    "available": true,
    "promoUntil": null
  },
  {
    "id": "618292DS",
    "title": "Jumbo Watermeloen 175 g",
    "category": "Aardappelen, groente en fruit",
    "price": 2.79,
    "promoPrice": null,
    "pricePerUnit": "15.94 kg",
    "image": "https://www.jumbo.com/dam-images/fit-in/360x360/Products/30042024_1714463354430_1714463359743_8718452835546_1.png",
    "available": true,
    "promoUntil": null
  },
  {
    "id": "510704PAK",
    "title": "Jumbo Appelsap - Fles - 6 x 330 ML",
    "category": "Frisdrank en sappen",
    "price": 3.59,
    "promoPrice": null,
    "pricePerUnit": "1.81 l",
    "image": "https://www.jumbo.com/dam-images/fit-in/360x360/Products/10082023_1691677525051_1691677545845_8718452646241_1.png",
    "available": true,
    "promoUntil": null
  },
  {
    "id": "354722ZK",
    "title": "Duyvis Borrelnootjes Cocktail Pinda Noten 275 gr",
    "category": "Koek, snoep, chocolade en chips",
    "price": 2.99,
    "promoPrice": null,
    "pricePerUnit": "10.87 kg",
    "image": "https://www.jumbo.com/dam-images/fit-in/360x360/Products/08082025_1754649183884_1754649190991_8710398517364_1.png",
    "available": true,
    "promoUntil": null
  },
  {
    "id": "546048FLS",
    "title": "Dreft Platinum Quickwash Vloeibaar Afwasmiddel",
    "category": "Huishouden en dieren",
    "price": 2.99,
    "promoPrice": null,
    "pricePerUnit": "8.54 l",
    "image": "https://www.jumbo.com/dam-images/fit-in/360x360/Products/04092025_1756944113355_1756944118748_8700216008020_1.png",
    "available": true,
    "promoUntil": null
  },
  {
    "id": "690248FLS",
    "title": "Robijn Klein & Krachtig Wasmiddel Wit 1,19L",
    "category": "Huishouden en dieren",
    "price": 30.49,
    "promoPrice": null,
    "pricePerUnit": "0.78 wb",
    "image": "https://www.jumbo.com/dam-images/fit-in/360x360/Products/08082025_1754615122961_1754615144845_690248_FLS_08720181676901_H1N1.png",
    "available": true,
    "promoUntil": null
  },
  {
    "id": "329514ZK",
    "title": "Jumbo Fijne Soepgroente 400 g",
    "category": "Aardappelen, groente en fruit",
    "price": 1.99,
    "promoPrice": null,
    "pricePerUnit": "4.98 kg",
    "image": "https://www.jumbo.com/dam-images/fit-in/360x360/Products/28112024_1732782796643_1732782807824_8718452795727_1.png",
    "available": true,
    "promoUntil": null
  },
  {
    "id": "200860FLS",
    "title": "Jumbo Wit Geconcentreerd Vloeibaar Wasmiddel 40 Wasbeurten",
    "category": "Huishouden en dieren",
    "price": 4.69,
    "promoPrice": null,
    "pricePerUnit": "0.12 wb",
    "image": "https://www.jumbo.com/dam-images/fit-in/360x360/Products/29092023_1695996728795_1695996731320_8718452692132_1.png",
    "available": true,
    "promoUntil": null
  },
  {
    "id": "546681DS",
    "title": "Texels Skuumkoppe Bier Fles 6 x 300 ml",
    "category": "Bier en wijn",
    "price": 9.39,
    "promoPrice": null,
    "pricePerUnit": "5.22 l",
    "image": "https://www.jumbo.com/dam-images/fit-in/360x360/Products/07012025_1736267694329_1736267700301_8712000059675_1.png",
    "available": true,
    "promoUntil": null
  },
  {
    "id": "429674FLS",
    "title": "Hero The Original Cassis 1,25 L",
    "category": "Frisdrank en sappen",
    "price": 2.59,
    "promoPrice": null,
    "pricePerUnit": "2.07 l",
    "image": "https://www.jumbo.com/dam-images/fit-in/360x360/Products/28112023_1701171243158_1701171247767_8713500012436_1.png",
    "available": true,
    "promoUntil": null
  },
  {
    "id": "523932DS",
    "title": "Honig Maaltijdmix voor Lasagnesaus 125 g",
    "category": "Wereldkeukens, kruiden, pasta en rijst",
    "price": 1.99,
    "promoPrice": null,
    "pricePerUnit": "15.92 kg",
    "image": "https://www.jumbo.com/dam-images/fit-in/360x360/Products/18072025_1752801170526_1752801184646_523932_DS_08714700170322_H1N1.png",
    "available": true,
    "promoUntil": null
  },
  {
    "id": "208720BAK",
    "title": "Jumbo Nasi Goreng 260 g",
    "category": "Wereldkeukens, kruiden, pasta en rijst",
    "price": 3.09,
    "promoPrice": null,
    "pricePerUnit": "11.88 kg",
    "image": "https://www.jumbo.com/dam-images/fit-in/360x360/Products/29092023_1695996273683_1695996280227_8718452674541_1.png",
    "available": true,
    "promoUntil": null
  },
  {
    "id": "560118ZK",
    "title": "HEMA Papieren Bekers 250 ml  20 stuks",
    "category": "Non-food en servicebalie",
    "price": 1.39,
    "promoPrice": null,
    "pricePerUnit": "0.07 pieces",
    "image": "https://www.jumbo.com/dam-images/fit-in/360x360/Products/09082023_1691587043039_1691587055394_8718537736843_1.png",
    "available": true,
    "promoUntil": null
  },
  {
    "id": "656713STK",
    "title": "Jumbo Goudse Kaas Jong 48+ Plakken 315 g",
    "category": "Vleeswaren, kaas en tapas",
    "price": 4.5,
    "promoPrice": null,
    "pricePerUnit": "14.29 kg",
    "image": "https://www.jumbo.com/dam-images/fit-in/360x360/Products/16102024_1729089246513_1729089252312_8718452831074_1.png",
    "available": true,
    "promoUntil": null
  },
  {
    "id": "522950CUP",
    "title": "Jumbo Gevuld Ei Salade 200 g",
    "category": "Vleeswaren, kaas en tapas",
    "price": 2.96,
    "promoPrice": null,
    "pricePerUnit": "14.8 kg",
    "image": "https://www.jumbo.com/dam-images/fit-in/360x360/Products/05102024_1728086420277_1728086425435_8718452813025_1.png",
    "available": true,
    "promoUntil": null
  },
  {
    "id": "390424PAK",
    "title": "DubbelFrisss 1Kcal Appel - Perzik 1,5L",
    "category": "Frisdrank en sappen",
    "price": 2.69,
    "promoPrice": null,
    "pricePerUnit": "1.79 l",
    "image": "https://www.jumbo.com/dam-images/fit-in/360x360/Products/26052025_1748277172164_1748277176526_8720157463726_1.png",
    "available": true,
    "promoUntil": null
  },
  {
    "id": "640610TRA",
    "title": "Jumbo Crispy Bacon Plakjes 80 g",
    "category": "Vleeswaren, kaas en tapas",
    "price": 3.0,
    "promoPrice": null,
    "pricePerUnit": "37.5 kg",
    "image": "https://www.jumbo.com/dam-images/fit-in/360x360/Products/12122024_1734021200824_1734021206671_8718452521036_1.png",
    "available": true,
    "promoUntil": null
  },
  {
    "id": "576379STK",
    "title": "Jumbo - Volkoren Bollen - 6 Stuks",
    "category": "Brood en gebak",
    "price": 2.79,
    "promoPrice": null,
    "pricePerUnit": "7.15 kg",
    "image": "https://www.jumbo.com/dam-images/fit-in/360x360/Products/07052025_1746603227521_1746603232329_8718452891245_1.png",
    "available": true,
    "promoUntil": null
  },
  {
    "id": "166465PAK",
    "title": "DubbelDrank Sinaasappel & Perzik met Appel 1 L",
    "category": "Frisdrank en sappen",
    "price": 2.49,
    "promoPrice": null,
    "pricePerUnit": "2.49 l",
    "image": "https://www.jumbo.com/dam-images/fit-in/360x360/Products/26022025_1740569588662_1740569597943_8713300079066_1.png",
    "available": true,
    "promoUntil": null
  },
  {
    "id": "596214ZK",
    "title": "Jumbo Cashewnoten Ongezouten 200 g",
    "category": "Koek, snoep, chocolade en chips",
    "price": 2.79,
    "promoPrice": null,
    "pricePerUnit": "13.95 kg",
    "image": "https://www.jumbo.com/dam-images/fit-in/360x360/Products/26042024_1714145595165_1714145613818_8718452756629_596.png",
    "available": true,
    "promoUntil": null
  },
  {
    "id": "627711TRA",
    "title": "Garden Gourmet Sensational Merguez",
    "category": "Vlees, vis en vega",
    "price": 4.29,
    "promoPrice": null,
    "pricePerUnit": "23.83 kg",
    "image": "https://www.jumbo.com/dam-images/fit-in/360x360/Products/25072025_1753432374392_1753432380146_8445291070790_1.png",
    "available": true,
    "promoUntil": null
  },
  {
    "id": "655360STK",
    "title": "jumbo Scharrel Kipgrillworst Pikant 160g",
    "category": "Vleeswaren, kaas en tapas",
    "price": 2.87,
    "promoPrice": null,
    "pricePerUnit": "17.94 kg",
    "image": "https://www.jumbo.com/dam-images/fit-in/360x360/Products/13112024_1731515619860_1731515628734_8718452862450_1.png",
    "available": true,
    "promoUntil": null
  },
  {
    "id": "147047PAK",
    "title": "Jumbo Bladerdeeg 10 Plakjes 450 g",
    "category": "Diepvries",
    "price": 1.19,
    "promoPrice": null,
    "pricePerUnit": "2.64 kg",
    "image": "https://www.jumbo.com/dam-images/fit-in/360x360/Products/09082023_1691586027029_1691586040925_8718452064953_1.png",
    "available": true,
    "promoUntil": null
  },
  {
    "id": "37187DS",
    "title": "Grand Sud - Merlot - 3L",
    "category": "Bier en wijn",
    "price": 16.49,
    "promoPrice": null,
    "pricePerUnit": "5.5 l",
    "image": "https://www.jumbo.com/dam-images/fit-in/360x360/Products/10082023_1691674902351_1691674904541_3500610032738_1.png",
    "available": true,
    "promoUntil": null
  },
  {
    "id": "457789ZK",
    "title": "Jumbo Stukjes Pompoen 450 g",
    "category": "Diepvries",
    "price": 1.87,
    "promoPrice": null,
    "pricePerUnit": "4.16 kg",
    "image": "https://www.jumbo.com/dam-images/fit-in/360x360/Products/27052025_1748360090303_1748360111072_8718452691739_596.png",
    "available": true,
    "promoUntil": null
  },
  {
    "id": "533216PAK",
    "title": "Coca-Cola Zero Sugar Zero Caffeine 8 x 250 ml",
    "category": "Frisdrank en sappen",
    "price": 6.48,
    "promoPrice": null,
    "pricePerUnit": "3.24 l",
    "image": "https://www.jumbo.com/dam-images/fit-in/360x360/Products/09082023_1691592640543_1691592689881_5000112659504_1.png",
    "available": true,
    "promoUntil": null
  },
  {
    "id": "612498DS",
    "title": "Magnum IJs Almond 6 stuks 6 x 100ml",
    "category": "Diepvries",
    "price": 7.29,
    "promoPrice": null,
    "pricePerUnit": "12.15 l",
    "image": "https://www.jumbo.com/dam-images/fit-in/360x360/Products/12092025_1757641485388_1757641519520_612498_DS_08711327608887_C1N1.png",
    "available": true,
    "promoUntil": null
  },
  {
    "id": "578730STK",
    "title": "Jumbo Bramen 125 g",
    "category": "Aardappelen, groente en fruit",
    "price": 2.75,
    "promoPrice": null,
    "pricePerUnit": "22.0 kg",
    "image": "https://www.jumbo.com/dam-images/fit-in/360x360/Products/578730STK119bf4e49-95dc-4bea-b753-2e3e24aaf114-1713791886123.png",
    "available": true,
    "promoUntil": null
  },
  {
    "id": "628570DS",
    "title": "FELIX® Elke Dag Feest Mix Selectie in Gelei Kattenvoer 44x85g",
    "category": "Huishouden en dieren",
    "price": 22.76,
    "promoPrice": null,
    "pricePerUnit": "6.09 kg",
    "image": "https://www.jumbo.com/dam-images/fit-in/360x360/Products/23092025_1758590450649_1758590462776_628570_DS_07613039932308_C1N1_s02.png",
    "available": true,
    "promoUntil": null
  },
  {
    "id": "607985PAK",
    "title": "Pepsi Zero Sugar 6 x 330ML",
    "category": "Frisdrank en sappen",
    "price": 3.99,
    "promoPrice": null,
    "pricePerUnit": "2.02 l",
    "image": "https://www.jumbo.com/dam-images/fit-in/360x360/Products/25032024_1711381636723_1711381641086_8715600248814_1.png",
    "available": true,
    "promoUntil": null
  },
  {
    "id": "514109BLK",
    "title": "Karvan Cévitam Grenadine Original Siroop, 600 ml",
    "category": "Frisdrank en sappen",
    "price": 4.29,
    "promoPrice": null,
    "pricePerUnit": "7.15 l",
    "image": "https://www.jumbo.com/dam-images/fit-in/360x360/Products/25042025_1745544744620_1745544751201_514109_BLK_08715700122458_H1N1.png",
    "available": true,
    "promoUntil": null
  },
  {
    "id": "533221DS",
    "title": "Fanta Orange Frisdrank 8 x 250 ml",
    "category": "Frisdrank en sappen",
    "price": 6.48,
    "promoPrice": null,
    "pricePerUnit": "3.24 l",
    "image": "https://www.jumbo.com/dam-images/fit-in/360x360/Products/04032024_1709559247617_1709559253661_5000112659399_1.png",
    "available": true,
    "promoUntil": null
  },
  {
    "id": "394365FLS",
    "title": "Jumbo Kleur Magnolia Vloeibaar Wasmiddel 100 Wasbeurten 5L",
    "category": "Huishouden en dieren",
    "price": 9.99,
    "promoPrice": null,
    "pricePerUnit": "0.1 wb",
    "image": "https://www.jumbo.com/dam-images/fit-in/360x360/Products/09082023_1691587975794_1691587994426_8718452489800_1.png",
    "available": true,
    "promoUntil": null
  },
  {
    "id": "157438KRT",
    "title": "Liefmans - Fruitesse - Fles - 6 x 4 x 250ML",
    "category": "Bier en wijn",
    "price": 38.94,
    "promoPrice": null,
    "pricePerUnit": "6.49 l",
    "image": "https://www.jumbo.com/dam-images/fit-in/360x360/Products/157438KRT-1692280693362.png",
    "available": true,
    "promoUntil": null
  },
  {
    "id": "561761DS",
    "title": "Nutrilon 2 Opvolgmelk Voordeelverpakking - Baby 6-12 Maanden 1.2 kg",
    "category": "Drogisterij en baby",
    "price": 20.67,
    "promoPrice": null,
    "pricePerUnit": "17.22 kg",
    "image": "https://www.jumbo.com/dam-images/fit-in/360x360/Products/24092025_1758675635365_1758675637396_561761_DS_05900852065286_A1N1.png",
    "available": true,
    "promoUntil": null
  },
  {
    "id": "624693KGR",
    "title": "Lezziz Kipdrumsticks Halal 4 Stuks",
    "category": "Vlees, vis en vega",
    "price": 3.06,
    "promoPrice": null,
    "pricePerUnit": "6.65 kg",
    "image": "https://www.jumbo.com/dam-images/fit-in/360x360/Products/11112024_1731342777490_1731342784148_2330682000000_1.png",
    "available": true,
    "promoUntil": null
  },
  {
    "id": "151794KGR",
    "title": "Jumbo Biologisch Rund Biefstuk 1 Stuk",
    "category": "Vlees, vis en vega",
    "price": 4.81,
    "promoPrice": null,
    "pricePerUnit": "37.0 kg",
    "image": "https://www.jumbo.com/dam-images/fit-in/360x360/Products/18062025_1750239165104_1750239170685_2348740000000_1.png",
    "available": true,
    "promoUntil": null
  },
  {
    "id": "513780TRA",
    "title": "Garden Gourmet Classic Balls 200 g",
    "category": "Vlees, vis en vega",
    "price": 3.32,
    "promoPrice": null,
    "pricePerUnit": "16.6 kg",
    "image": "https://www.jumbo.com/dam-images/fit-in/360x360/Products/23092025_1758594880926_1758594895310_513780_TRA_08445291849068_C1N1_s01.png",
    "available": true,
    "promoUntil": null
  },
  {
    "id": "617674DS",
    "title": "Jumbo Mango 120 g",
    "category": "Aardappelen, groente en fruit",
    "price": 2.45,
    "promoPrice": null,
    "pricePerUnit": "20.42 kg",
    "image": "https://www.jumbo.com/dam-images/fit-in/360x360/Products/30042024_1714463354515_1714463359104_8718452835522_1.png",
    "available": true,
    "promoUntil": null
  },
  {
    "id": "354642DS",
    "title": "Ola IJs Raket 12 stuks 12 x 55ml",
    "category": "Diepvries",
    "price": 3.79,
    "promoPrice": null,
    "pricePerUnit": "5.74 l",
    "image": "https://www.jumbo.com/dam-images/fit-in/360x360/Products/08042025_1744084109112_1744084224130_354642_DS_08712100340666_C1N1.png",
    "available": true,
    "promoUntil": null
  },
  {
    "id": "546906ZK",
    "title": "Harlekijntjes Zachte Zoete Drop Voordeel XXL 1000 g",
    "category": "Koek, snoep, chocolade en chips",
    "price": 5.44,
    "promoPrice": null,
    "pricePerUnit": "5.44 kg",
    "image": "https://www.jumbo.com/dam-images/fit-in/360x360/Products/01052025_1746102746256_1746102751932_8717524965624_1.png",
    "available": true,
    "promoUntil": null
  },
  {
    "id": "675679PAK",
    "title": "Jumbo Lange Vingers 200 g",
    "category": "Koek, snoep, chocolade en chips",
    "price": 1.49,
    "promoPrice": null,
    "pricePerUnit": "7.45 kg",
    "image": "https://www.jumbo.com/dam-images/fit-in/360x360/Products/26052025_1748277173562_1748277192292_8718452861200_596.png",
    "available": true,
    "promoUntil": null
  },
  {
    "id": "381988ZK",
    "title": "Jumbo Luiers Maat 4+ 10-15 kg Voordeelverpakking 72 Stuks",
    "category": "Drogisterij en baby",
    "price": 10.49,
    "promoPrice": null,
    "pricePerUnit": "0.15 pieces",
    "image": "https://www.jumbo.com/dam-images/fit-in/360x360/Products/29092023_1695996357522_1695996360751_8718452668359_1.png",
    "available": true,
    "promoUntil": null
  },
  {
    "id": "664939TRA",
    "title": "Jumbo Hotelcake Gesneden 500 g",
    "category": "Koek, snoep, chocolade en chips",
    "price": 2.85,
    "promoPrice": null,
    "pricePerUnit": "5.7 kg",
    "image": "https://www.jumbo.com/dam-images/fit-in/360x360/Products/22042025_1745335948830_1745335954215_8718452862320_1.png",
    "available": true,
    "promoUntil": null
  },
  {
    "id": "666898STK",
    "title": "Zalox Gegrilde Worst 350 g",
    "category": "Vleeswaren, kaas en tapas",
    "price": 2.89,
    "promoPrice": null,
    "pricePerUnit": "8.26 kg",
    "image": "https://www.jumbo.com/dam-images/fit-in/360x360/Products/21022025_1740151973983_1740151978285_8724400005152_1.png",
    "available": true,
    "promoUntil": null
  },
  {
    "id": "561767TAS",
    "title": "Jumbo Ongebrande Walnoten 200 g",
    "category": "Koek, snoep, chocolade en chips",
    "price": 2.99,
    "promoPrice": null,
    "pricePerUnit": "14.95 kg",
    "image": "https://www.jumbo.com/dam-images/fit-in/360x360/Products/14022024_1707872532584_1707872584511_8718452723812_1.png",
    "available": true,
    "promoUntil": null
  },
  {
    "id": "439104ZK",
    "title": "Jumbo Gehakte Spinazie 750 g",
    "category": "Aardappelen, groente en fruit",
    "price": 1.13,
    "promoPrice": null,
    "pricePerUnit": "1.51 kg",
    "image": "https://www.jumbo.com/dam-images/fit-in/360x360/Products/14022024_1707872789449_1707872792523_8718452722648_1.png",
    "available": true,
    "promoUntil": null
  },
  {
    "id": "707562PAK",
    "title": "Leffe - Blond Belgisch Abdijbier - Fles - 6 x 300ML",
    "category": "Bier en wijn",
    "price": 8.65,
    "promoPrice": 6.48,
    "pricePerUnit": "3.6 l",
    "image": "https://www.jumbo.com/dam-images/fit-in/360x360/Products/09082023_1691587662300_1691587676527_8725000443795_1.png",
    "available": true,
    "promoUntil": "di 30 sep"
  },
  {
    "id": "493101STK",
    "title": "Westland Ei Salade Voordeelverpakking 560 g",
    "category": "Verse maaltijden en gemak",
    "price": 4.59,
    "promoPrice": null,
    "pricePerUnit": "8.2 kg",
    "image": "https://www.jumbo.com/dam-images/fit-in/360x360/Products/12092025_1757641710518_1757641749478_493101_STK_08710846314088_H1N1_v02.png",
    "available": true,
    "promoUntil": null
  },
  {
    "id": "554724TRA",
    "title": "Jumbo Jong Belegen Kaas 20+ Plakken 190 g",
    "category": "Vleeswaren, kaas en tapas",
    "price": 3.29,
    "promoPrice": null,
    "pricePerUnit": "17.32 kg",
    "image": "https://www.jumbo.com/dam-images/fit-in/360x360/Products/23122024_1734971616503_1734971621039_8718452709021_1.png",
    "available": true,
    "promoUntil": null
  },
  {
    "id": "580751PAK",
    "title": "Jumbo Schuursponsen 10 Stuks",
    "category": "Huishouden en dieren",
    "price": 1.29,
    "promoPrice": null,
    "pricePerUnit": "0.13 pieces",
    "image": "https://www.jumbo.com/dam-images/fit-in/360x360/Products/14052025_1747215231922_1747215235773_8718452699933_1.png",
    "available": true,
    "promoUntil": null
  },
  {
    "id": "565757ZK",
    "title": "Haribo Super Party Uitdeelzakjes 480 g",
    "category": "Koek, snoep, chocolade en chips",
    "price": 5.35,
    "promoPrice": null,
    "pricePerUnit": "11.15 kg",
    "image": "https://www.jumbo.com/dam-images/fit-in/360x360/Products/19092025_1758248867001_1758248881906_565757_ZK_05012035971724_H1N1.png",
    "available": true,
    "promoUntil": null
  },
  {
    "id": "474848ZK",
    "title": "Frisia BBQ Marshmallows 275 g",
    "category": "Koek, snoep, chocolade en chips",
    "price": 1.85,
    "promoPrice": null,
    "pricePerUnit": "6.73 kg",
    "image": "https://www.jumbo.com/dam-images/fit-in/360x360/Products/22072025_1753142476517_1753142483150_8710497963260_1.png",
    "available": true,
    "promoUntil": null
  },
  {
    "id": "685977BAK",
    "title": "Jumbo Maaltijdsalade Kip Caesar 450 g",
    "category": "Verse maaltijden en gemak",
    "price": 4.5,
    "promoPrice": null,
    "pricePerUnit": "10.0 kg",
    "image": "https://www.jumbo.com/dam-images/fit-in/360x360/Products/13032025_1741865566739_1741865576353_8718452883769_1.png",
    "available": true,
    "promoUntil": null
  },
  {
    "id": "157266KGR",
    "title": "Jumbo Varken Platte 2 Stuks",
    "category": "Vlees, vis en vega",
    "price": 5.49,
    "promoPrice": null,
    "pricePerUnit": "10.98 kg",
    "image": "https://www.jumbo.com/dam-images/fit-in/360x360/Products/23102024_1729690507137_1729690517073_2378920000000_1.png",
    "available": true,
    "promoUntil": null
  },
  {
    "id": "220628ZK",
    "title": "Jumbo Cassave Kroepoek 75 g",
    "category": "Wereldkeukens, kruiden, pasta en rijst",
    "price": 0.99,
    "promoPrice": null,
    "pricePerUnit": "13.2 kg",
    "image": "https://www.jumbo.com/dam-images/fit-in/360x360/Products/09082023_1691592713739_1691592742959_8718452361847_1.png",
    "available": true,
    "promoUntil": null
  },
  {
    "id": "641019KGR",
    "title": "Jumbo Corned Beef ca. 125 g",
    "category": "Vleeswaren, kaas en tapas",
    "price": 3.0,
    "promoPrice": null,
    "pricePerUnit": "24.0 kg",
    "image": "https://www.jumbo.com/dam-images/fit-in/360x360/Products/04072025_1751617977387_1751617984689_2335994000000_1.png",
    "available": true,
    "promoUntil": null
  },
  {
    "id": "539113TRL",
    "title": "Red Bull Energy Drink Zero Tray - 24 x 250ml",
    "category": "Frisdrank en sappen",
    "price": 33.2,
    "promoPrice": null,
    "pricePerUnit": "5.53 l",
    "image": "https://www.jumbo.com/dam-images/fit-in/360x360/Products/09012025_1736433168756_1736433175164_9002490259136_1.png",
    "available": true,
    "promoUntil": null
  },
  {
    "id": "478572DS",
    "title": "Dr. Oetker Ristorante Pizza Pollo 355 g",
    "category": "Diepvries",
    "price": 3.89,
    "promoPrice": null,
    "pricePerUnit": "10.96 kg",
    "image": "https://www.jumbo.com/dam-images/fit-in/360x360/Products/17042025_1744853267629_1744853275717_478572_DS_04001724039174_C1N1_s05.png",
    "available": true,
    "promoUntil": null
  },
  {
    "id": "672486STK",
    "title": "Jumbo AA 10 Stuks",
    "category": "Non-food en servicebalie",
    "price": 8.74,
    "promoPrice": null,
    "pricePerUnit": "0.87 pieces",
    "image": "https://www.jumbo.com/dam-images/fit-in/360x360/Products/05042025_1743811257551_1743811264049_8718452182039_1.png",
    "available": true,
    "promoUntil": null
  },
  {
    "id": "305713STK",
    "title": "Jumbo - Vanilleroomvlaai - Half",
    "category": "Brood en gebak",
    "price": 7.99,
    "promoPrice": null,
    "pricePerUnit": "7.99 pieces",
    "image": "https://www.jumbo.com/dam-images/fit-in/360x360/Products/09092025_1757406804089_1757406819840_8718452697755_9.png",
    "available": true,
    "promoUntil": null
  },
  {
    "id": "688529ZK",
    "title": "Finish Quantum Regular 32 Tabletten",
    "category": "Huishouden en dieren",
    "price": 15.49,
    "promoPrice": null,
    "pricePerUnit": "0.48 pieces",
    "image": "https://www.jumbo.com/dam-images/fit-in/360x360/Products/10072025_1752111204507_1752111208539_688529_ZK_08720065014515_A1N1.png",
    "available": true,
    "promoUntil": null
  },
  {
    "id": "354724ZK",
    "title": "Duyvis Borrelnootjes Provencale Pinda Noten 275 gr",
    "category": "Koek, snoep, chocolade en chips",
    "price": 2.99,
    "promoPrice": null,
    "pricePerUnit": "10.87 kg",
    "image": "https://www.jumbo.com/dam-images/fit-in/360x360/Products/26082025_1756173009814_1756173029266_354724_ZK_08710398517401_C1N1.png",
    "available": true,
    "promoUntil": null
  },
  {
    "id": "487943PAK",
    "title": "Lipton Ice Tea Green Original 1,5 L",
    "category": "Frisdrank en sappen",
    "price": 3.39,
    "promoPrice": null,
    "pricePerUnit": "2.26 l",
    "image": "https://www.jumbo.com/dam-images/fit-in/360x360/Products/23082025_1755911675075_1755911700237_487943_PAK_08711327547988_H1N1.png",
    "available": true,
    "promoUntil": null
  },
  {
    "id": "428611PAK",
    "title": "Taksi Tropisch Fruit GST 10 x 0,2 L",
    "category": "Frisdrank en sappen",
    "price": 2.96,
    "promoPrice": null,
    "pricePerUnit": "1.48 l",
    "image": "https://www.jumbo.com/dam-images/fit-in/360x360/Products/26022025_1740562387518_1740562393793_8720157464891_1.png",
    "available": true,
    "promoUntil": null
  },
  {
    "id": "672791TRA",
    "title": "Jumbo Sous-Vide Pulled Pork 400 g",
    "category": "Vlees, vis en vega",
    "price": 5.5,
    "promoPrice": null,
    "pricePerUnit": "13.75 kg",
    "image": "https://www.jumbo.com/dam-images/fit-in/360x360/Products/09092025_1757421321523_1757421338157_8718452902040_1.png",
    "available": true,
    "promoUntil": null
  },
  {
    "id": "210073FLS",
    "title": "Orbea - Prosecco - Frizzante - 750ML",
    "category": "Bier en wijn",
    "price": 5.99,
    "promoPrice": null,
    "pricePerUnit": "7.99 l",
    "image": "https://www.jumbo.com/dam-images/fit-in/360x360/Products/09082023_1691588659630_1691588668244_8718452333530_1.png",
    "available": true,
    "promoUntil": null
  },
  {
    "id": "486573CUP",
    "title": "Ben & Jerry's IJs Chocolate Fudge Brownie 465ml",
    "category": "Diepvries",
    "price": 7.39,
    "promoPrice": null,
    "pricePerUnit": "15.89 l",
    "image": "https://www.jumbo.com/dam-images/fit-in/360x360/Products/15082025_1755223762143_1755223836492_486573_CUP_08711327370708_H1N1.png",
    "available": true,
    "promoUntil": null
  },
  {
    "id": "136017KST",
    "title": "Maza Hoemoes Zongedroogde Tomaat",
    "category": "Vleeswaren, kaas en tapas",
    "price": 2.59,
    "promoPrice": null,
    "pricePerUnit": "12.95 kg",
    "image": "https://www.jumbo.com/dam-images/fit-in/360x360/Products/29082025_1756432106332_1756432116754_136017_KST_08714779000704_A1N1.png",
    "available": true,
    "promoUntil": null
  },
  {
    "id": "82760POT",
    "title": "Grand'Italia Pesto alla Genovese 185 g",
    "category": "Wereldkeukens, kruiden, pasta en rijst",
    "price": 2.75,
    "promoPrice": null,
    "pricePerUnit": "14.86 kg",
    "image": "https://www.jumbo.com/dam-images/fit-in/360x360/Products/13092025_1757727445502_1757727456053_82760_POT_00000080024101_H1N1.png",
    "available": true,
    "promoUntil": null
  },
  {
    "id": "481653STK",
    "title": "Jumbo Fijne Cervelaat Droge Worst 500 g",
    "category": "Vleeswaren, kaas en tapas",
    "price": 4.85,
    "promoPrice": null,
    "pricePerUnit": "9.7 kg",
    "image": "https://www.jumbo.com/dam-images/fit-in/360x360/Products/09082023_1691589638851_1691589645201_8718452605415_1.png",
    "available": true,
    "promoUntil": null
  },
  {
    "id": "539078PAK",
    "title": "Red Bull Energy Drink - 4 x 250ml",
    "category": "Frisdrank en sappen",
    "price": 6.75,
    "promoPrice": null,
    "pricePerUnit": "6.75 l",
    "image": "https://www.jumbo.com/dam-images/fit-in/360x360/Products/03052024_1714739655233_1714739662826_9002490258993_1.png",
    "available": true,
    "promoUntil": null
  },
  {
    "id": "476043DS",
    "title": "Corona - Cero - 0.0% Alcoholvrij - Fles - 6 x 330ML",
    "category": "Bier en wijn",
    "price": 8.99,
    "promoPrice": 6.74,
    "pricePerUnit": "3.4 l",
    "image": "https://www.jumbo.com/dam-images/fit-in/360x360/Products/Simplification25CORCeroPackBot6x33clORI2D269f31f3-bdfc-4ec8-9fce-c50ab4eeec9f-1723473837335.png",
    "available": true,
    "promoUntil": "di 30 sep"
  },
  {
    "id": "428559FLS",
    "title": "Coca-Cola Zero Sugar Zero Cafeïne 1,5 L ",
    "category": "Frisdrank en sappen",
    "price": 2.89,
    "promoPrice": null,
    "pricePerUnit": "1.93 l",
    "image": "https://www.jumbo.com/dam-images/fit-in/360x360/Products/24042025_1745457471243_1745457479866_428559_FLS_05000112646948_H1N1.png",
    "available": true,
    "promoUntil": null
  },
  {
    "id": "430634STK",
    "title": "Jumbo - Rond Fijn Volkoren - Half - Knapperig en Vers",
    "category": "Brood en gebak",
    "price": 1.0,
    "promoPrice": null,
    "pricePerUnit": "2.5 kg",
    "image": "https://www.jumbo.com/dam-images/fit-in/360x360/Products/25042025_1745588008082_1745588018794_8718452771745_2.png",
    "available": true,
    "promoUntil": null
  },
  {
    "id": "79142DSL",
    "title": "Barton & Guestier – Réserve – Cabernet Sauvignon 6 x 750 ml",
    "category": "Bier en wijn",
    "price": 35.94,
    "promoPrice": null,
    "pricePerUnit": "7.99 l",
    "image": "https://www.jumbo.com/dam-images/fit-in/360x360/Products/79142DSL-1692280817007.png",
    "available": true,
    "promoUntil": null
  },
  {
    "id": "685496ZK",
    "title": "Jumbo Choco Pinda's 400 g",
    "category": "Koek, snoep, chocolade en chips",
    "price": 2.66,
    "promoPrice": null,
    "pricePerUnit": "6.65 kg",
    "image": "https://www.jumbo.com/dam-images/fit-in/360x360/Products/15052025_1747273832017_1747273854094_685496_ZK_08718452871759_C1N1.png",
    "available": true,
    "promoUntil": null
  },
  {
    "id": "79128FLS",
    "title": "Los Gansos - Cabernet Sauvignon - 750ML",
    "category": "Bier en wijn",
    "price": 5.99,
    "promoPrice": 4.99,
    "pricePerUnit": "6.65 l",
    "image": "https://www.jumbo.com/dam-images/fit-in/360x360/Products/04062025_1749054768443_1749054771870_7804320396491_1.png",
    "available": true,
    "promoUntil": "di 7 okt"
  },
  {
    "id": "498541KP",
    "title": "ERU Balans Naturel 15+ 100 g",
    "category": "Vleeswaren, kaas en tapas",
    "price": 1.69,
    "promoPrice": null,
    "pricePerUnit": "16.9 kg",
    "image": "https://www.jumbo.com/dam-images/fit-in/360x360/Products/17072025_1752718204914_1752718214199_498541_KP_00000087187755_C1N1.png",
    "available": true,
    "promoUntil": null
  },
  {
    "id": "654482STK",
    "title": "Jumbo Corned Beef 130 g",
    "category": "Vleeswaren, kaas en tapas",
    "price": 2.79,
    "promoPrice": null,
    "pricePerUnit": "21.46 kg",
    "image": "https://www.jumbo.com/dam-images/fit-in/360x360/Products/15112024_1731663278833_1731663287235_8718452862412_1.png",
    "available": true,
    "promoUntil": null
  },
  {
    "id": "641041STK",
    "title": "Jumbo Pepersalami 125 g",
    "category": "Vleeswaren, kaas en tapas",
    "price": 2.89,
    "promoPrice": null,
    "pricePerUnit": "23.12 kg",
    "image": "https://www.jumbo.com/dam-images/fit-in/360x360/Products/04072025_1751617997592_1751618003883_8718452775293_1.png",
    "available": true,
    "promoUntil": null
  },
  {
    "id": "441730PAK",
    "title": "Jumbo Fruit Drink Aardbei met Appel 10 x 200 ml",
    "category": "Frisdrank en sappen",
    "price": 2.69,
    "promoPrice": null,
    "pricePerUnit": "1.35 l",
    "image": "https://www.jumbo.com/dam-images/fit-in/360x360/Products/19122023_1703000122648_1703000134857_8718452649105_1.png",
    "available": true,
    "promoUntil": null
  },
  {
    "id": "554727TRA",
    "title": "Jumbo Jong Belegen Geitenkaas 50+ 190 g",
    "category": "Vleeswaren, kaas en tapas",
    "price": 4.94,
    "promoPrice": null,
    "pricePerUnit": "26.0 kg",
    "image": "https://www.jumbo.com/dam-images/fit-in/360x360/Products/14022024_1707873643457_1707873648956_8718452709076_1.png",
    "available": true,
    "promoUntil": null
  },
  {
    "id": "136033PAK",
    "title": "Jumbo Sinaasappelsap Mild 1,5 L",
    "category": "Frisdrank en sappen",
    "price": 3.89,
    "promoPrice": null,
    "pricePerUnit": "2.59 l",
    "image": "https://www.jumbo.com/dam-images/fit-in/360x360/Products/12122024_1734014722046_1734014725138_8718452672219_1.png",
    "available": true,
    "promoUntil": null
  },
  {
    "id": "676205STK",
    "title": "Vivera Plantaardige Kipstukjes 160 g",
    "category": "Vlees, vis en vega",
    "price": 3.39,
    "promoPrice": null,
    "pricePerUnit": "21.19 kg",
    "image": "https://www.jumbo.com/dam-images/fit-in/360x360/Products/14062025_1749868830880_1749868837876_676205_STK_08718300879258_C1N1.png",
    "available": true,
    "promoUntil": null
  },
  {
    "id": "672913DS",
    "title": "Stelz Hard Iced Tea Peach & Lemon 6x250ML",
    "category": "Bier en wijn",
    "price": 10.99,
    "promoPrice": null,
    "pricePerUnit": "7.33 l",
    "image": "https://www.jumbo.com/dam-images/fit-in/360x360/Products/09052025_1746761201408_1746761203385_672913_DS_08720865027555_C1N1.png",
    "available": true,
    "promoUntil": null
  },
  {
    "id": "300162STK",
    "title": "Jumbo - Boeren Tijgerbrood Wit - Half",
    "category": "Brood en gebak",
    "price": 0.68,
    "promoPrice": null,
    "pricePerUnit": "1.7 kg",
    "image": "https://www.jumbo.com/dam-images/fit-in/360x360/Products/15082024_1723739658615_1723739666739_8718452839711_1.png",
    "available": true,
    "promoUntil": null
  },
  {
    "id": "887854ZK",
    "title": "Grand'Italia Fusilli Tradizionali 500 g",
    "category": "Wereldkeukens, kruiden, pasta en rijst",
    "price": 1.87,
    "promoPrice": null,
    "pricePerUnit": "3.74 kg",
    "image": "https://www.jumbo.com/dam-images/fit-in/360x360/Products/02092025_1756778046896_1756778057177_887854_ZK_08000050837825_C1N1.png",
    "available": true,
    "promoUntil": null
  },
  {
    "id": "704771STK",
    "title": "Pampers Baby-Dry Maat 5, 78 Luiers",
    "category": "Drogisterij en baby",
    "price": 40.49,
    "promoPrice": null,
    "pricePerUnit": "0.52 pieces",
    "image": "https://www.jumbo.com/dam-images/fit-in/360x360/Products/05092025_1757038006085_1757038007722_704771_STK_08700216793339_C1N1.png",
    "available": true,
    "promoUntil": null
  },
  {
    "id": "521196BAK",
    "title": "Philadelphia Zuivelspread Bieslook 185g",
    "category": "Vleeswaren, kaas en tapas",
    "price": 2.99,
    "promoPrice": null,
    "pricePerUnit": "16.16 kg",
    "image": "https://www.jumbo.com/dam-images/fit-in/360x360/Products/24092025_1758724491277_1758724500072_7622300316396_596.png",
    "available": true,
    "promoUntil": null
  },
  {
    "id": "575649STK",
    "title": "Jumbo Goudse Kaas 48+ Jong Stuk 450 g",
    "category": "Vleeswaren, kaas en tapas",
    "price": 4.15,
    "promoPrice": null,
    "pricePerUnit": "9.22 kg",
    "image": "https://www.jumbo.com/dam-images/fit-in/360x360/Products/14022024_1707873374557_1707873382085_8718452695171_1.png",
    "available": true,
    "promoUntil": null
  },
  {
    "id": "390426PAK",
    "title": "DubbelFrisss 1Kcal Framboos - Cranberry 1,5L",
    "category": "Frisdrank en sappen",
    "price": 2.69,
    "promoPrice": null,
    "pricePerUnit": "1.79 l",
    "image": "https://www.jumbo.com/dam-images/fit-in/360x360/Products/26052025_1748277172245_1748277179388_8720157463740_1.png",
    "available": true,
    "promoUntil": null
  },
  {
    "id": "193677BAK",
    "title": "Jumbo Duitse Biefstuk Biologisch 2 Stuks",
    "category": "Vlees, vis en vega",
    "price": 4.99,
    "promoPrice": null,
    "pricePerUnit": "24.95 kg",
    "image": "https://www.jumbo.com/dam-images/fit-in/360x360/Products/18062025_1750260788740_1750260794892_8718452923595_1.png",
    "available": true,
    "promoUntil": null
  },
  {
    "id": "126707ZK",
    "title": "Cuby Premium IJsblokjes 1 kg",
    "category": "Diepvries",
    "price": 1.19,
    "promoPrice": null,
    "pricePerUnit": "1.19 kg",
    "image": "https://www.jumbo.com/dam-images/fit-in/360x360/Products/Cuby1kgfrontmiddelbd8e87d0-25eb-4782-ab8e-5bf453563c86-1723020659184.png",
    "available": true,
    "promoUntil": null
  },
  {
    "id": "824585DSL",
    "title": "Gallo - Merlot 6 x 750 ml",
    "category": "Bier en wijn",
    "price": 41.94,
    "promoPrice": null,
    "pricePerUnit": "9.32 l",
    "image": "https://www.jumbo.com/dam-images/fit-in/360x360/Products/824585DSL-1692283076905.png",
    "available": true,
    "promoUntil": null
  },
  {
    "id": "657364STK",
    "title": "Jumbo Goudse Kaas Belegen 48+ Voordeelverpakking 505g",
    "category": "Vleeswaren, kaas en tapas",
    "price": 6.0,
    "promoPrice": null,
    "pricePerUnit": "11.88 kg",
    "image": "https://www.jumbo.com/dam-images/fit-in/360x360/Products/12122024_1734014964622_1734014970311_8718452792504_1.png",
    "available": true,
    "promoUntil": null
  },
  {
    "id": "207736DSL",
    "title": "Enjoy It - Chardonnay - <0.5% Alcoholvrij - 750ML",
    "category": "Bier en wijn",
    "price": 25.74,
    "promoPrice": null,
    "pricePerUnit": "5.72 l",
    "image": "https://www.jumbo.com/dam-images/fit-in/360x360/Products/207736DSL-1692282164467.png",
    "available": true,
    "promoUntil": null
  },
  {
    "id": "657336ZK",
    "title": "Jumbo - Schnittbroodjes Wit - 10 Stuks",
    "category": "Brood en gebak",
    "price": 1.99,
    "promoPrice": null,
    "pricePerUnit": "0.2 pieces",
    "image": "https://www.jumbo.com/dam-images/fit-in/360x360/Products/12122024_1734014944269_1734014948319_8718452839353_1.png",
    "available": true,
    "promoUntil": null
  },
  {
    "id": "93356ZK",
    "title": "Skittles Fruits vegan snoep uitdeelzak 11 stuks",
    "category": "Koek, snoep, chocolade en chips",
    "price": 3.29,
    "promoPrice": null,
    "pricePerUnit": "16.62 kg",
    "image": "https://www.jumbo.com/dam-images/fit-in/360x360/Products/15052025_1747330434217_1747330441619_5000159029469_1.png",
    "available": true,
    "promoUntil": null
  },
  {
    "id": "192152DS",
    "title": "Iglo Kapiteins Klassiekers Lekkerbekjes Traditioneel Familieverpakking 4 Stuks 480 g",
    "category": "Diepvries",
    "price": 8.17,
    "promoPrice": null,
    "pricePerUnit": "17.02 kg",
    "image": "https://www.jumbo.com/dam-images/fit-in/360x360/Products/16072024_1721158453108_1721158461265_8717774267615_1.png",
    "available": true,
    "promoUntil": null
  },
  {
    "id": "212607ZK",
    "title": "Jumbo Melange IJsbergsla & Veldsla 200 g",
    "category": "Aardappelen, groente en fruit",
    "price": 3.09,
    "promoPrice": null,
    "pricePerUnit": "15.45 kg",
    "image": "https://www.jumbo.com/dam-images/fit-in/360x360/Products/28062024_1719588830448_1719588839859_8718452778300_1.png",
    "available": true,
    "promoUntil": null
  },
  {
    "id": "677505DS",
    "title": "Roter Paracetamol tabletten 500 mg, 50 stuks",
    "category": "Drogisterij en baby",
    "price": 4.39,
    "promoPrice": null,
    "pricePerUnit": "0.09 pieces",
    "image": "https://www.jumbo.com/dam-images/fit-in/360x360/Products/31052025_1748649712912_1748649719854_8713304103644_1.png",
    "available": true,
    "promoUntil": null
  },
  {
    "id": "513026DSL",
    "title": "Croky Paprika 45 g",
    "category": "Koek, snoep, chocolade en chips",
    "price": 12.2,
    "promoPrice": null,
    "pricePerUnit": "13.56 kg",
    "image": "https://www.jumbo.com/dam-images/fit-in/360x360/Products/crokypaprika930dfcec-b129-4578-86fe-d9cd9c87a7a9-1720600362716.png",
    "available": true,
    "promoUntil": null
  },
  {
    "id": "430699STK",
    "title": "Jumbo - Boeren Wit Tarwe Maïs - Half - Knapperig en Vers",
    "category": "Brood en gebak",
    "price": 1.0,
    "promoPrice": null,
    "pricePerUnit": "2.0 pieces",
    "image": "https://www.jumbo.com/dam-images/fit-in/360x360/Products/25042025_1745588008405_1745588019383_8718452771868_2.png",
    "available": true,
    "promoUntil": null
  },
  {
    "id": "656722STK",
    "title": "Jumbo Roombrie 60+ ca. 275g",
    "category": "Vleeswaren, kaas en tapas",
    "price": 3.5,
    "promoPrice": null,
    "pricePerUnit": "12.73 kg",
    "image": "https://www.jumbo.com/dam-images/fit-in/360x360/Products/03032025_1741008785732_1741008789872_8718452701605_1.png",
    "available": true,
    "promoUntil": null
  },
  {
    "id": "700479ZK",
    "title": "Nestlé Mini Chocolade Mix 385g",
    "category": "Koek, snoep, chocolade en chips",
    "price": 5.63,
    "promoPrice": null,
    "pricePerUnit": "14.62 kg",
    "image": "https://www.jumbo.com/dam-images/fit-in/360x360/Products/22052025_1747925266989_1747925277080_700479_ZK_08445291788879_H1N1_s01.png",
    "available": true,
    "promoUntil": null
  },
  {
    "id": "424599POT",
    "title": "Easy Chicken Tonight Zoetzuur 525 g",
    "category": "Wereldkeukens, kruiden, pasta en rijst",
    "price": 3.85,
    "promoPrice": null,
    "pricePerUnit": "7.33 kg",
    "image": "https://www.jumbo.com/dam-images/fit-in/360x360/Products/26052025_1748225691927_1748225703240_424599_POT_08710581909822_C1N1.png",
    "available": true,
    "promoUntil": null
  },
  {
    "id": "276411ZK",
    "title": "Jumbo Blokjes Zoete Aardappel 400 g",
    "category": "Aardappelen, groente en fruit",
    "price": 2.59,
    "promoPrice": null,
    "pricePerUnit": "6.48 kg",
    "image": "https://www.jumbo.com/dam-images/fit-in/360x360/Products/26062024_1719412466581_1719412474491_8718452776559_1.png",
    "available": true,
    "promoUntil": null
  },
  {
    "id": "79029ROL",
    "title": "Jumbo Krokante Digestive Biscuit 400 g",
    "category": "Koek, snoep, chocolade en chips",
    "price": 1.09,
    "promoPrice": null,
    "pricePerUnit": "2.73 kg",
    "image": "https://www.jumbo.com/dam-images/fit-in/360x360/Products/09092025_1757421311350_1757421315834_8718449023536_1.png",
    "available": true,
    "promoUntil": null
  },
  {
    "id": "383119ZK",
    "title": "Jumbo Vastkokende Rode Aardappel 3kg",
    "category": "Aardappelen, groente en fruit",
    "price": 3.99,
    "promoPrice": null,
    "pricePerUnit": "1.33 kg",
    "image": "https://www.jumbo.com/dam-images/fit-in/360x360/Products/29092023_1695995272207_1695995277859_8718452499212_1.png",
    "available": true,
    "promoUntil": null
  },
  {
    "id": "619840ZK",
    "title": "Jumbo Erwten & Wortelen 750 g",
    "category": "Diepvries",
    "price": 1.49,
    "promoPrice": null,
    "pricePerUnit": "1.99 kg",
    "image": "https://www.jumbo.com/dam-images/fit-in/360x360/Products/13052024_1715610850713_1715610865178_8718452810215_596.png",
    "available": true,
    "promoUntil": null
  },
  {
    "id": "640599TRA",
    "title": "Jumbo Ontbijtspek Gerookt 150 g",
    "category": "Vleeswaren, kaas en tapas",
    "price": 3.09,
    "promoPrice": null,
    "pricePerUnit": "20.6 kg",
    "image": "https://www.jumbo.com/dam-images/fit-in/360x360/Products/12122024_1734021187092_1734021191639_8718452695980_1.png",
    "available": true,
    "promoUntil": null
  },
  {
    "id": "357819BAK",
    "title": "Maza Hoemoes Less Salt",
    "category": "Vleeswaren, kaas en tapas",
    "price": 2.49,
    "promoPrice": null,
    "pricePerUnit": "12.45 kg",
    "image": "https://www.jumbo.com/dam-images/fit-in/360x360/Products/28082025_1756398808056_1756398812726_8714779004498_1.png",
    "available": true,
    "promoUntil": null
  },
  {
    "id": "449969PAK",
    "title": "Jumbo Mineraal Water Licht Bruisend 6 x 500 ml",
    "category": "Frisdrank en sappen",
    "price": 2.18,
    "promoPrice": null,
    "pricePerUnit": "0.73 l",
    "image": "https://www.jumbo.com/dam-images/fit-in/360x360/Products/18092023_1695061432727_1695061442475_8718452640478_1.png",
    "available": true,
    "promoUntil": null
  },
  {
    "id": "674075FLS",
    "title": "Jumbo Fruitsiroop Cassis met Appel 0% Suiker Toegevoegd 750ML",
    "category": "Frisdrank en sappen",
    "price": 2.99,
    "promoPrice": null,
    "pricePerUnit": "3.99 l",
    "image": "https://www.jumbo.com/dam-images/fit-in/360x360/Products/25042025_1745580811544_1745580815302_8718452889181_1.png",
    "available": true,
    "promoUntil": null
  },
  {
    "id": "506005DS",
    "title": "Knorr Wereldgerechten Burrito's XXL Mexicaanse 351 g",
    "category": "Wereldkeukens, kruiden, pasta en rijst",
    "price": 4.69,
    "promoPrice": null,
    "pricePerUnit": "13.36 kg",
    "image": "https://www.jumbo.com/dam-images/fit-in/360x360/Products/21082025_1755768842183_1755768850003_8720182150080_1.png",
    "available": true,
    "promoUntil": null
  },
  {
    "id": "40491STK",
    "title": "Jumbo Cantaloupe Meloen 1 Stuks",
    "category": "Aardappelen, groente en fruit",
    "price": 2.75,
    "promoPrice": null,
    "pricePerUnit": "2.75 pieces",
    "image": "https://www.jumbo.com/dam-images/fit-in/360x360/Products/Cantaloupe118c24a82-96ae-441d-9f5c-9625b2c50e3a-1715178783107.png",
    "available": true,
    "promoUntil": null
  },
  {
    "id": "96225DSL",
    "title": "Waterval – Moscato 6 x 750 ml",
    "category": "Bier en wijn",
    "price": 31.74,
    "promoPrice": null,
    "pricePerUnit": "7.05 l",
    "image": "https://www.jumbo.com/dam-images/fit-in/360x360/Products/17032025_1742211312845_1742211320637_16001506906132_1.png",
    "available": true,
    "promoUntil": null
  },
  {
    "id": "619641ZK",
    "title": "Edet Easypull Premium Navulling",
    "category": "Huishouden en dieren",
    "price": 4.29,
    "promoPrice": null,
    "pricePerUnit": "4.29 pieces",
    "image": "https://www.jumbo.com/dam-images/fit-in/360x360/Products/18032024_1710764899320_1710764904009_619641_ZK_.png",
    "available": true,
    "promoUntil": null
  },
  {
    "id": "192021KGR",
    "title": "Jumbo Runderrookvlees Zeezout ca. 100 g",
    "category": "Vleeswaren, kaas en tapas",
    "price": 3.5,
    "promoPrice": null,
    "pricePerUnit": "35.0 kg",
    "image": "https://www.jumbo.com/dam-images/fit-in/360x360/Products/09082023_1691587038748_1691587048116_2379209000000_1.png",
    "available": true,
    "promoUntil": null
  },
  {
    "id": "462869FLS",
    "title": "Fanta Orange zero sugar 1 L",
    "category": "Frisdrank en sappen",
    "price": 2.39,
    "promoPrice": null,
    "pricePerUnit": "2.39 l",
    "image": "https://www.jumbo.com/dam-images/fit-in/360x360/Products/05022025_1738726758803_1738726765563_462869_FLS_05000112654134_H1N1.png",
    "available": true,
    "promoUntil": null
  },
  {
    "id": "656951BAK",
    "title": "Kips Mini Kipspiesjes 160 g",
    "category": "Vleeswaren, kaas en tapas",
    "price": 3.63,
    "promoPrice": null,
    "pricePerUnit": "22.69 kg",
    "image": "https://www.jumbo.com/dam-images/fit-in/360x360/Products/26022025_1740573214662_1740573221781_8710991000423_1.png",
    "available": true,
    "promoUntil": null
  },
  {
    "id": "592435PAK",
    "title": "Jumbo Tintelfris Appel-Perzik 1 Kcal - 1,5L",
    "category": "Frisdrank en sappen",
    "price": 1.29,
    "promoPrice": null,
    "pricePerUnit": "0.86 l",
    "image": "https://www.jumbo.com/dam-images/fit-in/360x360/Products/08052024_1715182453486_1715182466316_8718452776849_596.png",
    "available": true,
    "promoUntil": null
  },
  {
    "id": "673197SC",
    "title": "Jumbo Biologisch Appel Royal Gala 4 Stuks",
    "category": "Aardappelen, groente en fruit",
    "price": 2.99,
    "promoPrice": null,
    "pricePerUnit": "4.98 kg",
    "image": "https://www.jumbo.com/dam-images/fit-in/360x360/Products/23042025_1745422406519_1745422415477_8718452913534_1.png",
    "available": true,
    "promoUntil": null
  },
  {
    "id": "514110FLS",
    "title": "Karvan Cévitam Bosvruchten Original Siroop, 600 ml",
    "category": "Frisdrank en sappen",
    "price": 4.29,
    "promoPrice": null,
    "pricePerUnit": "7.15 l",
    "image": "https://www.jumbo.com/dam-images/fit-in/360x360/Products/08082025_1754616711690_1754616717777_514110_FLS_08715700122465_H1N1.png",
    "available": true,
    "promoUntil": null
  },
  {
    "id": "608968PAK",
    "title": "DubbelFrisss Boost Appel - Perzik 1,5L",
    "category": "Frisdrank en sappen",
    "price": 1.99,
    "promoPrice": null,
    "pricePerUnit": "1.33 l",
    "image": "https://www.jumbo.com/dam-images/fit-in/360x360/Products/26052025_1748277172882_1748277176842_8720157401926_1.png",
    "available": true,
    "promoUntil": null
  },
  {
    "id": "621333DSL",
    "title": "Jumbo Huiswijn - Droog & Fris 4 x 3 L",
    "category": "Bier en wijn",
    "price": 50.6,
    "promoPrice": null,
    "pricePerUnit": "4.22 l",
    "image": "https://www.jumbo.com/dam-images/fit-in/360x360/Products/621333DSL138626af2-48c0-4946-bd05-2e34b50e9f04-1717485196326.png",
    "available": true,
    "promoUntil": null
  },
  {
    "id": "302247STK",
    "title": "Jumbo Kropsla",
    "category": "Aardappelen, groente en fruit",
    "price": 0.95,
    "promoPrice": null,
    "pricePerUnit": "0.95 pieces",
    "image": "https://www.jumbo.com/dam-images/fit-in/360x360/Products/18092023_1695031386013_1695031394362_8710147743020_1.png",
    "available": true,
    "promoUntil": null
  },
  {
    "id": "495582ZK",
    "title": "Jumbo Mozzarella 220 g",
    "category": "Vleeswaren, kaas en tapas",
    "price": 1.79,
    "promoPrice": null,
    "pricePerUnit": "14.32 kg",
    "image": "https://www.jumbo.com/dam-images/fit-in/360x360/Products/09082023_1691592969004_1691592978989_8718452637454_1.png",
    "available": true,
    "promoUntil": null
  },
  {
    "id": "669604DS",
    "title": "Ariel Waspoeder Original 1.375kg, 25 Wasbeurten",
    "category": "Huishouden en dieren",
    "price": 17.99,
    "promoPrice": null,
    "pricePerUnit": "0.72 wb",
    "image": "https://www.jumbo.com/dam-images/fit-in/360x360/Products/11092025_1757588675759_1757588681258_8700216714693_1.png",
    "available": true,
    "promoUntil": null
  },
  {
    "id": "475503TRA",
    "title": "Jumbo Prosciutto di Parma 100 g",
    "category": "Vleeswaren, kaas en tapas",
    "price": 4.49,
    "promoPrice": null,
    "pricePerUnit": "44.9 kg",
    "image": "https://www.jumbo.com/dam-images/fit-in/360x360/Products/10082023_1691676434894_1691676455847_8718452623464_1.png",
    "available": true,
    "promoUntil": null
  },
  {
    "id": "462008PAK",
    "title": "Jumbo Pennywafels 8 Stuks",
    "category": "Koek, snoep, chocolade en chips",
    "price": 0.8,
    "promoPrice": null,
    "pricePerUnit": "5.33 kg",
    "image": "https://www.jumbo.com/dam-images/fit-in/360x360/Products/09082023_1691589291853_1691589298859_8718452584406_1.png",
    "available": true,
    "promoUntil": null
  },
  {
    "id": "201560ZK",
    "title": "Jumbo Kruidnoten 1 kg",
    "category": "Koek, snoep, chocolade en chips",
    "price": 2.29,
    "promoPrice": null,
    "pricePerUnit": "2.29 kg",
    "image": "https://www.jumbo.com/dam-images/fit-in/360x360/Products/09082023_1691587038804_1691587052559_8718452310265_1.png",
    "available": true,
    "promoUntil": null
  },
  {
    "id": "695615FLS",
    "title": "Robijn Quick Wash Sunset Bloom 22 Wasbeurten",
    "category": "Huishouden en dieren",
    "price": 18.99,
    "promoPrice": null,
    "pricePerUnit": "0.86 wb",
    "image": "https://www.jumbo.com/dam-images/fit-in/360x360/Products/28042025_1745820447174_1745820472149_695615_FLS_08720181715587_C1N1.png",
    "available": true,
    "promoUntil": null
  },
  {
    "id": "447895FLS",
    "title": "Jumbo Huiswijn - Halfzoet - 1L",
    "category": "Bier en wijn",
    "price": 4.89,
    "promoPrice": null,
    "pricePerUnit": "4.89 l",
    "image": "https://www.jumbo.com/dam-images/fit-in/360x360/Products/09082023_1691588551029_1691588566042_8718452554638_1.png",
    "available": true,
    "promoUntil": null
  },
  {
    "id": "687751ZK",
    "title": "Lay's Patatje Joppie Chips 300 gr",
    "category": "Koek, snoep, chocolade en chips",
    "price": 2.89,
    "promoPrice": null,
    "pricePerUnit": "9.63 kg",
    "image": "https://www.jumbo.com/dam-images/fit-in/360x360/Products/17062025_1750123404425_1750123413058_687751_ZK_08710398532299_C1N1.png",
    "available": true,
    "promoUntil": null
  },
  {
    "id": "291889BAK",
    "title": "Jumbo Filet Americain Peper 150 g",
    "category": "Vleeswaren, kaas en tapas",
    "price": 3.19,
    "promoPrice": null,
    "pricePerUnit": "21.27 kg",
    "image": "https://www.jumbo.com/dam-images/fit-in/360x360/Products/20112023_1700498044377_1700498057169_8718452604739_1.png",
    "available": true,
    "promoUntil": null
  },
  {
    "id": "680370TRA",
    "title": "Paneer Kaas 350g",
    "category": "Vlees, vis en vega",
    "price": 3.79,
    "promoPrice": null,
    "pricePerUnit": "11.48 kg",
    "image": "https://www.jumbo.com/dam-images/fit-in/360x360/Products/16052024_1715817610284_1715817619139_8716944000007_1.png",
    "available": true,
    "promoUntil": null
  },
  {
    "id": "559682CUP",
    "title": "Jumbo Plakjes Fuet 70 g",
    "category": "Vleeswaren, kaas en tapas",
    "price": 2.29,
    "promoPrice": null,
    "pricePerUnit": "32.71 kg",
    "image": "https://www.jumbo.com/dam-images/fit-in/360x360/Products/14022024_1707873858351_1707873869323_8718452767885_1.png",
    "available": true,
    "promoUntil": null
  },
  {
    "id": "388058STK",
    "title": "Jumbo - Slagroom Schnitte",
    "category": "Brood en gebak",
    "price": 7.49,
    "promoPrice": null,
    "pricePerUnit": "7.49 pieces",
    "image": "https://www.jumbo.com/dam-images/fit-in/360x360/Products/09092025_1757406804302_1757406824792_8718452379620_9.png",
    "available": true,
    "promoUntil": null
  },
  {
    "id": "539118DSL",
    "title": "Sourcy Blauw mineraalwater Blik 24 x 330 ML",
    "category": "Frisdrank en sappen",
    "price": 13.64,
    "promoPrice": null,
    "pricePerUnit": "1.72 l",
    "image": "https://www.jumbo.com/dam-images/fit-in/360x360/Products/261910DSL-1692362490112.png",
    "available": true,
    "promoUntil": null
  },
  {
    "id": "672513PAK",
    "title": "Lochtman Romige Kippenragout Vol Au Vent 500 g",
    "category": "Vlees, vis en vega",
    "price": 4.89,
    "promoPrice": null,
    "pricePerUnit": "9.78 kg",
    "image": "https://www.jumbo.com/dam-images/fit-in/360x360/Products/09082023_1691587038437_1691587054621_8717056390048_1.png",
    "available": true,
    "promoUntil": null
  },
  {
    "id": "601718PAK",
    "title": "Jumbo Cola Zero Sugar 6 x 500 ML",
    "category": "Frisdrank en sappen",
    "price": 2.29,
    "promoPrice": null,
    "pricePerUnit": "0.76 l",
    "image": "https://www.jumbo.com/dam-images/fit-in/360x360/Products/01022024_1706794451308_1706794463453_8718452749898_1.png",
    "available": true,
    "promoUntil": null
  },
  {
    "id": "424903KRT",
    "title": "Birra Moretti L'Autentica Bier Fles 24 x 300ml Krat",
    "category": "Bier en wijn",
    "price": 22.65,
    "promoPrice": null,
    "pricePerUnit": "3.15 l",
    "image": "https://www.jumbo.com/dam-images/fit-in/360x360/Products/07012025_1736267673624_1736267678791_5410263924862_1.png",
    "available": true,
    "promoUntil": null
  },
  {
    "id": "653892ZK",
    "title": "Jumbo Airfryer Frites 1 kg",
    "category": "Diepvries",
    "price": 1.79,
    "promoPrice": null,
    "pricePerUnit": "1.79 kg",
    "image": "https://www.jumbo.com/dam-images/fit-in/360x360/Products/01112024_1730471707712_1730471731082_8718452804405_596.png",
    "available": true,
    "promoUntil": null
  },
  {
    "id": "180680ZK",
    "title": "Jumbo Franse Frites 1 kg",
    "category": "Diepvries",
    "price": 1.79,
    "promoPrice": null,
    "pricePerUnit": "1.79 kg",
    "image": "https://www.jumbo.com/dam-images/fit-in/360x360/Products/29092023_1695994882071_1695994891268_8718452295067_1.png",
    "available": true,
    "promoUntil": null
  },
  {
    "id": "425050DSL",
    "title": "Lipton Ice Tea Green Lemon 6 x 1,5 L",
    "category": "Frisdrank en sappen",
    "price": 21.09,
    "promoPrice": null,
    "pricePerUnit": "2.34 l",
    "image": "https://www.jumbo.com/dam-images/fit-in/360x360/Products/425050DSL18fdcfdf7-e67a-4668-856f-6391a6940df5-1712132701671.png",
    "available": true,
    "promoUntil": null
  },
  {
    "id": "283608STK",
    "title": "Jumbo Nasi & Bami Mix 4 x 50 g - Voordeelverpakking",
    "category": "Wereldkeukens, kruiden, pasta en rijst",
    "price": 2.49,
    "promoPrice": null,
    "pricePerUnit": "12.45 kg",
    "image": "https://www.jumbo.com/dam-images/fit-in/360x360/Products/09082023_1691586030303_1691586045972_8718452376193_1.png",
    "available": true,
    "promoUntil": null
  },
  {
    "id": "174978DSL",
    "title": "Neutral Vloeibare Handzeep Parfumvrij 6 x 250 ml",
    "category": "Drogisterij en baby",
    "price": 26.1,
    "promoPrice": 18.26,
    "pricePerUnit": "12.18 l",
    "image": "https://www.jumbo.com/dam-images/fit-in/360x360/Products/13112024_1731493975992_1731493979736_8710908412684_1.png",
    "available": true,
    "promoUntil": "di 7 okt"
  },
  {
    "id": "583893FLS",
    "title": "Jumbo Appel Nectar uit Sapconcentraat 1,5 L",
    "category": "Frisdrank en sappen",
    "price": 1.79,
    "promoPrice": null,
    "pricePerUnit": "1.19 l",
    "image": "https://www.jumbo.com/dam-images/fit-in/360x360/Products/12122024_1734014622066_1734014627036_8718452646319_1.png",
    "available": true,
    "promoUntil": null
  },
  {
    "id": "428484FLS",
    "title": "Fuze Tea Green Iced Tea 1,25 L",
    "category": "Frisdrank en sappen",
    "price": 2.75,
    "promoPrice": null,
    "pricePerUnit": "2.2 l",
    "image": "https://www.jumbo.com/dam-images/fit-in/360x360/Products/14082025_1755137683923_1755137691767_428484_FLS_05000112646399_H1N1.png",
    "available": true,
    "promoUntil": null
  },
  {
    "id": "380101ZK",
    "title": "Jumbo Aardappelen Vastkokend 1 kg",
    "category": "Aardappelen, groente en fruit",
    "price": 1.65,
    "promoPrice": null,
    "pricePerUnit": "1.65 kg",
    "image": "https://www.jumbo.com/dam-images/fit-in/360x360/Products/29092023_1695995100140_1695995107194_8718452499175_1.png",
    "available": true,
    "promoUntil": null
  },
  {
    "id": "386611KGR",
    "title": "Jumbo Fijnproevers Flat Iron Steak ca. 200 g",
    "category": "Vlees, vis en vega",
    "price": 6.98,
    "promoPrice": null,
    "pricePerUnit": "34.89 kg",
    "image": "https://www.jumbo.com/dam-images/fit-in/360x360/Products/04072025_1751617992649_1751617998025_2333534000000_1.png",
    "available": true,
    "promoUntil": null
  },
  {
    "id": "208687ZK",
    "title": "Jumbo's Ricotta Spinazie Ravioli 250 g",
    "category": "Wereldkeukens, kruiden, pasta en rijst",
    "price": 2.99,
    "promoPrice": null,
    "pricePerUnit": "11.96 kg",
    "image": "https://www.jumbo.com/dam-images/fit-in/360x360/Products/23092024_1727091276985_1727091285033_8718452832552_1.png",
    "available": true,
    "promoUntil": null
  },
  {
    "id": "207736FLS",
    "title": "Enjoy It - Chardonnay - Alcoholvrij <0,5% - 750 ML",
    "category": "Bier en wijn",
    "price": 4.29,
    "promoPrice": null,
    "pricePerUnit": "5.72 l",
    "image": "https://www.jumbo.com/dam-images/fit-in/360x360/Products/08092025_1757338394671_1757338397694_4003301082771_1.png",
    "available": true,
    "promoUntil": null
  },
  {
    "id": "688507FLS",
    "title": "Robijn Wasmiddel Tropical 665ML",
    "category": "Huishouden en dieren",
    "price": 18.39,
    "promoPrice": null,
    "pricePerUnit": "0.97 wb",
    "image": "https://www.jumbo.com/dam-images/fit-in/360x360/Products/26062025_1750901438178_1750901518930_688507_FLS_08720181440014_C1N1.png",
    "available": true,
    "promoUntil": null
  },
  {
    "id": "522951CUP",
    "title": "Jumbo Oude Kaas Salade 200 g",
    "category": "Vleeswaren, kaas en tapas",
    "price": 2.96,
    "promoPrice": null,
    "pricePerUnit": "14.8 kg",
    "image": "https://www.jumbo.com/dam-images/fit-in/360x360/Products/05102024_1728086420104_1728086424677_8718452813032_1.png",
    "available": true,
    "promoUntil": null
  },
  {
    "id": "398354ZK",
    "title": "Jumbo Ribbel Chips Naturel 250 g",
    "category": "Koek, snoep, chocolade en chips",
    "price": 1.34,
    "promoPrice": null,
    "pricePerUnit": "5.36 kg",
    "image": "https://www.jumbo.com/dam-images/fit-in/360x360/Products/01112024_1730464446767_1730464463382_8718452836284_596.png",
    "available": true,
    "promoUntil": null
  },
  {
    "id": "183555FLS",
    "title": "Jumbo Krachtige Dikbleek Eucalyptus 750 ml",
    "category": "Huishouden en dieren",
    "price": 0.89,
    "promoPrice": null,
    "pricePerUnit": "1.19 l",
    "image": "https://www.jumbo.com/dam-images/fit-in/360x360/Products/29092023_1695996129167_1695996132200_8718452677511_1.png",
    "available": true,
    "promoUntil": null
  },
  {
    "id": "520460PAK",
    "title": "Jumbo Soeppakket Prei Kerrie 4-6 Personen",
    "category": "Wereldkeukens, kruiden, pasta en rijst",
    "price": 4.89,
    "promoPrice": 2.99,
    "pricePerUnit": "2.77 kg",
    "image": "https://www.jumbo.com/dam-images/fit-in/360x360/Products/14022024_1707872955273_1707872966614_8718452666225_1.png",
    "available": true,
    "promoUntil": "di 30 sep"
  },
  {
    "id": "601538STK",
    "title": "Jumbo Pedaalemmerzakken Biologisch 20 L met Handvat 10 Stuks",
    "category": "Huishouden en dieren",
    "price": 1.28,
    "promoPrice": null,
    "pricePerUnit": "0.13 pieces",
    "image": "https://www.jumbo.com/dam-images/fit-in/360x360/Products/18022025_1739896393396_1739896403122_8718452758692_596.png",
    "available": true,
    "promoUntil": null
  },
  {
    "id": "96226FLS",
    "title": "Waterval Rosé 750 ml",
    "category": "Bier en wijn",
    "price": 5.29,
    "promoPrice": null,
    "pricePerUnit": "7.05 l",
    "image": "https://www.jumbo.com/dam-images/fit-in/360x360/Products/28112024_1732807996442_1732808000016_6001506904025_1.png",
    "available": true,
    "promoUntil": null
  },
  {
    "id": "205301STK",
    "title": "Nutrilon 3 Opvolgmelk - Baby 10-12 Maanden 800g",
    "category": "Drogisterij en baby",
    "price": 17.81,
    "promoPrice": null,
    "pricePerUnit": "22.26 kg",
    "image": "https://www.jumbo.com/dam-images/fit-in/360x360/Products/28082025_1756398807889_1756398812212_8712400117678_1.png",
    "available": true,
    "promoUntil": null
  },
  {
    "id": "162839PAK",
    "title": "Jumbo Helder Appel- en Peer Smaak 1,5 L",
    "category": "Frisdrank en sappen",
    "price": 1.39,
    "promoPrice": null,
    "pricePerUnit": "0.93 l",
    "image": "https://www.jumbo.com/dam-images/fit-in/360x360/Products/13197001T5960315ecd8-0d6b-4ac9-88ed-fbac040f5cd4-1723806985161.png",
    "available": true,
    "promoUntil": null
  },
  {
    "id": "623624PAK",
    "title": "Jumbo Melkchocolade 400 g",
    "category": "Koek, snoep, chocolade en chips",
    "price": 5.63,
    "promoPrice": null,
    "pricePerUnit": "14.08 kg",
    "image": "https://www.jumbo.com/dam-images/fit-in/360x360/Products/03062025_1748968348035_1748968365429_8718452876990_596.png",
    "available": true,
    "promoUntil": null
  },
  {
    "id": "700391FLS",
    "title": "Fleuril Color Wasmiddel 29WB",
    "category": "Huishouden en dieren",
    "price": 13.99,
    "promoPrice": null,
    "pricePerUnit": "0.48 wb",
    "image": "https://www.jumbo.com/dam-images/fit-in/360x360/Products/05410091777050C1N186878470-ef0e-4861-be53-9817f7d24eef-1751377441031.png",
    "available": true,
    "promoUntil": null
  },
  {
    "id": "230552ZK",
    "title": "Jumbo Italiaanse Roerbakmix Zonder Ui 400 g",
    "category": "Aardappelen, groente en fruit",
    "price": 2.79,
    "promoPrice": null,
    "pricePerUnit": "6.98 kg",
    "image": "https://www.jumbo.com/dam-images/fit-in/360x360/Products/29072024_1722270917361_1722270928069_8718452786725_1.png",
    "available": true,
    "promoUntil": null
  },
  {
    "id": "617350PAK",
    "title": "Wicky Smaak Aardbei 0% Suiker 6 x 200 ml",
    "category": "Frisdrank en sappen",
    "price": 1.99,
    "promoPrice": null,
    "pricePerUnit": "1.66 l",
    "image": "https://www.jumbo.com/dam-images/fit-in/360x360/Products/14082025_1755136314223_1755136320576_617350_PAK_08711900018935_A1N1.png",
    "available": true,
    "promoUntil": null
  },
  {
    "id": "159526PAK",
    "title": "Jumbo Biologische Trostomaten 500 g",
    "category": "Aardappelen, groente en fruit",
    "price": 2.75,
    "promoPrice": null,
    "pricePerUnit": "5.5 kg",
    "image": "https://www.jumbo.com/dam-images/fit-in/360x360/Products/12022024_1707737620125_1707737628616_8718452651405_1.png",
    "available": true,
    "promoUntil": null
  },
  {
    "id": "391716KRT",
    "title": "Grolsch - 0.0% Alcoholvrij - Krat - 24 x 300ML",
    "category": "Bier en wijn",
    "price": 18.49,
    "promoPrice": null,
    "pricePerUnit": "2.57 l",
    "image": "https://www.jumbo.com/dam-images/fit-in/360x360/Products/08716700031771H1N161ff7117-c761-4e95-9766-3108cf31e6d4-1758098203927.png",
    "available": true,
    "promoUntil": null
  },
  {
    "id": "90126BAK",
    "title": "Johma Eisalade 175 g",
    "category": "Vleeswaren, kaas en tapas",
    "price": 3.15,
    "promoPrice": null,
    "pricePerUnit": "18.0 kg",
    "image": "https://www.jumbo.com/dam-images/fit-in/360x360/Products/31072025_1753925348397_1753925357288_90126_BAK_08710506039023_C1N1.png",
    "available": true,
    "promoUntil": null
  },
  {
    "id": "515715ZK",
    "title": "Croky Partymix 12 x 30 g",
    "category": "Koek, snoep, chocolade en chips",
    "price": 4.49,
    "promoPrice": null,
    "pricePerUnit": "12.47 kg",
    "image": "https://www.jumbo.com/dam-images/fit-in/360x360/Products/09082023_1691593192910_1691593195711_5414359902291_1.png",
    "available": true,
    "promoUntil": null
  },
  {
    "id": "514981KGR",
    "title": "Jumbo Vleugels Kip ca. 580 g",
    "category": "Vlees, vis en vega",
    "price": 4.0,
    "promoPrice": null,
    "pricePerUnit": "6.89 kg",
    "image": "https://www.jumbo.com/dam-images/fit-in/360x360/Products/05112024_1730817307058_1730817314501_2378612000000_1.png",
    "available": true,
    "promoUntil": null
  },
  {
    "id": "58380KGR",
    "title": "Jumbo Rund Mergpijp ca. 230 g",
    "category": "Vlees, vis en vega",
    "price": 2.28,
    "promoPrice": null,
    "pricePerUnit": "9.9 kg",
    "image": "https://www.jumbo.com/dam-images/fit-in/360x360/Products/04072025_1751617973733_1751617979447_2369083000000_1.png",
    "available": true,
    "promoUntil": null
  },
  {
    "id": "594604SC",
    "title": "Vers Aan Tafel Kip Oma's Recept Gebakken Aardappelen 500 g",
    "category": "Verse maaltijden en gemak",
    "price": 5.99,
    "promoPrice": null,
    "pricePerUnit": "11.98 kg",
    "image": "https://www.jumbo.com/dam-images/fit-in/360x360/Products/14022024_1707873858749_1707873870910_8717568249858_1.png",
    "available": true,
    "promoUntil": null
  },
  {
    "id": "577909BAK",
    "title": "Jumbo Groene Salade Caesar 285 g",
    "category": "Aardappelen, groente en fruit",
    "price": 4.29,
    "promoPrice": null,
    "pricePerUnit": "15.05 kg",
    "image": "https://www.jumbo.com/dam-images/fit-in/360x360/Products/10062024_1718033712172_1718033720395_8718452805501_1.png",
    "available": true,
    "promoUntil": null
  },
  {
    "id": "73894DS",
    "title": "Jumbo Pizza Mozzarella 335 g",
    "category": "Diepvries",
    "price": 2.49,
    "promoPrice": null,
    "pricePerUnit": "7.43 kg",
    "image": "https://www.jumbo.com/dam-images/fit-in/360x360/Products/14022024_1707873087187_1707873097536_8718452660094_1.png",
    "available": true,
    "promoUntil": null
  },
  {
    "id": "656694KGR",
    "title": "Wapenaer Goudse Kaas Jong 48+ Voordeelverpakking Plakken ca. 350 g",
    "category": "Vleeswaren, kaas en tapas",
    "price": 5.49,
    "promoPrice": null,
    "pricePerUnit": "15.69 kg",
    "image": "https://www.jumbo.com/dam-images/fit-in/360x360/Products/04092025_1756996410698_1756996415923_2336148000000_1.png",
    "available": true,
    "promoUntil": null
  },
  {
    "id": "638179KGR",
    "title": "Jumbo Elzasser Cervelaat ca. 115 g",
    "category": "Vleeswaren, kaas en tapas",
    "price": 2.5,
    "promoPrice": null,
    "pricePerUnit": "21.74 kg",
    "image": "https://www.jumbo.com/dam-images/fit-in/360x360/Products/22082024_1724337261770_1724337268759_2348606000000_1.png",
    "available": true,
    "promoUntil": null
  },
  {
    "id": "449606CUP",
    "title": "Jumbo Witte Kaasblokjes 340 g",
    "category": "Vleeswaren, kaas en tapas",
    "price": 2.69,
    "promoPrice": null,
    "pricePerUnit": "13.45 kg",
    "image": "https://www.jumbo.com/dam-images/fit-in/360x360/Products/29092023_1695995345137_1695995349508_8718452577743_1.png",
    "available": true,
    "promoUntil": null
  },
  {
    "id": "428004PKL",
    "title": "Jumbo Helder Bruisend Water Citroen 6 x 1,5L",
    "category": "Frisdrank en sappen",
    "price": 7.14,
    "promoPrice": null,
    "pricePerUnit": "0.79 l",
    "image": "https://www.jumbo.com/dam-images/fit-in/360x360/Products/226847DSL-1692362324774.png",
    "available": true,
    "promoUntil": null
  },
  {
    "id": "553392PAK",
    "title": "Spa TOUCH Bruisend Lemon 4 x 1 L",
    "category": "Frisdrank en sappen",
    "price": 6.88,
    "promoPrice": null,
    "pricePerUnit": "1.72 l",
    "image": "https://www.jumbo.com/dam-images/fit-in/360x360/Products/12122024_1734014740950_1734014750755_5410013153979_1.png",
    "available": true,
    "promoUntil": null
  },
  {
    "id": "163177PAK",
    "title": "LU Mini Crackers Olijfolie & Oregano 8 x 5 Stuks 250g",
    "category": "Koek, snoep, chocolade en chips",
    "price": 2.19,
    "promoPrice": null,
    "pricePerUnit": "8.76 kg",
    "image": "https://www.jumbo.com/dam-images/fit-in/360x360/Products/24092025_1758720818025_1758720825485_7622210475183_596.png",
    "available": true,
    "promoUntil": null
  },
  {
    "id": "617351PAK",
    "title": "Wicky 0% Suiker Smaak Fruit 6 x 200 ml",
    "category": "Frisdrank en sappen",
    "price": 1.99,
    "promoPrice": null,
    "pricePerUnit": "1.66 l",
    "image": "https://www.jumbo.com/dam-images/fit-in/360x360/Products/14082025_1755136303161_1755136308949_617351_PAK_08711900018959_A1N1.png",
    "available": true,
    "promoUntil": null
  },
  {
    "id": "681363KGR",
    "title": "Jumbo Haringfilet Gerookt ca. 205 g",
    "category": "Vlees, vis en vega",
    "price": 2.97,
    "promoPrice": null,
    "pricePerUnit": "12.9 kg",
    "image": "https://www.jumbo.com/dam-images/fit-in/360x360/Products/17072024_1721205200159_1721205206391_2349041000000_1.png",
    "available": true,
    "promoUntil": null
  },
  {
    "id": "669396SC",
    "title": "Jumbo Snackgroente Tomaatjes 250g",
    "category": "Aardappelen, groente en fruit",
    "price": 2.19,
    "promoPrice": null,
    "pricePerUnit": "8.76 kg",
    "image": "https://www.jumbo.com/dam-images/fit-in/360x360/Products/09082023_1691591226899_1691591273003_8718452687039_1.png",
    "available": true,
    "promoUntil": null
  },
  {
    "id": "575882STK",
    "title": "Jumbo Goudse Kaas 30+ Jong Belegen Stuk 450 g",
    "category": "Vleeswaren, kaas en tapas",
    "price": 4.91,
    "promoPrice": null,
    "pricePerUnit": "10.91 kg",
    "image": "https://www.jumbo.com/dam-images/fit-in/360x360/Products/14022024_1707873374601_1707873387690_8718452695423_1.png",
    "available": true,
    "promoUntil": null
  },
  {
    "id": "502291FLS",
    "title": "RAAK Vruchtensiroop Peer Zero Sugar 0,75 L",
    "category": "Frisdrank en sappen",
    "price": 3.49,
    "promoPrice": null,
    "pricePerUnit": "4.65 l",
    "image": "https://www.jumbo.com/dam-images/fit-in/360x360/Products/24072025_1753325061525_1753325066333_502291_FLS_00000087365344_C1N1.png",
    "available": true,
    "promoUntil": null
  },
  {
    "id": "300140STK",
    "title": "Jumbo - Rond Wit Brood",
    "category": "Brood en gebak",
    "price": 1.66,
    "promoPrice": null,
    "pricePerUnit": "2.08 kg",
    "image": "https://www.jumbo.com/dam-images/fit-in/360x360/Products/22042024_1713800058120_1713800062516_8718452636440_1.png",
    "available": true,
    "promoUntil": null
  },
  {
    "id": "477883PAK",
    "title": "Jumbo Zeevruchten Praliné 250 g",
    "category": "Koek, snoep, chocolade en chips",
    "price": 3.49,
    "promoPrice": null,
    "pricePerUnit": "13.96 kg",
    "image": "https://www.jumbo.com/dam-images/fit-in/360x360/Products/24032025_1742830392240_1742830402258_8718452591251_1.png",
    "available": true,
    "promoUntil": null
  },
  {
    "id": "591499STK",
    "title": "Jumbo Roerbakmix Hollands 400 g",
    "category": "Aardappelen, groente en fruit",
    "price": 2.49,
    "promoPrice": null,
    "pricePerUnit": "6.23 kg",
    "image": "https://www.jumbo.com/dam-images/fit-in/360x360/Products/05062024_1717601667808_1717601679614_8718452786732_1.png",
    "available": true,
    "promoUntil": null
  },
  {
    "id": "478576DS",
    "title": "Dr. Oetker Ristorante Pizza Salami Mozzarella Pesto 360 g",
    "category": "Diepvries",
    "price": 3.89,
    "promoPrice": null,
    "pricePerUnit": "10.81 kg",
    "image": "https://www.jumbo.com/dam-images/fit-in/360x360/Products/17042025_1744853210430_1744853218888_478576_DS_04001724039297_C1N1_s05.png",
    "available": true,
    "promoUntil": null
  },
  {
    "id": "672952STK",
    "title": "Lochtman Limburgs Zuurvlees Rund 500 g",
    "category": "Vlees, vis en vega",
    "price": 5.59,
    "promoPrice": null,
    "pricePerUnit": "11.18 kg",
    "image": "https://www.jumbo.com/dam-images/fit-in/360x360/Products/09082023_1691587042840_1691587051814_8717056390765_1.png",
    "available": true,
    "promoUntil": null
  },
  {
    "id": "677610STK",
    "title": "Pampers Baby-Dry Maat 4, 90 Luiers",
    "category": "Drogisterij en baby",
    "price": 41.49,
    "promoPrice": null,
    "pricePerUnit": "0.46 pieces",
    "image": "https://www.jumbo.com/dam-images/fit-in/360x360/Products/14082025_1755196423641_1755196428792_8700216754255_1.png",
    "available": true,
    "promoUntil": null
  },
  {
    "id": "587132ZK",
    "title": "Mora Oven & Airfryer Rundvlees Bitterballen Party Pack 30 x 20 g",
    "category": "Diepvries",
    "price": 6.99,
    "promoPrice": null,
    "pricePerUnit": "11.65 kg",
    "image": "https://www.jumbo.com/dam-images/fit-in/360x360/Products/16052025_1747363557406_1747363575639_587132_ZK_08710861914515_H1N1_R.png",
    "available": true,
    "promoUntil": null
  },
  {
    "id": "533231TRA",
    "title": "Fuze Tea Infused Iced Tea Black Tea Peach Hibiscus 4 x 250 ml",
    "category": "Frisdrank en sappen",
    "price": 3.25,
    "promoPrice": null,
    "pricePerUnit": "3.25 l",
    "image": "https://www.jumbo.com/dam-images/fit-in/360x360/Products/30042025_1745998367111_1745998374137_5000112659900_1.png",
    "available": true,
    "promoUntil": null
  },
  {
    "id": "610254STK",
    "title": "Jumbo - Aardbeienbavaroisvlaai - Half",
    "category": "Brood en gebak",
    "price": 7.99,
    "promoPrice": null,
    "pricePerUnit": "7.99 pieces",
    "image": "https://www.jumbo.com/dam-images/fit-in/360x360/Products/8718452836543T9e5750f79-c10c-4cf6-9d1e-01349cd9c4df-1754564943023.png",
    "available": true,
    "promoUntil": null
  },
  {
    "id": "438257POT",
    "title": "Jumbo Roze Mix Zoet & Zacht 500 g",
    "category": "Koek, snoep, chocolade en chips",
    "price": 2.79,
    "promoPrice": null,
    "pricePerUnit": "5.58 kg",
    "image": "https://www.jumbo.com/dam-images/fit-in/360x360/Products/12052025_1747038797029_1747038806808_8718452650361_1.png",
    "available": true,
    "promoUntil": null
  },
  {
    "id": "364031STK",
    "title": "Moët & Chandon - Champagne Rosé Impérial - 750 ML",
    "category": "Bier en wijn",
    "price": 76.0,
    "promoPrice": null,
    "pricePerUnit": "101.33 l",
    "image": "https://www.jumbo.com/dam-images/fit-in/360x360/Products/MIR0DPIveryhigh-1728995270119.png",
    "available": true,
    "promoUntil": null
  },
  {
    "id": "361024PAK",
    "title": "Hertog Jan - 0.0% Alcoholvrij - Fles - 6 x 300ML",
    "category": "Bier en wijn",
    "price": 4.79,
    "promoPrice": null,
    "pricePerUnit": "2.66 l",
    "image": "https://www.jumbo.com/dam-images/fit-in/360x360/Products/21022025_1740111997376_1740112008014_361024_PAK_08725000654269_H1N1.png",
    "available": true,
    "promoUntil": null
  },
  {
    "id": "640597TRA",
    "title": "Jumbo Spek voor Pannenkoeken 150 g",
    "category": "Vleeswaren, kaas en tapas",
    "price": 3.23,
    "promoPrice": null,
    "pricePerUnit": "21.53 kg",
    "image": "https://www.jumbo.com/dam-images/fit-in/360x360/Products/12122024_1734021187106_1734021199591_8718452749478_1.png",
    "available": true,
    "promoUntil": null
  },
  {
    "id": "526988DS",
    "title": "Iglo Vissticks 15 stuks 15 x 28 g",
    "category": "Diepvries",
    "price": 4.0,
    "promoPrice": null,
    "pricePerUnit": "9.52 kg",
    "image": "https://www.jumbo.com/dam-images/fit-in/360x360/Products/25062024_1719278078030_1719278083833_526988_DS_08720195571568_C1N1.png",
    "available": true,
    "promoUntil": null
  },
  {
    "id": "694913PAK",
    "title": "Jumbo Vitaminedrink  Zero Sugar Framboos- & Granaatappelsmaak 6 x 500ML",
    "category": "Frisdrank en sappen",
    "price": 3.79,
    "promoPrice": null,
    "pricePerUnit": "1.26 l",
    "image": "https://www.jumbo.com/dam-images/fit-in/360x360/Products/24072025_1753360360513_1753360369760_8718452904266_1.png",
    "available": true,
    "promoUntil": null
  },
  {
    "id": "628898CUP",
    "title": "Jumbo Kruidenboter 100 g",
    "category": "Vleeswaren, kaas en tapas",
    "price": 1.35,
    "promoPrice": null,
    "pricePerUnit": "13.5 kg",
    "image": "https://www.jumbo.com/dam-images/fit-in/360x360/Products/24102024_1729787647643_1729787656301_8718452842537_1.png",
    "available": true,
    "promoUntil": null
  },
  {
    "id": "616648FLS",
    "title": "Palmolive Handzeep Amandel 300 ml",
    "category": "Drogisterij en baby",
    "price": 2.79,
    "promoPrice": null,
    "pricePerUnit": "9.3 l",
    "image": "https://www.jumbo.com/dam-images/fit-in/360x360/Products/02032024_1709345697555_1709345700887_616648_FLS_08718951669017_C1N1.png",
    "available": true,
    "promoUntil": null
  },
  {
    "id": "536545BLK",
    "title": "Grolsch - Krachtig Kanon - Blik - 500ML",
    "category": "Bier en wijn",
    "price": 2.49,
    "promoPrice": null,
    "pricePerUnit": "4.98 l",
    "image": "https://www.jumbo.com/dam-images/fit-in/360x360/Products/18032025_1742263646612_1742263656809_536545_BLK_08716700018833_H1N1.png",
    "available": true,
    "promoUntil": null
  },
  {
    "id": "624843FLS",
    "title": "Dettol Spray Multireiniger 750 ML",
    "category": "Huishouden en dieren",
    "price": 4.99,
    "promoPrice": null,
    "pricePerUnit": "6.65 l",
    "image": "https://www.jumbo.com/dam-images/fit-in/360x360/Products/08710552313269A1N1c3a12d02-417d-474a-a31c-5e8592a9777d-1721920674316.png",
    "available": true,
    "promoUntil": null
  },
  {
    "id": "537657PAK",
    "title": "Hero Cassis Zero 4 x 250 ml",
    "category": "Frisdrank en sappen",
    "price": 2.99,
    "promoPrice": null,
    "pricePerUnit": "2.99 l",
    "image": "https://www.jumbo.com/dam-images/fit-in/360x360/Products/28112023_1701178384428_1701178392384_8713500080930_1.png",
    "available": true,
    "promoUntil": null
  },
  {
    "id": "275071PAK",
    "title": "Liefmans - Fruitesse Alcoholvrij 0.0% - Fles - 4 x 250ML",
    "category": "Bier en wijn",
    "price": 5.69,
    "promoPrice": null,
    "pricePerUnit": "5.69 l",
    "image": "https://www.jumbo.com/dam-images/fit-in/360x360/Products/09082023_1691591227272_1691591265825_5411686701597_1.png",
    "available": true,
    "promoUntil": null
  },
  {
    "id": "428446FLS",
    "title": "Fanta Cassis 1,5 L",
    "category": "Frisdrank en sappen",
    "price": 2.85,
    "promoPrice": null,
    "pricePerUnit": "1.9 l",
    "image": "https://www.jumbo.com/dam-images/fit-in/360x360/Products/24082023_1692843258097_1692843261320_428446_FLS_05000112646313_H1N1.png",
    "available": true,
    "promoUntil": null
  },
  {
    "id": "497042ZK",
    "title": "Jumbo Mozzarella Maxi 250 g",
    "category": "Vleeswaren, kaas en tapas",
    "price": 2.49,
    "promoPrice": null,
    "pricePerUnit": "9.96 kg",
    "image": "https://www.jumbo.com/dam-images/fit-in/360x360/Products/09082023_1691591409389_1691591413005_8718452637485_1.png",
    "available": true,
    "promoUntil": null
  }
]