[
  {
    "id": "190457CUP",
    "title": "Sheba Sauce Collection met Zalm 85 g",
    "category": "Huishouden en dieren",
    "price": 0.84,
    "promoPrice": null,
    "pricePerUnit": "9.88 kg",
    "image": "https://www.jumbo.com/dam-images/fit-in/360x360/Products/26052025_1748225430401_1748225440363_190457_CUP_04008429073380_H1N1.png",
    "available": true,
    "promoUntil": null
  },
  {
    "id": "588322STK",
    "title": "Wireless Speaker",
    "category": "Non-food en servicebalie",
    "price": 9.99,
    "promoPrice": null,
    "pricePerUnit": "9.99 pieces",
    "image": "https://www.jumbo.com/dam-images/fit-in/360x360/Products/15042025_1744727549845_1744727555986_8721139648964_1.png",
    "available": true,
    "promoUntil": null
  },
  {
    "id": "138529TUB",
    "title": "NIVEA Dagelijkse Reinigingsscrub - Zuivert de poriën - 150ml",
    "category": "Drogisterij en baby",
    "price": 11.29,
    "promoPrice": null,
    "pricePerUnit": "75.27 l",
    "image": "https://www.jumbo.com/dam-images/fit-in/360x360/Products/18082025_1755527557019_1755527560467_4005808979318_1.png",
    "available": true,
    "promoUntil": null
  },
  {
    "id": "529525DS",
    "title": "kinder Happy Moments 161 g",
    "category": "Koek, snoep, chocolade en chips",
    "price": 5.34,
    "promoPrice": null,
    "pricePerUnit": "33.17 kg",
    "image": "https://www.jumbo.com/dam-images/fit-in/360x360/Products/09082023_1691590437705_1691590534328_8000500389652_1.png",
    "available": true,
    "promoUntil": null
  },
  {
    "id": "87355ZK",
    "title": "Kinder Schoko-Bons 200 g",
    "category": "Koek, snoep, chocolade en chips",
    "price": 4.46,
    "promoPrice": null,
    "pricePerUnit": "22.3 kg",
    "image": "https://www.jumbo.com/dam-images/fit-in/360x360/Products/20092024_1726828459761_1726828465925_5413548283128_1.png",
    "available": true,
    "promoUntil": null
  },
  {
    "id": "680509ZK",
    "title": "Nerds Gummy Clusters Fruits 113g",
    "category": "Wereldkeukens, kruiden, pasta en rijst",
    "price": 3.49,
    "promoPrice": null,
    "pricePerUnit": "30.88 kg",
    "image": "https://www.jumbo.com/dam-images/fit-in/360x360/Products/18022025_1739888729089_1739888736101_680509_ZK_01230000131018_C1N1.png",
    "available": true,
    "promoUntil": null
  },
  {
    "id": "560260DS",
    "title": "Lassie Witte Tover rijst extra vezels mix 375 g",
    "category": "Wereldkeukens, kruiden, pasta en rijst",
    "price": 1.75,
    "promoPrice": null,
    "pricePerUnit": "4.67 kg",
    "image": "https://www.jumbo.com/dam-images/fit-in/360x360/Products/10052024_1715306379933_1715306386332_560260_DS_08718781601874_H1N1.png",
    "available": true,
    "promoUntil": null
  },
  {
    "id": "583025BLK",
    "title": "Olijven gevuld met citroen",
    "category": "Wereldkeukens, kruiden, pasta en rijst",
    "price": 1.17,
    "promoPrice": null,
    "pricePerUnit": "5.85 kg",
    "image": "https://www.jumbo.com/dam-images/fit-in/360x360/Products/16052024_1715871309149_1715871314828_8718247443611_1.png",
    "available": true,
    "promoUntil": null
  },
  {
    "id": "646187POT",
    "title": "Polli Pesto alla Calabrese 190 g ",
    "category": "Wereldkeukens, kruiden, pasta en rijst",
    "price": 2.99,
    "promoPrice": null,
    "pricePerUnit": "15.74 kg",
    "image": "https://www.jumbo.com/dam-images/fit-in/360x360/Products/27012025_1737991945662_1737991953561_8001310811050_1.png",
    "available": true,
    "promoUntil": null
  },
  {
    "id": "624141ZK",
    "title": "Raw Organic Food Rozijnenmix 300 g",
    "category": "Koek, snoep, chocolade en chips",
    "price": 4.39,
    "promoPrice": null,
    "pricePerUnit": "14.63 kg",
    "image": "https://www.jumbo.com/dam-images/fit-in/360x360/Products/04092025_1757003587486_1757003594816_8719153032500_1.png",
    "available": true,
    "promoUntil": null
  },
  {
    "id": "520077STK",
    "title": "Rosewood Trio Sticks Small, 10 Stuks",
    "category": "Huishouden en dieren",
    "price": 3.79,
    "promoPrice": null,
    "pricePerUnit": "0.38 pieces",
    "image": "https://www.jumbo.com/dam-images/fit-in/360x360/Products/11042025_1744338673955_1744338677930_520077_STK_08712113458471_C1N1_s01.png",
    "available": true,
    "promoUntil": null
  },
  {
    "id": "635312ZK",
    "title": "Organix Knijpfruit Appel & Aardbei 4+m 90g",
    "category": "Drogisterij en baby",
    "price": 1.24,
    "promoPrice": null,
    "pricePerUnit": "13.78 kg",
    "image": "https://www.jumbo.com/dam-images/fit-in/360x360/Products/09012025_1736429586777_1736429592858_8713500013334_1.png",
    "available": true,
    "promoUntil": null
  },
  {
    "id": "541754STK",
    "title": "Spaanse Borrelplank 4-6 Personen",
    "category": "Vleeswaren, kaas en tapas",
    "price": 18.93,
    "promoPrice": null,
    "pricePerUnit": "None None",
    "image": "https://www.jumbo.com/dam-images/fit-in/360x360/Products/20073572a6e05cf3-51ed-42ec-a9ae-85cc8cae2b22-1755521780643.png",
    "available": false,
    "promoUntil": null
  },
  {
    "id": "516971ZK",
    "title": "Mayam Kipsaté Bapao Excellent 140 g",
    "category": "Diepvries",
    "price": 0.99,
    "promoPrice": null,
    "pricePerUnit": "7.07 kg",
    "image": "https://www.jumbo.com/dam-images/fit-in/360x360/Products/29122023_1703815636321_1703815643315_516971_ZK_08712641004102_C1N1.png",
    "available": true,
    "promoUntil": null
  },
  {
    "id": "548498ZK",
    "title": "Libresse V-Protection Maandverbanden Ultra+ with Wings Regular Flow Big Pack 26 Stuks",
    "category": "Drogisterij en baby",
    "price": 4.89,
    "promoPrice": null,
    "pricePerUnit": "0.19 pieces",
    "image": "https://www.jumbo.com/dam-images/fit-in/360x360/Products/12122023_1702349927807_1702349931099_548498_ZK_.png",
    "available": true,
    "promoUntil": null
  },
  {
    "id": "671599BLS",
    "title": "Varta Longlife Power 9V 1 Stuk",
    "category": "Non-food en servicebalie",
    "price": 3.29,
    "promoPrice": null,
    "pricePerUnit": "3.29 pieces",
    "image": "https://www.jumbo.com/dam-images/fit-in/360x360/Products/24092025_1758679709340_1758679714858_671599_BLS_04008496559862_C1N1.png",
    "available": true,
    "promoUntil": null
  },
  {
    "id": "558580ZK",
    "title": "Verstegen Kruidenmix voor Macaroni & Spaghetti Pittig 30 g",
    "category": "Wereldkeukens, kruiden, pasta en rijst",
    "price": 1.56,
    "promoPrice": null,
    "pricePerUnit": "52.0 kg",
    "image": "https://www.jumbo.com/dam-images/fit-in/360x360/Products/24022024_1708740299633_1708740306197_558580_ZK_08712200109699_C1N1.png",
    "available": true,
    "promoUntil": null
  },
  {
    "id": "669751FLS",
    "title": "Slimpie Framboos Smaak Siroop 300 ml",
    "category": "Frisdrank en sappen",
    "price": 1.99,
    "promoPrice": null,
    "pricePerUnit": "6.63 l",
    "image": "https://www.jumbo.com/dam-images/fit-in/360x360/Products/23042025_1745376890516_1745376903561_669751_FLS_08719214811525_C1N1.png",
    "available": true,
    "promoUntil": null
  },
  {
    "id": "547759DS",
    "title": "Wittekerke - The Fruity Pink Rosébier - Fles - 4 x 250ML",
    "category": "Bier en wijn",
    "price": 5.89,
    "promoPrice": null,
    "pricePerUnit": "5.89 l",
    "image": "https://www.jumbo.com/dam-images/fit-in/360x360/Products/226841PAK-1692362654002.png",
    "available": true,
    "promoUntil": null
  },
  {
    "id": "282815STK",
    "title": "Libresse Ultra Normal Maandverband 16 Stuks",
    "category": "Drogisterij en baby",
    "price": 2.89,
    "promoPrice": null,
    "pricePerUnit": "0.18 pieces",
    "image": "https://www.jumbo.com/dam-images/fit-in/360x360/Products/18062025_1750211950461_1750211956231_282815_STK_.png",
    "available": true,
    "promoUntil": null
  },
  {
    "id": "483092DS",
    "title": "LU PiM's Koekjes Framboos 150g",
    "category": "Koek, snoep, chocolade en chips",
    "price": 3.19,
    "promoPrice": null,
    "pricePerUnit": "21.27 kg",
    "image": "https://www.jumbo.com/dam-images/fit-in/360x360/Products/23092025_1758630795142_1758630803148_5410041040807_596.png",
    "available": true,
    "promoUntil": null
  },
  {
    "id": "581843FLS",
    "title": "Marcel's Green Soap Argan Oudh Shower Gel 300 ml",
    "category": "Drogisterij en baby",
    "price": 4.95,
    "promoPrice": null,
    "pricePerUnit": "16.5 l",
    "image": "https://www.jumbo.com/dam-images/fit-in/360x360/Products/19042024_1713491914598_1713491928311_581843_FLS_08719325558234_C1N1.png",
    "available": true,
    "promoUntil": null
  },
  {
    "id": "634868BLK",
    "title": "Oedipus Thai Thai Spicy Tripel Bier Blik 330 ml",
    "category": "Bier en wijn",
    "price": 2.89,
    "promoPrice": null,
    "pricePerUnit": "8.76 l",
    "image": "https://www.jumbo.com/dam-images/fit-in/360x360/Products/08012025_1736350232846_1736350236149_8721161118008_1.png",
    "available": true,
    "promoUntil": null
  },
  {
    "id": "561139STK",
    "title": "Pampers Baby-Dry Maat 4+, 94 Luiers",
    "category": "Drogisterij en baby",
    "price": 44.49,
    "promoPrice": null,
    "pricePerUnit": "0.47 pieces",
    "image": "https://www.jumbo.com/dam-images/fit-in/360x360/Products/28062025_1751074506569_1751074507735_561139_STK_08700216263801_C1N1.png",
    "available": true,
    "promoUntil": null
  },
  {
    "id": "437253FLS",
    "title": "Ocean Spray Blauwe Bes Cranberry & Appel 1 L",
    "category": "Frisdrank en sappen",
    "price": 2.49,
    "promoPrice": null,
    "pricePerUnit": "2.49 l",
    "image": "https://www.jumbo.com/dam-images/fit-in/360x360/Products/08052025_1746666314693_1746666319511_437253_FLS_00031200456120_H1N1.png",
    "available": true,
    "promoUntil": null
  },
  {
    "id": "687756DSL",
    "title": "Pom-Bär Original 18 x 30 g",
    "category": "Koek, snoep, chocolade en chips",
    "price": 10.79,
    "promoPrice": null,
    "pricePerUnit": "19.98 kg",
    "image": "https://www.jumbo.com/dam-images/fit-in/360x360/Products/8710532474843bbfc2cfb-1124-4ee0-a584-8f62bd572dfe-1751271235856.png",
    "available": true,
    "promoUntil": null
  },
  {
    "id": "647180ZK",
    "title": "Proper Sea Salt 85g",
    "category": "Koek, snoep, chocolade en chips",
    "price": 2.49,
    "promoPrice": null,
    "pricePerUnit": "29.29 kg",
    "image": "https://www.jumbo.com/dam-images/fit-in/360x360/Products/23082024_1724406796497_1724406802048_647180_ZK_05060283762199_C1N1.png",
    "available": true,
    "promoUntil": null
  },
  {
    "id": "198634STK",
    "title": "NIVEA MEN Sensitive Protect Anti-Transpirant Spray - 150ml",
    "category": "Drogisterij en baby",
    "price": 6.49,
    "promoPrice": null,
    "pricePerUnit": "43.27 l",
    "image": "https://www.jumbo.com/dam-images/fit-in/360x360/Products/23092025_1758597653426_1758597654035_198634_STK_04005900457561_C1N1.png",
    "available": true,
    "promoUntil": null
  },
  {
    "id": "497541STK",
    "title": "Soubry Chinese Eiermie Eiernudeln 250 g",
    "category": "Wereldkeukens, kruiden, pasta en rijst",
    "price": 0.84,
    "promoPrice": null,
    "pricePerUnit": "3.36 kg",
    "image": "https://www.jumbo.com/dam-images/fit-in/360x360/Products/25102023_1698198463319_1698198472471_497541_STK_05410028120126_C1N1.png",
    "available": true,
    "promoUntil": null
  },
  {
    "id": "145781STK",
    "title": "Ohropax Color oordopjes, 8 stuks",
    "category": "Drogisterij en baby",
    "price": 5.49,
    "promoPrice": null,
    "pricePerUnit": "0.69 pieces",
    "image": "https://www.jumbo.com/dam-images/fit-in/360x360/Products/12072025_1752278436796_1752278444616_4003626090819_1.png",
    "available": true,
    "promoUntil": null
  },
  {
    "id": "144726STK",
    "title": "Verstegen Laurier 2 g",
    "category": "Wereldkeukens, kruiden, pasta en rijst",
    "price": 1.64,
    "promoPrice": null,
    "pricePerUnit": "820.0 kg",
    "image": "https://www.jumbo.com/dam-images/fit-in/360x360/Products/12122024_1734014379778_1734014384904_8712200945341_1.png",
    "available": true,
    "promoUntil": null
  },
  {
    "id": "510700POT",
    "title": "Verstegen World Spice Blend 5 Spices 35 g",
    "category": "Wereldkeukens, kruiden, pasta en rijst",
    "price": 3.29,
    "promoPrice": null,
    "pricePerUnit": "94.0 kg",
    "image": "https://www.jumbo.com/dam-images/fit-in/360x360/Products/06022024_1707192493715_1707192501186_510700_POT_08712200951151_H1N1.png",
    "available": true,
    "promoUntil": null
  },
  {
    "id": "650158DS",
    "title": "Wilhelmina Mints Suikervrij Gember Limoen 2x30g",
    "category": "Koek, snoep, chocolade en chips",
    "price": 2.96,
    "promoPrice": null,
    "pricePerUnit": "49.33 kg",
    "image": "https://www.jumbo.com/dam-images/fit-in/360x360/Products/13092024_1726211554907_1726211573080_650158_DS_08710559000261_C1N1.png",
    "available": true,
    "promoUntil": null
  },
  {
    "id": "667405CUP",
    "title": "Zainab Tomaat sambal 150g",
    "category": "Wereldkeukens, kruiden, pasta en rijst",
    "price": 3.99,
    "promoPrice": null,
    "pricePerUnit": "26.6 kg",
    "image": "https://www.jumbo.com/dam-images/fit-in/360x360/Products/04122024_1733303487670_1733303498794_667405_CUP_08714684003678_C1N1.png",
    "available": true,
    "promoUntil": null
  },
  {
    "id": "683482PAK",
    "title": "Maltesers Funsize Uitdeelzak 11 Stuks",
    "category": "Koek, snoep, chocolade en chips",
    "price": 5.29,
    "promoPrice": null,
    "pricePerUnit": "24.6 kg",
    "image": "https://www.jumbo.com/dam-images/fit-in/360x360/Products/15052025_1747330437517_1747330442303_5000159546560_1.png",
    "available": true,
    "promoUntil": null
  },
  {
    "id": "685855PAK",
    "title": "Jumbo's Witte Chocolade Koffie Speculoos 140 g",
    "category": "Koek, snoep, chocolade en chips",
    "price": 2.99,
    "promoPrice": null,
    "pricePerUnit": "21.36 kg",
    "image": "https://www.jumbo.com/dam-images/fit-in/360x360/Products/21052025_1747816447987_1747816460599_8718452813360_596.png",
    "available": true,
    "promoUntil": null
  },
  {
    "id": "544610ZK",
    "title": "Klene Drop Salmiakriksen 210g",
    "category": "Koek, snoep, chocolade en chips",
    "price": 2.66,
    "promoPrice": null,
    "pricePerUnit": "12.67 kg",
    "image": "https://www.jumbo.com/dam-images/fit-in/360x360/Products/07072025_1751902619396_1751902625366_8723400798996_1.png",
    "available": true,
    "promoUntil": null
  },
  {
    "id": "679981BLK",
    "title": "La Croix Gearomatiseerd Sprankelend Water Grapefruit 355 ML",
    "category": "Wereldkeukens, kruiden, pasta en rijst",
    "price": 1.49,
    "promoPrice": null,
    "pricePerUnit": "4.2 l",
    "image": "https://www.jumbo.com/dam-images/fit-in/360x360/Products/14022025_1739539851898_1739539858004_679981_BLK_00012993101619_C1N1.png",
    "available": true,
    "promoUntil": null
  },
  {
    "id": "396086DS",
    "title": "Lindt Lindor Melkchocolade Bonbons 200 g",
    "category": "Koek, snoep, chocolade en chips",
    "price": 9.89,
    "promoPrice": null,
    "pricePerUnit": "49.45 kg",
    "image": "https://www.jumbo.com/dam-images/fit-in/360x360/Products/22082025_1755826847444_1755826869659_396086_DS_08003340093604_H1N1.png",
    "available": true,
    "promoUntil": null
  },
  {
    "id": "680919ZK",
    "title": "Pampers Baby-Dry Pants Luierbroekjes Maat 5, 74 Luierbroekjes",
    "category": "Drogisterij en baby",
    "price": 47.49,
    "promoPrice": null,
    "pricePerUnit": "0.64 pieces",
    "image": "https://www.jumbo.com/dam-images/fit-in/360x360/Products/14082025_1755196423986_1755196428495_8700216595667_1.png",
    "available": true,
    "promoUntil": null
  },
  {
    "id": "705068DS",
    "title": "Parodontax Extra Fresh Tandpasta 75 ML",
    "category": "Drogisterij en baby",
    "price": 5.79,
    "promoPrice": null,
    "pricePerUnit": "77.2 l",
    "image": "https://www.jumbo.com/dam-images/fit-in/360x360/Products/16062025_1750072334312_1750072336623_705068_DS_05054563262790_C1N1.png",
    "available": true,
    "promoUntil": null
  },
  {
    "id": "647592POT",
    "title": "Mutti Pastasaus Peperoncino 400g",
    "category": "Wereldkeukens, kruiden, pasta en rijst",
    "price": 3.85,
    "promoPrice": null,
    "pricePerUnit": "9.63 kg",
    "image": "https://www.jumbo.com/dam-images/fit-in/360x360/Products/26052025_1748223098417_1748223106023_647592_POT_08005110518003_C1N1.png",
    "available": true,
    "promoUntil": null
  },
  {
    "id": "539098BLK",
    "title": "St. Bernardus - Watou Tokyo Belgian Wit Ale - Blik - 330ML",
    "category": "Bier en wijn",
    "price": 2.49,
    "promoPrice": null,
    "pricePerUnit": "7.55 l",
    "image": "https://www.jumbo.com/dam-images/fit-in/360x360/Products/539098_8718969638135_1_T1_418772BLK1691078495488.png",
    "available": true,
    "promoUntil": null
  },
  {
    "id": "661939BLK",
    "title": "Red Bull Energy Drink Sugar Free Pink Edition 250ML",
    "category": "Frisdrank en sappen",
    "price": 1.69,
    "promoPrice": null,
    "pricePerUnit": "6.76 l",
    "image": "https://www.jumbo.com/dam-images/fit-in/360x360/Products/12112024_1731382021902_1731382027912_661939_BLK_00000090474194_C1N1.png",
    "available": true,
    "promoUntil": null
  },
  {
    "id": "197680STK",
    "title": "Salamini Italiani alla Cacciatora DOP 160 g",
    "category": "Vleeswaren, kaas en tapas",
    "price": 3.19,
    "promoPrice": null,
    "pricePerUnit": "19.94 kg",
    "image": "https://www.jumbo.com/dam-images/fit-in/360x360/Products/09082023_1691584999235_1691585005168_8032615690361_1.png",
    "available": true,
    "promoUntil": null
  },
  {
    "id": "154278PAK",
    "title": "Knorr Saus in Pak Hollandaisesaus 300 ml",
    "category": "Wereldkeukens, kruiden, pasta en rijst",
    "price": 2.76,
    "promoPrice": null,
    "pricePerUnit": "9.2 l",
    "image": "https://www.jumbo.com/dam-images/fit-in/360x360/Products/21022025_1740105222879_1740105285934_154278_PAK_08712100725579_C1N1.png",
    "available": true,
    "promoUntil": null
  },
  {
    "id": "440015ZK",
    "title": "Tyrrells Sea Salt & Black Pepper 150 g",
    "category": "Koek, snoep, chocolade en chips",
    "price": 2.99,
    "promoPrice": null,
    "pricePerUnit": "19.93 kg",
    "image": "https://www.jumbo.com/dam-images/fit-in/360x360/Products/06052024_1714984389982_1714984395025_5060042641420_1.png",
    "available": true,
    "promoUntil": null
  },
  {
    "id": "650015POT",
    "title": "Venturino Bartolomeo Pesto alla Genovese 180 g",
    "category": "Wereldkeukens, kruiden, pasta en rijst",
    "price": 3.49,
    "promoPrice": null,
    "pricePerUnit": "19.39 kg",
    "image": "https://www.jumbo.com/dam-images/fit-in/360x360/Products/17092025_1758071515280_1758071519576_650015_POT_08013862000622_C1N1.png",
    "available": true,
    "promoUntil": null
  },
  {
    "id": "213178STK",
    "title": "Verse Knoflook",
    "category": "Aardappelen, groente en fruit",
    "price": 1.29,
    "promoPrice": null,
    "pricePerUnit": "1.29 pieces",
    "image": "https://www.jumbo.com/dam-images/fit-in/360x360/Products/09082023_1691585024317_1691585038117_8718452343010_1.png",
    "available": true,
    "promoUntil": null
  },
  {
    "id": "618911PAK",
    "title": "STËLZ - Hard Seltzer - Mixed Classics Spritz - 4 x 250ML",
    "category": "Bier en wijn",
    "price": 8.39,
    "promoPrice": null,
    "pricePerUnit": "8.39 l",
    "image": "https://www.jumbo.com/dam-images/fit-in/360x360/Products/17072025_1752716625926_1752716628341_618911_PAK_08720865027272_A1N1.png",
    "available": true,
    "promoUntil": null
  },
  {
    "id": "675391STK",
    "title": "Vingerpoppetjes",
    "category": "Non-food en servicebalie",
    "price": 3.99,
    "promoPrice": null,
    "pricePerUnit": "1.33 pieces",
    "image": "https://www.jumbo.com/dam-images/fit-in/360x360/Products/01072025_1751383990588_1751383999496_8721225775048_1.png",
    "available": true,
    "promoUntil": null
  },
  {
    "id": "476116DS",
    "title": "Witte kruis paracetamol (500 mg), 10 Sticks",
    "category": "Drogisterij en baby",
    "price": 5.19,
    "promoPrice": null,
    "pricePerUnit": "0.52 pieces",
    "image": "https://www.jumbo.com/dam-images/fit-in/360x360/Products/24092025_1758672136401_1758672144290_8711744053550_1.png",
    "available": true,
    "promoUntil": null
  },
  {
    "id": "199785STK",
    "title": "Zwitsal Billendoekjes Lotion 2 x 65 stuks",
    "category": "Drogisterij en baby",
    "price": 6.29,
    "promoPrice": null,
    "pricePerUnit": "0.05 pieces",
    "image": "https://www.jumbo.com/dam-images/fit-in/360x360/Products/19092025_1758247502471_1758247541363_199785_STK_08710447326831_H1N1.png",
    "available": true,
    "promoUntil": null
  },
  {
    "id": "493938ZK",
    "title": "Leibniz Zoo Original 125 g",
    "category": "Koek, snoep, chocolade en chips",
    "price": 1.95,
    "promoPrice": null,
    "pricePerUnit": "15.6 kg",
    "image": "https://www.jumbo.com/dam-images/fit-in/360x360/Products/24012025_1737686281623_1737686287677_493938_ZK_04017100133213_C1N1.png",
    "available": true,
    "promoUntil": null
  },
  {
    "id": "670716POT",
    "title": "Saint Agur Crème 150g",
    "category": "Vleeswaren, kaas en tapas",
    "price": 3.79,
    "promoPrice": null,
    "pricePerUnit": "25.27 kg",
    "image": "https://www.jumbo.com/dam-images/fit-in/360x360/Products/09092025_1757383468050_1757383471979_670716_POT_03222110008111_C1N1_s14.png",
    "available": true,
    "promoUntil": null
  },
  {
    "id": "619098ZK",
    "title": "Kettle Sea Salt & Crushed Black Pepper chips 130g",
    "category": "Koek, snoep, chocolade en chips",
    "price": 2.69,
    "promoPrice": null,
    "pricePerUnit": "20.69 kg",
    "image": "https://www.jumbo.com/dam-images/fit-in/360x360/Products/15032024_1710494358929_1710494367408_619098_ZK_08718781203276_C1N1.png",
    "available": true,
    "promoUntil": null
  },
  {
    "id": "454880ZK",
    "title": "Klene Drop Zoethouten Hartjes Suikervrij 110g",
    "category": "Koek, snoep, chocolade en chips",
    "price": 2.43,
    "promoPrice": null,
    "pricePerUnit": "22.09 kg",
    "image": "https://www.jumbo.com/dam-images/fit-in/360x360/Products/07072025_1751902635790_1751902639791_8723400795049_1.png",
    "available": true,
    "promoUntil": null
  },
  {
    "id": "163102STK",
    "title": "Lactacyd 15 Reinigende Verzorgende Intiem Tissues",
    "category": "Drogisterij en baby",
    "price": 4.99,
    "promoPrice": null,
    "pricePerUnit": "0.33 pieces",
    "image": "https://www.jumbo.com/dam-images/fit-in/360x360/Products/30112023_1701317210723_1701317230665_163102_STK_05391520944611_C1N1.png",
    "available": true,
    "promoUntil": null
  },
  {
    "id": "675869DS",
    "title": "Ola Donut IJs White Chocolate & Cookies 4 x 62 ml",
    "category": "Diepvries",
    "price": 2.99,
    "promoPrice": null,
    "pricePerUnit": "12.06 l",
    "image": "https://www.jumbo.com/dam-images/fit-in/360x360/Products/17052025_1747447778076_1747447812204_675869_DS_08711327678620_H1N1.png",
    "available": true,
    "promoUntil": null
  },
  {
    "id": "496500STK",
    "title": "Otalgan Oordruppels 5 mg/ g, 12 g",
    "category": "Drogisterij en baby",
    "price": 13.99,
    "promoPrice": null,
    "pricePerUnit": "1165.83 kg",
    "image": "https://www.jumbo.com/dam-images/fit-in/360x360/Products/24092025_1758672062508_1758672065978_8711744007515_1.png",
    "available": true,
    "promoUntil": null
  },
  {
    "id": "178467STK",
    "title": "Nalys Blitz Keukenrol Papieren Verpakking 1 Rol",
    "category": "Huishouden en dieren",
    "price": 4.29,
    "promoPrice": null,
    "pricePerUnit": "4.29 pieces",
    "image": "https://www.jumbo.com/dam-images/fit-in/360x360/Products/02092025_1756779024148_1756779028951_178467_STK_08004260248150_H1N1.png",
    "available": true,
    "promoUntil": null
  },
  {
    "id": "625073FLS",
    "title": "Tiempo & Tierra - Rosé - 375ML",
    "category": "Bier en wijn",
    "price": 3.49,
    "promoPrice": null,
    "pricePerUnit": "9.31 l",
    "image": "https://www.jumbo.com/dam-images/fit-in/360x360/Products/09072024_1720517727529_1720517730499_8411971008278_1.png",
    "available": true,
    "promoUntil": null
  },
  {
    "id": "397269STK",
    "title": "Olvarit Maaltijdpotjes 4+ Maanden 4 x 125g",
    "category": "Drogisterij en baby",
    "price": 4.31,
    "promoPrice": null,
    "pricePerUnit": "None None",
    "image": "https://www.jumbo.com/dam-images/fit-in/360x360/Products/397269STK331e96243-5d65-420a-9453-4404d9026379-1715769773114.png",
    "available": true,
    "promoUntil": null
  },
  {
    "id": "507415ZK",
    "title": "Page Puur Toiletpapier 4-rollen",
    "category": "Huishouden en dieren",
    "price": 3.49,
    "promoPrice": null,
    "pricePerUnit": "0.87 pieces",
    "image": "https://www.jumbo.com/dam-images/fit-in/360x360/Products/09092025_1757383536673_1757383548689_507415_ZK_05029053581842_C1N1.png",
    "available": true,
    "promoUntil": null
  },
  {
    "id": "172385POT",
    "title": "Olvarit 8+ Maanden Banaan Koek 200g",
    "category": "Drogisterij en baby",
    "price": 1.38,
    "promoPrice": null,
    "pricePerUnit": "6.9 kg",
    "image": "https://www.jumbo.com/dam-images/fit-in/360x360/Products/10112023_1699608791841_1699608806489_8591119002891_1.png",
    "available": true,
    "promoUntil": null
  },
  {
    "id": "91634ZK",
    "title": "Silvo Mix voor Stamppot Boerenkool 25 g",
    "category": "Wereldkeukens, kruiden, pasta en rijst",
    "price": 1.79,
    "promoPrice": null,
    "pricePerUnit": "71.6 kg",
    "image": "https://www.jumbo.com/dam-images/fit-in/360x360/Products/24062024_1719235998790_1719236009358_8715500042192_1.png",
    "available": true,
    "promoUntil": null
  },
  {
    "id": "684320ZK",
    "title": "Sint Chocolade 60 g",
    "category": "Koek, snoep, chocolade en chips",
    "price": 0.99,
    "promoPrice": null,
    "pricePerUnit": "16.5 kg",
    "image": "https://www.jumbo.com/dam-images/fit-in/360x360/Products/06082025_1754494355877_1754494360049_8720874512127_1.png",
    "available": true,
    "promoUntil": null
  },
  {
    "id": "676474POT",
    "title": "Sportlife Big Gums Tropical Ginger Flavour 99 g",
    "category": "Koek, snoep, chocolade en chips",
    "price": 4.94,
    "promoPrice": null,
    "pricePerUnit": "49.9 kg",
    "image": "https://www.jumbo.com/dam-images/fit-in/360x360/Products/28052025_1748442792622_1748442799461_8713800255076_1.png",
    "available": true,
    "promoUntil": null
  },
  {
    "id": "588281BUS",
    "title": "NIVEA Dry Comfort Anti-Transpirant Spray - 150ml - Deodorant - Alcoholvrij - 72 uur bescherming",
    "category": "Drogisterij en baby",
    "price": 5.69,
    "promoPrice": null,
    "pricePerUnit": "37.93 l",
    "image": "https://www.jumbo.com/dam-images/fit-in/360x360/Products/16072025_1752680047858_1752680050061_4006000049656_1.png",
    "available": true,
    "promoUntil": null
  },
  {
    "id": "705643BLS",
    "title": "Varta Knoopcel CR2450 Lithium 2 Stuks",
    "category": "Non-food en servicebalie",
    "price": 6.59,
    "promoPrice": null,
    "pricePerUnit": "3.3 pieces",
    "image": "https://www.jumbo.com/dam-images/fit-in/360x360/Products/18062025_1750252710246_1750252713222_705643_BLS_04008496747238_C1N1.png",
    "available": true,
    "promoUntil": null
  },
  {
    "id": "143064POT",
    "title": "Verstegen Citroengras Gemalen 25 g",
    "category": "Wereldkeukens, kruiden, pasta en rijst",
    "price": 2.96,
    "promoPrice": null,
    "pricePerUnit": "118.4 kg",
    "image": "https://www.jumbo.com/dam-images/fit-in/360x360/Products/25022025_1740451118860_1740451122704_143064_POT_08712200951168_C1N1.png",
    "available": true,
    "promoUntil": null
  },
  {
    "id": "437184POT",
    "title": "Verstegen Mix voor Ei Traditioneel 55 g",
    "category": "Wereldkeukens, kruiden, pasta en rijst",
    "price": 2.96,
    "promoPrice": null,
    "pricePerUnit": "53.82 kg",
    "image": "https://www.jumbo.com/dam-images/fit-in/360x360/Products/05092024_1725500459506_1725500464266_437184_POT_08712200088802_C1N1.png",
    "available": true,
    "promoUntil": null
  },
  {
    "id": "562371FLS",
    "title": "Straffe Hendrik - Brugs Quadrupel Bier II° - Fles - 330ML",
    "category": "Bier en wijn",
    "price": 3.49,
    "promoPrice": null,
    "pricePerUnit": "10.58 l",
    "image": "https://www.jumbo.com/dam-images/fit-in/360x360/Products/09082023_1691588007406_1691588025708_5425017240648_1.png",
    "available": true,
    "promoUntil": null
  },
  {
    "id": "453033FLS",
    "title": "Tre Filari - Negroamaro - Susumaniello - 750 ML",
    "category": "Bier en wijn",
    "price": 13.49,
    "promoPrice": null,
    "pricePerUnit": "17.99 l",
    "image": "https://www.jumbo.com/dam-images/fit-in/360x360/Products/453033_8032636601308_1_T1_205723FLS1691162563354.png",
    "available": true,
    "promoUntil": null
  },
  {
    "id": "690084STK",
    "title": "Valdispert Natural Sleep gummies, 45 stuks",
    "category": "Drogisterij en baby",
    "price": 16.99,
    "promoPrice": null,
    "pricePerUnit": "377.56 kg",
    "image": "https://www.jumbo.com/dam-images/fit-in/360x360/Products/24092025_1758672093621_1758672098614_8711744053048_1.png",
    "available": true,
    "promoUntil": null
  },
  {
    "id": "542420BLK",
    "title": "Van De Streek - Hazy Weekend - Blik - 330ML",
    "category": "Bier en wijn",
    "price": 2.99,
    "promoPrice": null,
    "pricePerUnit": "9.06 l",
    "image": "https://www.jumbo.com/dam-images/fit-in/360x360/Products/20092025_1758335601440_1758335604541_542420_BLK_08720153282673_C1N1.png",
    "available": true,
    "promoUntil": null
  },
  {
    "id": "703285POT",
    "title": "La Morena Home Made Salsa 230g",
    "category": "Wereldkeukens, kruiden, pasta en rijst",
    "price": 2.96,
    "promoPrice": null,
    "pricePerUnit": "12.87 kg",
    "image": "https://www.jumbo.com/dam-images/fit-in/360x360/Products/05062025_1749121822449_1749121830316_703285_POT_00727452000623_C1N1.png",
    "available": true,
    "promoUntil": null
  },
  {
    "id": "591346POT",
    "title": "Lekker Bekkie Birambi Chutney 290 ML",
    "category": "Wereldkeukens, kruiden, pasta en rijst",
    "price": 4.59,
    "promoPrice": null,
    "pricePerUnit": "15.83 l",
    "image": "https://www.jumbo.com/dam-images/fit-in/360x360/Products/12122024_1734014642235_1734014647452_8717056652016_1.png",
    "available": true,
    "promoUntil": null
  },
  {
    "id": "498839PAK",
    "title": "Milka Mmmax Chocoladereep Nussini 270g",
    "category": "Koek, snoep, chocolade en chips",
    "price": 5.19,
    "promoPrice": null,
    "pricePerUnit": "19.22 kg",
    "image": "https://www.jumbo.com/dam-images/fit-in/360x360/Products/02092025_1756809249305_1756809256376_7622201676810_596.png",
    "available": true,
    "promoUntil": null
  },
  {
    "id": "143002POT",
    "title": "Verstegen Venkelzaad 28 g",
    "category": "Wereldkeukens, kruiden, pasta en rijst",
    "price": 2.89,
    "promoPrice": null,
    "pricePerUnit": "103.21 kg",
    "image": "https://www.jumbo.com/dam-images/fit-in/360x360/Products/25022025_1740456876335_1740456880368_143002_POT_08712200105288_C1N1.png",
    "available": true,
    "promoUntil": null
  },
  {
    "id": "74447STK",
    "title": "Prioderm Dimeticon lotion tegen luizen en neten 100 ml",
    "category": "Drogisterij en baby",
    "price": 19.99,
    "promoPrice": null,
    "pricePerUnit": "199.9 l",
    "image": "https://www.jumbo.com/dam-images/fit-in/360x360/Products/24092025_1758672106421_1758672110015_8712207040469_1.png",
    "available": true,
    "promoUntil": null
  },
  {
    "id": "647139ZK",
    "title": "Proper Sweet Sriracha Chilli 85g",
    "category": "Koek, snoep, chocolade en chips",
    "price": 2.49,
    "promoPrice": null,
    "pricePerUnit": "29.29 kg",
    "image": "https://www.jumbo.com/dam-images/fit-in/360x360/Products/23082024_1724406775937_1724406780607_647139_ZK_05060283762205_C1N1.png",
    "available": true,
    "promoUntil": null
  },
  {
    "id": "625072FLS",
    "title": "Neleman - Tempranillo Especial - 750ML",
    "category": "Bier en wijn",
    "price": 9.99,
    "promoPrice": null,
    "pricePerUnit": "13.32 l",
    "image": "https://www.jumbo.com/dam-images/fit-in/360x360/Products/09072024_1720517719713_1720517722457_8720574872163_1.png",
    "available": true,
    "promoUntil": null
  },
  {
    "id": "524464ZK",
    "title": "Mitsuba Seaweed Crisps Sea Salt 70 g",
    "category": "Koek, snoep, chocolade en chips",
    "price": 3.16,
    "promoPrice": null,
    "pricePerUnit": "45.14 kg",
    "image": "https://www.jumbo.com/dam-images/fit-in/360x360/Products/01112024_1730426689141_1730426708367_524464_ZK_08711299015690_C1N1.png",
    "available": true,
    "promoUntil": null
  },
  {
    "id": "523520DS",
    "title": "Knorr Spaghetti Spinazie 300 g",
    "category": "Wereldkeukens, kruiden, pasta en rijst",
    "price": 2.66,
    "promoPrice": null,
    "pricePerUnit": "8.87 kg",
    "image": "https://www.jumbo.com/dam-images/fit-in/360x360/Products/24092025_1758678872999_1758678886393_523520_DS_08720182525291_C1N1.png",
    "available": true,
    "promoUntil": null
  },
  {
    "id": "634488ZK",
    "title": "Knorr Spaghetteria Pastagerecht Pomodoro Mozzarella 163 g",
    "category": "Wereldkeukens, kruiden, pasta en rijst",
    "price": 2.59,
    "promoPrice": null,
    "pricePerUnit": "15.89 kg",
    "image": "https://www.jumbo.com/dam-images/fit-in/360x360/Products/24052025_1748049574282_1748049667726_634488_ZK_08720182422248_H1N1.png",
    "available": true,
    "promoUntil": null
  },
  {
    "id": "416006ZK",
    "title": "Klene Drop Uit Zoet 400g",
    "category": "Koek, snoep, chocolade en chips",
    "price": 3.89,
    "promoPrice": null,
    "pricePerUnit": "9.73 kg",
    "image": "https://www.jumbo.com/dam-images/fit-in/360x360/Products/07072025_1751902634714_1751902639475_8723400799092_1.png",
    "available": true,
    "promoUntil": null
  },
  {
    "id": "261832STK",
    "title": "NIVEA Soothing Micellair Water - 200ml",
    "category": "Drogisterij en baby",
    "price": 5.99,
    "promoPrice": null,
    "pricePerUnit": "29.95 l",
    "image": "https://www.jumbo.com/dam-images/fit-in/360x360/Products/18082025_1755531251199_1755531253681_4005900532565_1.png",
    "available": true,
    "promoUntil": null
  },
  {
    "id": "580496ZK",
    "title": "Van Gils Aardbei IJs 500 g",
    "category": "Diepvries",
    "price": 2.39,
    "promoPrice": null,
    "pricePerUnit": "2.39 l",
    "image": "https://www.jumbo.com/dam-images/fit-in/360x360/Products/09082023_1691586717050_1691586731218_5410410010943_1.png",
    "available": true,
    "promoUntil": null
  },
  {
    "id": "625074FLS",
    "title": "Tiempo & Tierra - Crianza - 375ML",
    "category": "Bier en wijn",
    "price": 3.49,
    "promoPrice": null,
    "pricePerUnit": "9.31 l",
    "image": "https://www.jumbo.com/dam-images/fit-in/360x360/Products/12082024_1723473258130_1723473260390_8411971008261_1.png",
    "available": true,
    "promoUntil": null
  },
  {
    "id": "238470STK",
    "title": "Verstegen World Spice Meal Pasta Rosso 59 g",
    "category": "Wereldkeukens, kruiden, pasta en rijst",
    "price": 3.95,
    "promoPrice": null,
    "pricePerUnit": "66.95 kg",
    "image": "https://www.jumbo.com/dam-images/fit-in/360x360/Products/12122024_1734014700367_1734014709779_87351620_1.png",
    "available": true,
    "promoUntil": null
  },
  {
    "id": "633943FLS",
    "title": "Sidestepp London Pink Dry Gin - 0.0% Alcoholvrij - 500ML",
    "category": "Bier en wijn",
    "price": 9.99,
    "promoPrice": null,
    "pricePerUnit": "19.98 l",
    "image": "https://www.jumbo.com/dam-images/fit-in/360x360/Products/19082024_1724074523733_1724074527837_8720892452603_1.png",
    "available": true,
    "promoUntil": null
  },
  {
    "id": "588327STK",
    "title": "Wireless Headphone",
    "category": "Non-food en servicebalie",
    "price": 14.99,
    "promoPrice": null,
    "pricePerUnit": "14.99 pieces",
    "image": "https://www.jumbo.com/dam-images/fit-in/360x360/Products/15042025_1744727549969_1744727557877_8721139648926_1.png",
    "available": true,
    "promoUntil": null
  },
  {
    "id": "542397BLK",
    "title": "VandeStreek - Hop Art IPA - Blik - 330ML",
    "category": "Bier en wijn",
    "price": 2.99,
    "promoPrice": null,
    "pricePerUnit": "9.06 l",
    "image": "https://www.jumbo.com/dam-images/fit-in/360x360/Products/20092025_1758333198926_1758333205258_542397_BLK_08720153282697_C1N1.png",
    "available": true,
    "promoUntil": null
  },
  {
    "id": "175032STK",
    "title": "Look-O-Look Snoep Mini Pizza 85g",
    "category": "Koek, snoep, chocolade en chips",
    "price": 2.66,
    "promoPrice": null,
    "pricePerUnit": "31.29 kg",
    "image": "https://www.jumbo.com/dam-images/fit-in/360x360/Products/29072025_1753757775469_1753757781596_175032_STK_08713600285938_A1N1.png",
    "available": true,
    "promoUntil": null
  },
  {
    "id": "703812FLS",
    "title": "Zwitsal Conditioner Baby 200ml",
    "category": "Drogisterij en baby",
    "price": 4.29,
    "promoPrice": null,
    "pricePerUnit": "21.45 l",
    "image": "https://www.jumbo.com/dam-images/fit-in/360x360/Products/12092025_1757641642702_1757641672939_703812_FLS_08720181649196_C1N1.png",
    "available": true,
    "promoUntil": null
  },
  {
    "id": "579684ZK",
    "title": "Jumbo Zachte Brokken met Gevogelte & Wortel 1 kg",
    "category": "Huishouden en dieren",
    "price": 3.89,
    "promoPrice": null,
    "pricePerUnit": "3.89 kg",
    "image": "https://www.jumbo.com/dam-images/fit-in/360x360/Products/09082023_1691595778237_1691595783372_8718452730049_1.png",
    "available": false,
    "promoUntil": null
  },
  {
    "id": "673181ZK",
    "title": "Jumbo's Traybake Pompoen & Bloemkool Mix 450 g",
    "category": "Diepvries",
    "price": 1.99,
    "promoPrice": null,
    "pricePerUnit": "4.42 kg",
    "image": "https://www.jumbo.com/dam-images/fit-in/360x360/Products/04032025_1741080786745_1741080806521_8718452886173_596.png",
    "available": true,
    "promoUntil": null
  },
  {
    "id": "188675STK",
    "title": "Vogue Cosmetics Enjoy Parfum Deodorant 150 ml",
    "category": "Drogisterij en baby",
    "price": 4.19,
    "promoPrice": null,
    "pricePerUnit": "27.93 l",
    "image": "https://www.jumbo.com/dam-images/fit-in/360x360/Products/20082025_1755658355049_1755658355792_188675_STK_08714319230547_A1N1.png",
    "available": true,
    "promoUntil": null
  },
  {
    "id": "544655ZK",
    "title": "Klene Drop Pinpassen 210g",
    "category": "Koek, snoep, chocolade en chips",
    "price": 2.66,
    "promoPrice": null,
    "pricePerUnit": "12.67 kg",
    "image": "https://www.jumbo.com/dam-images/fit-in/360x360/Products/07072025_1751902619587_1751902623490_8723400798910_1.png",
    "available": true,
    "promoUntil": null
  },
  {
    "id": "566476FLS",
    "title": "Terra Pura - Seleccion Privada - Carmenere - 750ML",
    "category": "Bier en wijn",
    "price": 12.99,
    "promoPrice": null,
    "pricePerUnit": "17.32 l",
    "image": "https://www.jumbo.com/dam-images/fit-in/360x360/Products/09082023_1691596460459_1691596464370_7804677231520_1.png",
    "available": true,
    "promoUntil": null
  },
  {
    "id": "664653ZK",
    "title": "Red Band Winegums Original 245 g",
    "category": "Koek, snoep, chocolade en chips",
    "price": 2.59,
    "promoPrice": null,
    "pricePerUnit": "10.57 kg",
    "image": "https://www.jumbo.com/dam-images/fit-in/360x360/Products/12122024_1733969527234_1733969536137_664653_ZK_08713800255564_H1N1.png",
    "available": true,
    "promoUntil": null
  },
  {
    "id": "627303ZK",
    "title": "Seamore Seaweed Chips Original 135 g",
    "category": "Koek, snoep, chocolade en chips",
    "price": 3.29,
    "promoPrice": null,
    "pricePerUnit": "24.37 kg",
    "image": "https://www.jumbo.com/dam-images/fit-in/360x360/Products/12122024_1734021200027_1734021204789_8719327058947_1.png",
    "available": true,
    "promoUntil": null
  },
  {
    "id": "576963ZK",
    "title": "Organix Bio Pear & Raspberry 6+ Months 100 g",
    "category": "Drogisterij en baby",
    "price": 1.44,
    "promoPrice": null,
    "pricePerUnit": "14.4 kg",
    "image": "https://www.jumbo.com/dam-images/fit-in/360x360/Products/23042025_1745397188452_1745397203561_8713500012177_596.png",
    "available": true,
    "promoUntil": null
  },
  {
    "id": "433445FLS",
    "title": "Klein Duimpje - Blauwe Tram Tripel - Fles - 330ML",
    "category": "Bier en wijn",
    "price": 2.55,
    "promoPrice": null,
    "pricePerUnit": "7.73 l",
    "image": "https://www.jumbo.com/dam-images/fit-in/360x360/Products/20092025_1758330122077_1758330122696_433445_FLS_08717591900016_A1N1.png",
    "available": true,
    "promoUntil": null
  },
  {
    "id": "478496ZK",
    "title": "Uggo Bombastic Mini's 100 g",
    "category": "Koek, snoep, chocolade en chips",
    "price": 1.04,
    "promoPrice": null,
    "pricePerUnit": "10.4 kg",
    "image": "https://www.jumbo.com/dam-images/fit-in/360x360/Products/10122024_1733801669089_1733801681753_478496_ZK_08718481541777_C1N1.png",
    "available": true,
    "promoUntil": null
  },
  {
    "id": "198637STK",
    "title": "NIVEA MEN Sport Anti-Transpirant Spray - 150ml",
    "category": "Drogisterij en baby",
    "price": 5.69,
    "promoPrice": null,
    "pricePerUnit": "37.93 l",
    "image": "https://www.jumbo.com/dam-images/fit-in/360x360/Products/16072025_1752658388957_1752658391447_4005900457660_1.png",
    "available": true,
    "promoUntil": null
  },
  {
    "id": "705064DS",
    "title": "Parodontax Active Repair Tandvlees Freshmint 75 ML",
    "category": "Drogisterij en baby",
    "price": 7.29,
    "promoPrice": null,
    "pricePerUnit": "97.2 l",
    "image": "https://www.jumbo.com/dam-images/fit-in/360x360/Products/28062024_1719565395146_1719565396791_637555_TUB_05054563164858_C1N1.png",
    "available": true,
    "promoUntil": null
  },
  {
    "id": "667147BLK",
    "title": "XOXO Ginger & Lemon Sparkling Soda 330ML",
    "category": "Frisdrank en sappen",
    "price": 1.79,
    "promoPrice": null,
    "pricePerUnit": "5.42 l",
    "image": "https://www.jumbo.com/dam-images/fit-in/360x360/Products/03122024_1733227905078_1733227907976_667147_BLK_05065015569046_C1N1.png",
    "available": true,
    "promoUntil": null
  },
  {
    "id": "653718ZK",
    "title": "Stickado Pikanto",
    "category": "Vleeswaren, kaas en tapas",
    "price": 1.99,
    "promoPrice": null,
    "pricePerUnit": "28.43 kg",
    "image": "https://www.jumbo.com/dam-images/fit-in/360x360/Products/18112024_1731933196226_1731933214502_3449851353007_1.png",
    "available": true,
    "promoUntil": null
  },
  {
    "id": "470970ZK",
    "title": "Sheba Finesse Mousse met Kip 85 g",
    "category": "Huishouden en dieren",
    "price": 0.87,
    "promoPrice": null,
    "pricePerUnit": "10.24 kg",
    "image": "https://www.jumbo.com/dam-images/fit-in/360x360/Products/14052025_1747185374908_1747185380008_470970_ZK_04008429146015_H1N1.png",
    "available": true,
    "promoUntil": null
  },
  {
    "id": "515124FLS",
    "title": "Val-Dieu - Grand Cru Abdijbier - Fles - 330ML",
    "category": "Bier en wijn",
    "price": 2.55,
    "promoPrice": null,
    "pricePerUnit": "7.73 l",
    "image": "https://www.jumbo.com/dam-images/fit-in/360x360/Products/20122023_1703042897196_1703042901245_515124_FLS_05413977000723_C1N1.png",
    "available": true,
    "promoUntil": null
  },
  {
    "id": "657033STK",
    "title": "Verzamelposter Jumbo Smiles 1 stuks",
    "category": "",
    "price": 1.0,
    "promoPrice": null,
    "pricePerUnit": "1.0 pieces",
    "image": "",
    "available": false,
    "promoUntil": null
  },
  {
    "id": "588334DS",
    "title": "Veet Pure Koude Wasstrips Gezicht Hypoallergene 20 Stuks",
    "category": "Drogisterij en baby",
    "price": 9.99,
    "promoPrice": null,
    "pricePerUnit": "0.5 pieces",
    "image": "https://www.jumbo.com/dam-images/fit-in/360x360/Products/07052024_1715046953115_1715046955660_588334_DS_03059944026772_C1N1.png",
    "available": true,
    "promoUntil": null
  },
  {
    "id": "609693STK",
    "title": "Zandvliet Gerookte Beenham 250 g",
    "category": "Vleeswaren, kaas en tapas",
    "price": 3.19,
    "promoPrice": null,
    "pricePerUnit": "12.76 kg",
    "image": "https://www.jumbo.com/dam-images/fit-in/360x360/Products/22042025_1745335948313_1745335962384_87244366_1.png",
    "available": true,
    "promoUntil": null
  },
  {
    "id": "519553FLS",
    "title": "Zure Mattie - Likorette Shot - 500ML",
    "category": "Bier en wijn",
    "price": 9.99,
    "promoPrice": null,
    "pricePerUnit": "19.98 l",
    "image": "https://www.jumbo.com/dam-images/fit-in/360x360/Products/ZUREMATTIE70cl20236607fc67-956e-4e1e-986b-2d158f10ae32-1712224323918.png",
    "available": true,
    "promoUntil": null
  },
  {
    "id": "688279FLS",
    "title": "Robijn Wasverzachter Beautiful Mystery 765ML",
    "category": "Huishouden en dieren",
    "price": 7.29,
    "promoPrice": null,
    "pricePerUnit": "0.19 wb",
    "image": "https://www.jumbo.com/dam-images/fit-in/360x360/Products/27082025_1756257233401_1756257247155_688279_FLS_08720181633102_C1N1.png",
    "available": true,
    "promoUntil": null
  },
  {
    "id": "634903CUP",
    "title": "Jumbo's Smokey BBQ Paprika Groente Spread & Dip 150 g",
    "category": "Vleeswaren, kaas en tapas",
    "price": 1.99,
    "promoPrice": null,
    "pricePerUnit": "13.27 kg",
    "image": "https://www.jumbo.com/dam-images/fit-in/360x360/Products/07072025_1751887996191_1751888004280_8718452843053_1.png",
    "available": true,
    "promoUntil": null
  },
  {
    "id": "610602FLS",
    "title": "Lipton Ice Tea Green Strawberry 500 ml",
    "category": "Frisdrank en sappen",
    "price": 1.99,
    "promoPrice": null,
    "pricePerUnit": "3.98 l",
    "image": "https://www.jumbo.com/dam-images/fit-in/360x360/Products/03042025_1743645308891_1743645346799_610602_FLS_08711327624177_H1N1.png",
    "available": true,
    "promoUntil": null
  },
  {
    "id": "595346DS",
    "title": "Magic Time Jalapeño Cheddar Popcorn 3 Stuks 240 g",
    "category": "Wereldkeukens, kruiden, pasta en rijst",
    "price": 3.59,
    "promoPrice": null,
    "pricePerUnit": "14.96 kg",
    "image": "https://www.jumbo.com/dam-images/fit-in/360x360/Products/25012024_1706175185609_1706175196990_8712857980726_1.png",
    "available": true,
    "promoUntil": null
  },
  {
    "id": "677468DS",
    "title": "Nurofen Ibuprofen tabletten 200 mg, 12 stuks",
    "category": "Drogisterij en baby",
    "price": 2.99,
    "promoPrice": null,
    "pricePerUnit": "0.25 pieces",
    "image": "https://www.jumbo.com/dam-images/fit-in/360x360/Products/23052025_1747958543536_1747958547666_8710552509051_1.png",
    "available": true,
    "promoUntil": null
  },
  {
    "id": "578759ZK",
    "title": "Olvarit Knijpfruit Appel Banaan 6+ Maanden 100 g",
    "category": "Drogisterij en baby",
    "price": 1.14,
    "promoPrice": null,
    "pricePerUnit": "11.4 kg",
    "image": "https://www.jumbo.com/dam-images/fit-in/360x360/Products/522731ZK-1692362347834.png",
    "available": true,
    "promoUntil": null
  },
  {
    "id": "519510DS",
    "title": "Olvarit Knijpfruit Appel Banaan 6+ Maanden 4 x 100 g",
    "category": "Drogisterij en baby",
    "price": 4.45,
    "promoPrice": null,
    "pricePerUnit": "11.13 kg",
    "image": "https://www.jumbo.com/dam-images/fit-in/360x360/Products/10082023_1691677711058_1691677723027_5900852060939_1.png",
    "available": true,
    "promoUntil": null
  },
  {
    "id": "397290STK",
    "title": "Olvarit Fruitpotjes 4+ Maanden 4 x 125g",
    "category": "Drogisterij en baby",
    "price": 4.32,
    "promoPrice": null,
    "pricePerUnit": "None None",
    "image": "https://www.jumbo.com/dam-images/fit-in/360x360/Products/202174338b0e1a5e-711f-4d25-9e49-fdb31ef1f83f-1734962165844.png",
    "available": true,
    "promoUntil": null
  },
  {
    "id": "92639ZK",
    "title": "Silvo Mix voor Gehakt Bretons 40 g",
    "category": "Wereldkeukens, kruiden, pasta en rijst",
    "price": 1.88,
    "promoPrice": null,
    "pricePerUnit": "47.0 kg",
    "image": "https://www.jumbo.com/dam-images/fit-in/360x360/Products/24062024_1719235999144_1719236020351_8715500230100_596.png",
    "available": true,
    "promoUntil": null
  },
  {
    "id": "342485PAK",
    "title": "Smint XL Aardbei Suikervrij Duopack 2 x 50 stuks ",
    "category": "Koek, snoep, chocolade en chips",
    "price": 4.74,
    "promoPrice": null,
    "pricePerUnit": "67.71 kg",
    "image": "https://www.jumbo.com/dam-images/fit-in/360x360/Products/07072025_1751902618429_1751902622684_8723400794486_1.png",
    "available": true,
    "promoUntil": null
  },
  {
    "id": "490021POT",
    "title": "Sorgh & Hoop Hindoestaanse Kerrie Rub 50 g",
    "category": "Wereldkeukens, kruiden, pasta en rijst",
    "price": 2.59,
    "promoPrice": null,
    "pricePerUnit": "51.8 kg",
    "image": "https://www.jumbo.com/dam-images/fit-in/360x360/Products/26022025_1740548454632_1740548465273_490021_POT_08720387088201_C1N1.png",
    "available": true,
    "promoUntil": null
  },
  {
    "id": "672335PAK",
    "title": "Sultana FruitBiscuits Bosvruchten 5 Stuks 218 g",
    "category": "Koek, snoep, chocolade en chips",
    "price": 2.25,
    "promoPrice": null,
    "pricePerUnit": "10.32 kg",
    "image": "https://www.jumbo.com/dam-images/fit-in/360x360/Products/27022025_1740627280580_1740627288258_672335_PAK_08710412045620_H1N1.png",
    "available": true,
    "promoUntil": null
  },
  {
    "id": "597038BLK",
    "title": "Trio Extra Stout Fles 330 ml",
    "category": "Wereldkeukens, kruiden, pasta en rijst",
    "price": 1.95,
    "promoPrice": null,
    "pricePerUnit": "5.91 l",
    "image": "https://www.jumbo.com/dam-images/fit-in/360x360/Products/12122024_1734014462658_1734014466157_8725000441234_1.png",
    "available": true,
    "promoUntil": null
  },
  {
    "id": "214449STK",
    "title": "Mora Specials Rijkgevulde Goulash Kroketten 4 x 75 g",
    "category": "Diepvries",
    "price": 3.36,
    "promoPrice": null,
    "pricePerUnit": "11.2 kg",
    "image": "https://www.jumbo.com/dam-images/fit-in/360x360/Products/09082023_1691588710545_1691588723667_8710861911439_1.png",
    "available": true,
    "promoUntil": null
  },
  {
    "id": "592431DS",
    "title": "Nutrilon 1 Volledige Zuigelingenvoeding 0 tot 6 maanden 600g",
    "category": "Drogisterij en baby",
    "price": 10.77,
    "promoPrice": null,
    "pricePerUnit": "17.95 kg",
    "image": "https://www.jumbo.com/dam-images/fit-in/360x360/Products/28112023_1701157523957_1701157524561_592431_DS_08712400120012_A1N1.png",
    "available": true,
    "promoUntil": null
  },
  {
    "id": "671597BLS",
    "title": "Varta Longlife Power AAA 4 Stuks",
    "category": "Non-food en servicebalie",
    "price": 5.39,
    "promoPrice": null,
    "pricePerUnit": "1.35 pieces",
    "image": "https://www.jumbo.com/dam-images/fit-in/360x360/Products/10072025_1752113899737_1752113905108_671597_BLS_04008496559749_C1N1.png",
    "available": true,
    "promoUntil": null
  },
  {
    "id": "203745ZK",
    "title": "Verstegen Mix voor Mosselen 10 g",
    "category": "Wereldkeukens, kruiden, pasta en rijst",
    "price": 1.34,
    "promoPrice": null,
    "pricePerUnit": "134.0 kg",
    "image": "https://www.jumbo.com/dam-images/fit-in/360x360/Products/24022024_1708744805293_1708744811135_203745_ZK_08712200982018_C1N1.png",
    "available": true,
    "promoUntil": null
  },
  {
    "id": "647417FLS",
    "title": "Sabor Dulce Sour Redberry 0,7 L",
    "category": "Bier en wijn",
    "price": 5.99,
    "promoPrice": null,
    "pricePerUnit": "8.56 l",
    "image": "https://www.jumbo.com/dam-images/fit-in/360x360/Products/24102024_1729776787422_1729776791048_5414145032140_1.png",
    "available": true,
    "promoUntil": null
  },
  {
    "id": "543177FLS",
    "title": "Sampietrana - Primitivo - 375 ML",
    "category": "Bier en wijn",
    "price": 5.99,
    "promoPrice": null,
    "pricePerUnit": "15.97 l",
    "image": "https://www.jumbo.com/dam-images/fit-in/360x360/Products/01092023_1693568047243_1693568049083_8032636602657_1.png",
    "available": true,
    "promoUntil": null
  },
  {
    "id": "702596BLK",
    "title": "Two Chefs Bon Chef 0.5% 330ML",
    "category": "Bier en wijn",
    "price": 2.39,
    "promoPrice": null,
    "pricePerUnit": "7.24 l",
    "image": "https://www.jumbo.com/dam-images/fit-in/360x360/Products/03062025_1748941460202_1748941461911_702596_BLK_08721082212854_A1N1.png",
    "available": true,
    "promoUntil": null
  },
  {
    "id": "669976DS",
    "title": "Wagner Piccolinis Speciale 9x30g",
    "category": "Diepvries",
    "price": 3.49,
    "promoPrice": null,
    "pricePerUnit": "12.93 kg",
    "image": "https://www.jumbo.com/dam-images/fit-in/360x360/Products/17052025_1747451216259_1747451223715_669976_DS_.png",
    "available": true,
    "promoUntil": null
  },
  {
    "id": "489842STK",
    "title": "Violife Le Rond Camembert Flavour 150 g",
    "category": "Vleeswaren, kaas en tapas",
    "price": 3.79,
    "promoPrice": null,
    "pricePerUnit": "25.27 kg",
    "image": "https://www.jumbo.com/dam-images/fit-in/360x360/Products/02042025_1743586389893_1743586393987_5202390027826_1.png",
    "available": true,
    "promoUntil": null
  },
  {
    "id": "535324STK",
    "title": "Nestlé Baby Cereals Multigranen vanaf 6 Maanden 180 g",
    "category": "Drogisterij en baby",
    "price": 2.47,
    "promoPrice": null,
    "pricePerUnit": "13.72 kg",
    "image": "https://www.jumbo.com/dam-images/fit-in/360x360/Products/18092024_1726624395408_1726624400600_535324_STK_08445290432605_C1N1_s01.png",
    "available": true,
    "promoUntil": null
  },
  {
    "id": "426710STK",
    "title": "LU Bastogne koekjes Original 2 x 260g",
    "category": "Koek, snoep, chocolade en chips",
    "price": 4.04,
    "promoPrice": null,
    "pricePerUnit": "None None",
    "image": "https://www.jumbo.com/dam-images/fit-in/360x360/Products/426710STKaf31cffa-b5a2-44bf-bc9b-bb452dddb374-1727946133940.png",
    "available": true,
    "promoUntil": null
  },
  {
    "id": "416227ZK",
    "title": "Kwekkeboom Oven & Airfryer Kalfsvlees Bitterballen 300 g",
    "category": "Diepvries",
    "price": 4.99,
    "promoPrice": null,
    "pricePerUnit": "16.63 kg",
    "image": "https://www.jumbo.com/dam-images/fit-in/360x360/Products/31052024_1717151657927_1717151662981_8712512391515_1.png",
    "available": true,
    "promoUntil": null
  },
  {
    "id": "694123BLK",
    "title": "Lavish Fruit Punch Absinthe Flavor 250ML",
    "category": "Bier en wijn",
    "price": 3.95,
    "promoPrice": null,
    "pricePerUnit": "15.8 l",
    "image": "https://www.jumbo.com/dam-images/fit-in/360x360/Products/09092025_1757382696442_1757382702023_694123_BLK_08720256518044_C1N1.png",
    "available": true,
    "promoUntil": null
  },
  {
    "id": "709385DS",
    "title": "Lindt Lindor Donker 70% Cacao Bonbons 200 g",
    "category": "Koek, snoep, chocolade en chips",
    "price": 7.9,
    "promoPrice": null,
    "pricePerUnit": "39.5 kg",
    "image": "https://www.jumbo.com/dam-images/fit-in/360x360/Products/11072025_1752258784867_1752258791477_8003340094052_1.png",
    "available": true,
    "promoUntil": null
  },
  {
    "id": "679363TRA",
    "title": "Mrs Crimble's Big Choc Macaroons 6 Stuks 195 g",
    "category": "Koek, snoep, chocolade en chips",
    "price": 2.49,
    "promoPrice": null,
    "pricePerUnit": "12.77 kg",
    "image": "https://www.jumbo.com/dam-images/fit-in/360x360/Products/06082025_1754469180282_1754469183739_5010822115078_1.png",
    "available": true,
    "promoUntil": null
  },
  {
    "id": "592802ZK",
    "title": "Olvarit 6M+ Knijpfruit Appel Perzik Pompoen 100g",
    "category": "Drogisterij en baby",
    "price": 1.14,
    "promoPrice": null,
    "pricePerUnit": "11.4 kg",
    "image": "https://www.jumbo.com/dam-images/fit-in/360x360/Products/14022024_1707873139430_1707873146008_5900852066375_1.png",
    "available": true,
    "promoUntil": null
  },
  {
    "id": "677305PAK",
    "title": "Salakis Labneh 180 g",
    "category": "Vleeswaren, kaas en tapas",
    "price": 2.69,
    "promoPrice": null,
    "pricePerUnit": "14.94 kg",
    "image": "https://www.jumbo.com/dam-images/fit-in/360x360/Products/24042025_1745508806974_1745508811657_8692971430768_1.png",
    "available": true,
    "promoUntil": null
  },
  {
    "id": "524737DS",
    "title": "Mentos Strongmint Vegan 5-pack",
    "category": "Koek, snoep, chocolade en chips",
    "price": 2.76,
    "promoPrice": null,
    "pricePerUnit": "14.68 kg",
    "image": "https://www.jumbo.com/dam-images/fit-in/360x360/Products/07072025_1751902619092_1751902626782_8723400798651_1.png",
    "available": true,
    "promoUntil": null
  },
  {
    "id": "699890DS",
    "title": "Smaakt Less Carb Konjac Tagliatelle 270g",
    "category": "Wereldkeukens, kruiden, pasta en rijst",
    "price": 2.76,
    "promoPrice": null,
    "pricePerUnit": "10.22 kg",
    "image": "https://www.jumbo.com/dam-images/fit-in/360x360/Products/09092025_1757421322446_1757421335459_8719153038434_1.png",
    "available": true,
    "promoUntil": null
  },
  {
    "id": "91817STK",
    "title": "Snickers Chocolade pinda caramel reep 50g",
    "category": "Koek, snoep, chocolade en chips",
    "price": 1.49,
    "promoPrice": null,
    "pricePerUnit": "29.8 kg",
    "image": "https://www.jumbo.com/dam-images/fit-in/360x360/Products/27082025_1756260395843_1756260399204_91817_STK_05900951311505_H1N1.png",
    "available": true,
    "promoUntil": null
  },
  {
    "id": "644866ZK",
    "title": "TENA Silhouette Plus Broekje Maat L 8 Stuks",
    "category": "Drogisterij en baby",
    "price": 10.99,
    "promoPrice": null,
    "pricePerUnit": "1.22 pieces",
    "image": "https://www.jumbo.com/dam-images/fit-in/360x360/Products/08082024_1723116927226_1723116930982_644866_ZK_.png",
    "available": true,
    "promoUntil": null
  },
  {
    "id": "603849ZK",
    "title": "Trolli The Squiggles Fruitgom 200 g",
    "category": "Koek, snoep, chocolade en chips",
    "price": 1.59,
    "promoPrice": null,
    "pricePerUnit": "7.95 kg",
    "image": "https://www.jumbo.com/dam-images/fit-in/360x360/Products/09012024_1704821707429_1704821720735_4000512364955_1.png",
    "available": true,
    "promoUntil": null
  },
  {
    "id": "671626BLS",
    "title": "VARTA Oplaadbare Batterijen AA 2100mAh",
    "category": "Non-food en servicebalie",
    "price": 17.99,
    "promoPrice": null,
    "pricePerUnit": "4.5 pieces",
    "image": "https://www.jumbo.com/dam-images/fit-in/360x360/Products/10072025_1752109912190_1752109917868_671626_BLS_04008496550692_C1N1.png",
    "available": true,
    "promoUntil": null
  },
  {
    "id": "448769DS",
    "title": "O.B. Organic Super Tampons 16 Stuks",
    "category": "Drogisterij en baby",
    "price": 4.19,
    "promoPrice": null,
    "pricePerUnit": "0.26 pieces",
    "image": "https://www.jumbo.com/dam-images/fit-in/360x360/Products/24062025_1750727135149_1750727138026_448769_DS_03574661654645_C1N1.png",
    "available": true,
    "promoUntil": null
  },
  {
    "id": "580845FLS",
    "title": "Tiempo & Tierra - Tempranillo, Syrah & Garnacha - 750ML",
    "category": "Bier en wijn",
    "price": 7.99,
    "promoPrice": null,
    "pricePerUnit": "10.65 l",
    "image": "https://www.jumbo.com/dam-images/fit-in/360x360/Products/07112023_1699360683268_1699360685465_8411971007875_1.png",
    "available": true,
    "promoUntil": null
  },
  {
    "id": "436898ZK",
    "title": "Verstegen Anijszaad Kleinverpakking 7 g",
    "category": "Wereldkeukens, kruiden, pasta en rijst",
    "price": 0.99,
    "promoPrice": null,
    "pricePerUnit": "141.43 kg",
    "image": "https://www.jumbo.com/dam-images/fit-in/360x360/Products/10082023_1691675101189_1691675136045_8712200090935_1.png",
    "available": true,
    "promoUntil": null
  },
  {
    "id": "143024STK",
    "title": "Verstegen Italiaanse Kruiden met Zout in Molen 25 g",
    "category": "Wereldkeukens, kruiden, pasta en rijst",
    "price": 2.68,
    "promoPrice": null,
    "pricePerUnit": "107.2 kg",
    "image": "https://www.jumbo.com/dam-images/fit-in/360x360/Products/02122023_1701483445412_1701483449263_143024_STK_08712200947369_C1N1.png",
    "available": true,
    "promoUntil": null
  },
  {
    "id": "623040ZK",
    "title": "Kettle Honey BBQ Chips 130g",
    "category": "Koek, snoep, chocolade en chips",
    "price": 2.69,
    "promoPrice": null,
    "pricePerUnit": "20.69 kg",
    "image": "https://www.jumbo.com/dam-images/fit-in/360x360/Products/26062024_1719370458932_1719370466042_623040_ZK_08718781203375_C1N1.png",
    "available": true,
    "promoUntil": null
  },
  {
    "id": "681902PAK",
    "title": "Nerds Rope 26g",
    "category": "Wereldkeukens, kruiden, pasta en rijst",
    "price": 1.99,
    "promoPrice": null,
    "pricePerUnit": "76.54 kg",
    "image": "https://www.jumbo.com/dam-images/fit-in/360x360/Products/23042025_1745417726758_1745417729276_681902_PAK_01230000131025_A1N1.png",
    "available": true,
    "promoUntil": null
  },
  {
    "id": "604018ZK",
    "title": "Lutti Foppies Zuur Citric 175 g",
    "category": "Koek, snoep, chocolade en chips",
    "price": 1.99,
    "promoPrice": null,
    "pricePerUnit": "11.37 kg",
    "image": "https://www.jumbo.com/dam-images/fit-in/360x360/Products/04062025_1749002045264_1749002051428_604018_ZK_05400787025411_C1N1.png",
    "available": true,
    "promoUntil": null
  },
  {
    "id": "681879FLS",
    "title": "Texels Frisse Wiend 300ML",
    "category": "Bier en wijn",
    "price": 2.59,
    "promoPrice": null,
    "pricePerUnit": "8.63 l",
    "image": "https://www.jumbo.com/dam-images/fit-in/360x360/Products/04072025_1751596559772_1751596585326_681879_FLS_08717903632239_H1N1.png",
    "available": true,
    "promoUntil": null
  },
  {
    "id": "588328STK",
    "title": "Wireless Earpods",
    "category": "Non-food en servicebalie",
    "price": 14.99,
    "promoPrice": null,
    "pricePerUnit": "14.99 pieces",
    "image": "https://www.jumbo.com/dam-images/fit-in/360x360/Products/15042025_1744727549916_1744727557421_8721139648940_1.png",
    "available": true,
    "promoUntil": null
  },
  {
    "id": "172384POT",
    "title": "Olvarit 8+ Maanden Appel Banaan Peer 200g",
    "category": "Drogisterij en baby",
    "price": 1.38,
    "promoPrice": null,
    "pricePerUnit": "6.9 kg",
    "image": "https://www.jumbo.com/dam-images/fit-in/360x360/Products/10112023_1699608791765_1699608797961_8591119001979_1.png",
    "available": true,
    "promoUntil": null
  },
  {
    "id": "639527STK",
    "title": "Lezziz Pittige Kipsalade 150 g",
    "category": "Vleeswaren, kaas en tapas",
    "price": 2.69,
    "promoPrice": null,
    "pricePerUnit": "17.93 kg",
    "image": "https://www.jumbo.com/dam-images/fit-in/360x360/Products/16062025_1750062805390_1750062811329_5425004949011_1.png",
    "available": true,
    "promoUntil": null
  },
  {
    "id": "664457ZK",
    "title": "Red Band Winegums Zuur 235 g",
    "category": "Koek, snoep, chocolade en chips",
    "price": 2.56,
    "promoPrice": null,
    "pricePerUnit": "10.89 kg",
    "image": "https://www.jumbo.com/dam-images/fit-in/360x360/Products/01022025_1738378543039_1738378555392_664457_ZK_08713800255212_H1N1.png",
    "available": true,
    "promoUntil": null
  },
  {
    "id": "561865POT",
    "title": "SOUQ Milde Harissa",
    "category": "Wereldkeukens, kruiden, pasta en rijst",
    "price": 3.95,
    "promoPrice": null,
    "pricePerUnit": "20.79 kg",
    "image": "https://www.jumbo.com/dam-images/fit-in/360x360/Products/01022025_1738378370930_1738378388986_561865_POT_08717662265839_C1N1.png",
    "available": true,
    "promoUntil": null
  },
  {
    "id": "190658DSL",
    "title": "Sheba Mini Filets in Saus met Kip & Kalkoen 22 x 85 g",
    "category": "Huishouden en dieren",
    "price": 17.99,
    "promoPrice": null,
    "pricePerUnit": "9.62 kg",
    "image": "https://www.jumbo.com/dam-images/fit-in/360x360/Products/4008429096631bdb92371-7a4b-42e5-9813-597318448239-1745848053844.png",
    "available": true,
    "promoUntil": null
  },
  {
    "id": "92635ZK",
    "title": "Silvo Mix voor Gehakt Tuinkruiden 40 g",
    "category": "Wereldkeukens, kruiden, pasta en rijst",
    "price": 1.88,
    "promoPrice": null,
    "pricePerUnit": "47.0 kg",
    "image": "https://www.jumbo.com/dam-images/fit-in/360x360/Products/24062024_1719235998893_1719236009504_8715500041904_1.png",
    "available": true,
    "promoUntil": null
  },
  {
    "id": "700783POT",
    "title": "Taft Texture Styling Paste 100 ML",
    "category": "Drogisterij en baby",
    "price": 6.29,
    "promoPrice": null,
    "pricePerUnit": "62.9 l",
    "image": "https://www.jumbo.com/dam-images/fit-in/360x360/Products/23052025_1748003759592_1748003760181_700783_POT_00000054022805_C1N1.png",
    "available": true,
    "promoUntil": null
  },
  {
    "id": "608902ZK",
    "title": "Tao Kae Noi Tempura Seaweed Original Flavour 40 g",
    "category": "Wereldkeukens, kruiden, pasta en rijst",
    "price": 2.47,
    "promoPrice": null,
    "pricePerUnit": "61.75 kg",
    "image": "https://www.jumbo.com/dam-images/fit-in/360x360/Products/14022024_1707872893841_1707872904686_8858702401265_1.png",
    "available": true,
    "promoUntil": null
  },
  {
    "id": "143034POT",
    "title": "Verstegen Sesamzaad 44 g",
    "category": "Wereldkeukens, kruiden, pasta en rijst",
    "price": 2.79,
    "promoPrice": null,
    "pricePerUnit": "63.41 kg",
    "image": "https://www.jumbo.com/dam-images/fit-in/360x360/Products/26082025_1756171567207_1756171570851_143034_POT_08712200951717_C1N1.png",
    "available": true,
    "promoUntil": null
  },
  {
    "id": "382723TUB",
    "title": "Yama Food Grated Wasabi 43 g",
    "category": "Wereldkeukens, kruiden, pasta en rijst",
    "price": 2.99,
    "promoPrice": null,
    "pricePerUnit": "69.53 kg",
    "image": "https://www.jumbo.com/dam-images/fit-in/360x360/Products/17092024_1726580062015_1726580071035_4967825856303_1.png",
    "available": true,
    "promoUntil": null
  },
  {
    "id": "358209STK",
    "title": "Parrano Kaas Robusto Stuk",
    "category": "Vleeswaren, kaas en tapas",
    "price": 3.89,
    "promoPrice": null,
    "pricePerUnit": "25.93 kg",
    "image": "https://www.jumbo.com/dam-images/fit-in/360x360/Products/16012024_1705372674633_1705372684917_358209_STK_08710912007937_H1N1.png",
    "available": true,
    "promoUntil": null
  },
  {
    "id": "684172ZK",
    "title": "Tilda Brown Basmati Wholegrain 500g",
    "category": "Wereldkeukens, kruiden, pasta en rijst",
    "price": 2.76,
    "promoPrice": null,
    "pricePerUnit": "5.52 kg",
    "image": "https://www.jumbo.com/dam-images/fit-in/360x360/Products/04032025_1741077478607_1741077481681_684172_ZK_05011157994321_C1N1.png",
    "available": true,
    "promoUntil": null
  },
  {
    "id": "695723DS",
    "title": "Puuur Visch Party Box Oven & Airfryer Kibbeling, Garnalen Visfriet, Visnuggets 350 g",
    "category": "Diepvries",
    "price": 5.49,
    "promoPrice": null,
    "pricePerUnit": "15.69 kg",
    "image": "https://www.jumbo.com/dam-images/fit-in/360x360/Products/16072025_1752669284071_1752669291109_8719326805887_1.png",
    "available": true,
    "promoUntil": null
  },
  {
    "id": "687059STK",
    "title": "Kinder Adventskalender 24 Stuks 123 g",
    "category": "Koek, snoep, chocolade en chips",
    "price": 6.49,
    "promoPrice": null,
    "pricePerUnit": "52.76 kg",
    "image": "https://www.jumbo.com/dam-images/fit-in/360x360/Products/14042025_1744615966767_1744615975412_8000500426692_1.png",
    "available": true,
    "promoUntil": null
  },
  {
    "id": "546780DS",
    "title": "La Trappe - Dubbel - Fles 4 x 330ML",
    "category": "Bier en wijn",
    "price": 7.39,
    "promoPrice": null,
    "pricePerUnit": "5.6 l",
    "image": "https://www.jumbo.com/dam-images/fit-in/360x360/Products/12102023_1697125021942_1697125026545_8711406093450_1.png",
    "available": true,
    "promoUntil": null
  },
  {
    "id": "433972ZK",
    "title": "NIVEA 3-in-1 Sensitive Reinigingsdoekjes - 25 stuks - Make-up Remover Doekjes - Gezichtsreiniger - Voor de gevoelige huid",
    "category": "Drogisterij en baby",
    "price": 4.99,
    "promoPrice": null,
    "pricePerUnit": "0.2 pieces",
    "image": "https://www.jumbo.com/dam-images/fit-in/360x360/Products/18082025_1755527557327_1755527560546_4005900777997_1.png",
    "available": true,
    "promoUntil": null
  },
  {
    "id": "675554STK",
    "title": "Pepernoten Dispenser DIY",
    "category": "Non-food en servicebalie",
    "price": 1.49,
    "promoPrice": null,
    "pricePerUnit": "1.49 pieces",
    "image": "",
    "available": true,
    "promoUntil": null
  },
  {
    "id": "186786STK",
    "title": "Sensodyne Deep Clean Extra zachte Tandenborstel voor gevoelige tanden",
    "category": "Drogisterij en baby",
    "price": 4.79,
    "promoPrice": null,
    "pricePerUnit": "4.79 pieces",
    "image": "https://www.jumbo.com/dam-images/fit-in/360x360/Products/18012024_1705547390418_1705547392220_186786_STK_05054563021274_C1N1.png",
    "available": true,
    "promoUntil": null
  },
  {
    "id": "603125ZK",
    "title": "Venco  DropToppers Zoet verfijnd 205g",
    "category": "Koek, snoep, chocolade en chips",
    "price": 2.56,
    "promoPrice": null,
    "pricePerUnit": "12.49 kg",
    "image": "https://www.jumbo.com/dam-images/fit-in/360x360/Products/21032025_1742523199819_1742523210448_603125_ZK_08713800144776_H1N1.png",
    "available": true,
    "promoUntil": null
  },
  {
    "id": "695425DS",
    "title": "Nisita neusspoeling 12ml",
    "category": "Drogisterij en baby",
    "price": 11.99,
    "promoPrice": null,
    "pricePerUnit": "95.92 l",
    "image": "https://www.jumbo.com/dam-images/fit-in/360x360/Products/23092025_1758585661326_1758585665380_8720618905468_1.png",
    "available": true,
    "promoUntil": null
  },
  {
    "id": "646154ZK",
    "title": "Paolo Grissini Wave Parmigiano Reggiano en Zout 150 g",
    "category": "Wereldkeukens, kruiden, pasta en rijst",
    "price": 1.97,
    "promoPrice": null,
    "pricePerUnit": "13.13 kg",
    "image": "https://www.jumbo.com/dam-images/fit-in/360x360/Products/10122024_1733844800358_1733844806536_8718247442676_1.png",
    "available": true,
    "promoUntil": null
  },
  {
    "id": "611038TUB",
    "title": "Oral-B Perfection Tandpasta 75ml",
    "category": "Drogisterij en baby",
    "price": 5.49,
    "promoPrice": null,
    "pricePerUnit": "73.2 l",
    "image": "https://www.jumbo.com/dam-images/fit-in/360x360/Products/18092025_1758153730302_1758153733957_8006540882351_1.png",
    "available": true,
    "promoUntil": null
  },
  {
    "id": "91632ZK",
    "title": "Silvo Mix voor Kip Pikant 25 g",
    "category": "Wereldkeukens, kruiden, pasta en rijst",
    "price": 1.88,
    "promoPrice": null,
    "pricePerUnit": "75.2 kg",
    "image": "https://www.jumbo.com/dam-images/fit-in/360x360/Products/24062024_1719235998724_1719236021401_8715500042000_596.png",
    "available": true,
    "promoUntil": null
  },
  {
    "id": "544658ZK",
    "title": "Klene Drop Zakgeld 210g",
    "category": "Koek, snoep, chocolade en chips",
    "price": 2.66,
    "promoPrice": null,
    "pricePerUnit": "12.67 kg",
    "image": "https://www.jumbo.com/dam-images/fit-in/360x360/Products/07072025_1751902619644_1751902624614_8723400798972_1.png",
    "available": true,
    "promoUntil": null
  },
  {
    "id": "544613ZK",
    "title": "Klene Drop Zoute & Salmiak Mix 270g",
    "category": "Koek, snoep, chocolade en chips",
    "price": 2.96,
    "promoPrice": null,
    "pricePerUnit": "10.96 kg",
    "image": "https://www.jumbo.com/dam-images/fit-in/360x360/Products/07072025_1751902619480_1751902626367_8723400799054_1.png",
    "available": true,
    "promoUntil": null
  },
  {
    "id": "541844ZK",
    "title": "Unirice Basmati Rijst 2 kg",
    "category": "Wereldkeukens, kruiden, pasta en rijst",
    "price": 6.62,
    "promoPrice": null,
    "pricePerUnit": "3.31 kg",
    "image": "https://www.jumbo.com/dam-images/fit-in/360x360/Products/28112023_1701143011403_1701143015189_541844_ZK_08715071077081_C1N1.png",
    "available": true,
    "promoUntil": null
  },
  {
    "id": "143017POT",
    "title": "Verstegen Maanzaad 54 g",
    "category": "Wereldkeukens, kruiden, pasta en rijst",
    "price": 3.36,
    "promoPrice": null,
    "pricePerUnit": "62.22 kg",
    "image": "https://www.jumbo.com/dam-images/fit-in/360x360/Products/30082024_1724985894028_1724985901264_143017_POT_08712200063687_C1N1.png",
    "available": true,
    "promoUntil": null
  },
  {
    "id": "392037STK",
    "title": "Sleepzz Shiepz Melatonine 0,1mg, 500 tabletten",
    "category": "Drogisterij en baby",
    "price": 15.99,
    "promoPrice": null,
    "pricePerUnit": "0.03 pieces",
    "image": "https://www.jumbo.com/dam-images/fit-in/360x360/Products/24092025_1758672091610_1758672097426_8711744053598_1.png",
    "available": true,
    "promoUntil": null
  },
  {
    "id": "434537FLS",
    "title": "Wilderen - Kriek - Fles - 250ML",
    "category": "Bier en wijn",
    "price": 2.39,
    "promoPrice": null,
    "pricePerUnit": "9.56 l",
    "image": "https://www.jumbo.com/dam-images/fit-in/360x360/Products/20092025_1758330214507_1758330220580_434537_FLS_05420061400833_C1N1.png",
    "available": true,
    "promoUntil": null
  },
  {
    "id": "562966STK",
    "title": "Ocean Spray Vruchtendrank Framboos laag in suiker 1 L",
    "category": "Frisdrank en sappen",
    "price": 2.49,
    "promoPrice": null,
    "pricePerUnit": "2.49 l",
    "image": "https://www.jumbo.com/dam-images/fit-in/360x360/Products/18092025_1758158713731_1758158717193_562966_STK_00031200013231_C1N1.png",
    "available": true,
    "promoUntil": null
  },
  {
    "id": "469706FLS",
    "title": "Zonnatura Biologische Gembersap 200 ml",
    "category": "Frisdrank en sappen",
    "price": 5.83,
    "promoPrice": null,
    "pricePerUnit": "29.15 l",
    "image": "https://www.jumbo.com/dam-images/fit-in/360x360/Products/25072025_1753439591777_1753439595984_8711812482442_1.png",
    "available": true,
    "promoUntil": null
  },
  {
    "id": "535536TRA",
    "title": "STËLZ - Hard Seltzer - Multipack - 4 x 250ML",
    "category": "Bier en wijn",
    "price": 8.39,
    "promoPrice": null,
    "pricePerUnit": "8.39 l",
    "image": "https://www.jumbo.com/dam-images/fit-in/360x360/Products/StelzHardSeltzerMix01JUN2024vECOMf8eaf824-f164-47ac-92f6-3e692f67aa20-1750253552466.png",
    "available": true,
    "promoUntil": null
  },
  {
    "id": "546781DS",
    "title": "La Trappe - Blond - Fles - 4 x 330ML",
    "category": "Bier en wijn",
    "price": 7.39,
    "promoPrice": null,
    "pricePerUnit": "5.6 l",
    "image": "https://www.jumbo.com/dam-images/fit-in/360x360/Products/09082023_1691592792727_1691592800701_8711406093382_1.png",
    "available": true,
    "promoUntil": null
  },
  {
    "id": "426686STK",
    "title": "Lays Chips Feest Mix 2 x 15 zakjes",
    "category": "Koek, snoep, chocolade en chips",
    "price": 10.48,
    "promoPrice": null,
    "pricePerUnit": "None None",
    "image": "https://www.jumbo.com/dam-images/fit-in/360x360/Products/426686STK6aaba167-5fee-4668-88fa-ec8ed89a2128-1705502705777.png",
    "available": true,
    "promoUntil": null
  },
  {
    "id": "340976ZK",
    "title": "Naturalmente Polenta Gialla Italiana 100% Naturale 250 g",
    "category": "Wereldkeukens, kruiden, pasta en rijst",
    "price": 1.95,
    "promoPrice": null,
    "pricePerUnit": "7.8 kg",
    "image": "https://www.jumbo.com/dam-images/fit-in/360x360/Products/09082023_1691586882772_1691586893611_8018370009457_1.png",
    "available": true,
    "promoUntil": null
  },
  {
    "id": "208630FLS",
    "title": "Trentham Estate - Shiraz - 750 ML",
    "category": "Bier en wijn",
    "price": 8.69,
    "promoPrice": null,
    "pricePerUnit": "11.59 l",
    "image": "https://www.jumbo.com/dam-images/fit-in/360x360/Products/208630_9316071961302_1_T1_208630FLS1691325270697.png",
    "available": true,
    "promoUntil": null
  },
  {
    "id": "197907DS",
    "title": "Van Dobben Airfryer - Oven Rundvlees Bitterballen 300 g",
    "category": "Diepvries",
    "price": 5.99,
    "promoPrice": null,
    "pricePerUnit": "19.97 kg",
    "image": "https://www.jumbo.com/dam-images/fit-in/360x360/Products/09082023_1691592920416_1691592931421_8710861999147_1.png",
    "available": true,
    "promoUntil": null
  },
  {
    "id": "618338ZK",
    "title": "Pinguin Spinazie met Room 750g",
    "category": "Diepvries",
    "price": 0.85,
    "promoPrice": null,
    "pricePerUnit": "1.13 kg",
    "image": "https://www.jumbo.com/dam-images/fit-in/360x360/Products/7ab5fe08095448129126c71ccd5b2095a69345b3bb10425b848668c14b4b28fc2c04f3d9-451c-495a-a513-8d6c07d3d944-1710752784091.png",
    "available": true,
    "promoUntil": null
  },
  {
    "id": "633388ZK",
    "title": "Pompoen Curry met Linzen",
    "category": "Drogisterij en baby",
    "price": 1.48,
    "promoPrice": null,
    "pricePerUnit": "7.4 kg",
    "image": "https://www.jumbo.com/dam-images/fit-in/360x360/Products/21082025_1755739880167_1755739883219_633388_ZK_05900852068201_C1N1_s01.png",
    "available": true,
    "promoUntil": null
  },
  {
    "id": "686968ZK",
    "title": "Rewind Creamy Paprika Thin and Crispy Corn Chips 160 g",
    "category": "Koek, snoep, chocolade en chips",
    "price": 1.89,
    "promoPrice": null,
    "pricePerUnit": "11.81 kg",
    "image": "https://www.jumbo.com/dam-images/fit-in/360x360/Products/13092025_1757729528639_1757729533083_686968_ZK_07311312009173_C1N1.png",
    "available": true,
    "promoUntil": null
  },
  {
    "id": "688507DSL",
    "title": "Robijn Wasmiddel Tropical - 6 x 665ML",
    "category": "Huishouden en dieren",
    "price": 110.34,
    "promoPrice": 55.17,
    "pricePerUnit": "0.97 wb",
    "image": "https://www.jumbo.com/dam-images/fit-in/360x360/Products/08720181746512H1N16c1d435a-b51d-4de3-b17f-aac03e35bf2d-1753099392214.png",
    "available": true,
    "promoUntil": "di 7 okt"
  },
  {
    "id": "582315POT",
    "title": "Sportlife Mango Orange Flavour Suikervrije Kauwgom 99 g",
    "category": "Koek, snoep, chocolade en chips",
    "price": 4.94,
    "promoPrice": null,
    "pricePerUnit": "49.9 kg",
    "image": "https://www.jumbo.com/dam-images/fit-in/360x360/Products/28052025_1748442792178_1748442798123_8711400409578_1.png",
    "available": true,
    "promoUntil": null
  },
  {
    "id": "686315PAK",
    "title": "Tony's Chocolonely Melk 90 g",
    "category": "Koek, snoep, chocolade en chips",
    "price": 2.45,
    "promoPrice": null,
    "pricePerUnit": "27.22 kg",
    "image": "https://www.jumbo.com/dam-images/fit-in/360x360/Products/05092025_1757034402395_1757034407960_686315_PAK_08720701145795_C1N1.png",
    "available": true,
    "promoUntil": null
  },
  {
    "id": "672236BLS",
    "title": "Varta Knoopcel CR2025 Lithium 2 Stuks",
    "category": "Non-food en servicebalie",
    "price": 6.59,
    "promoPrice": null,
    "pricePerUnit": "3.3 pieces",
    "image": "https://www.jumbo.com/dam-images/fit-in/360x360/Products/09042025_1744156823390_1744156829886_4008496746422_1.png",
    "available": true,
    "promoUntil": null
  },
  {
    "id": "602547FLS",
    "title": "Weihenstephaner Kristall Weissbier Fles 500ML",
    "category": "Bier en wijn",
    "price": 2.39,
    "promoPrice": null,
    "pricePerUnit": "4.78 l",
    "image": "https://www.jumbo.com/dam-images/fit-in/360x360/Products/28112023_1701159538928_1701159542890_602547_FLS_04105120003804_A1N1.png",
    "available": true,
    "promoUntil": null
  },
  {
    "id": "673341PAK",
    "title": "Viper Hard Seltzer Cherry / Tropical Multipack 4x250ML",
    "category": "Bier en wijn",
    "price": 7.99,
    "promoPrice": null,
    "pricePerUnit": "7.99 l",
    "image": "https://www.jumbo.com/dam-images/fit-in/360x360/Products/29032025_1743214720097_1743214727690_673341_PAK_08716700019625_H1N1.png",
    "available": true,
    "promoUntil": null
  },
  {
    "id": "88190STK",
    "title": "Voltaren Emulgel (1,16%) 60 g",
    "category": "Drogisterij en baby",
    "price": 12.99,
    "promoPrice": null,
    "pricePerUnit": "12.99 pieces",
    "image": "https://www.jumbo.com/dam-images/fit-in/360x360/Products/24092025_1758672133308_1758672138071_8713177004819_1.png",
    "available": true,
    "promoUntil": null
  },
  {
    "id": "463650STK",
    "title": "Wapiti Darmfunctie Complex, 60 tabletten",
    "category": "Drogisterij en baby",
    "price": 12.49,
    "promoPrice": null,
    "pricePerUnit": "0.21 pieces",
    "image": "https://www.jumbo.com/dam-images/fit-in/360x360/Products/24092025_1758672137397_1758672147898_8711757228464_1.png",
    "available": true,
    "promoUntil": null
  },
  {
    "id": "639163FLS",
    "title": "Obento Poke Sauce Wasabi 165 g",
    "category": "Wereldkeukens, kruiden, pasta en rijst",
    "price": 2.49,
    "promoPrice": null,
    "pricePerUnit": "15.09 kg",
    "image": "https://www.jumbo.com/dam-images/fit-in/360x360/Products/26122024_1735187097497_1735187101383_639163_FLS_09310432006428_C1N1.png",
    "available": true,
    "promoUntil": null
  },
  {
    "id": "701384ZK",
    "title": "Lazy Vegan Falafel Bowl Lebanese Bulgur 375g",
    "category": "Diepvries",
    "price": 4.99,
    "promoPrice": null,
    "pricePerUnit": "13.31 kg",
    "image": "https://www.jumbo.com/dam-images/fit-in/360x360/Products/27052025_1748351607147_1748351610885_701384_ZK_08719747260531_A1N1.png",
    "available": true,
    "promoUntil": null
  },
  {
    "id": "702586ZK",
    "title": "Katja Zure Matten Augurksmaak 125 g",
    "category": "Koek, snoep, chocolade en chips",
    "price": 1.29,
    "promoPrice": null,
    "pricePerUnit": "10.32 kg",
    "image": "https://www.jumbo.com/dam-images/fit-in/360x360/Products/03062025_1748940910756_1748940921661_702586_ZK_08716100680128_C1N1.png",
    "available": true,
    "promoUntil": null
  },
  {
    "id": "554358ZK",
    "title": "La Place Stroopwafel & Fudge Witte Chocolade Brokken 150 g",
    "category": "Koek, snoep, chocolade en chips",
    "price": 3.99,
    "promoPrice": null,
    "pricePerUnit": "26.6 kg",
    "image": "https://www.jumbo.com/dam-images/fit-in/360x360/Products/09082023_1691593195450_1691593233374_8718452709274_1.png",
    "available": true,
    "promoUntil": null
  },
  {
    "id": "711032FLS",
    "title": "Smaakt Bio Appel-Gembersap 750 ml",
    "category": "Frisdrank en sappen",
    "price": 4.19,
    "promoPrice": null,
    "pricePerUnit": "5.59 l",
    "image": "https://www.jumbo.com/dam-images/fit-in/360x360/Products/09092025_1757403275192_1757403278383_8719153043650_1.png",
    "available": true,
    "promoUntil": null
  },
  {
    "id": "550697ZK",
    "title": "Tena Lights Sensitive Ultra Verbanden Normal 16 Stuks",
    "category": "Drogisterij en baby",
    "price": 4.69,
    "promoPrice": null,
    "pricePerUnit": "0.29 pieces",
    "image": "https://www.jumbo.com/dam-images/fit-in/360x360/Products/31082023_1693454061469_1693454062835_550697_ZK_.png",
    "available": true,
    "promoUntil": null
  },
  {
    "id": "694864DS",
    "title": "Nicorette Nicotine Kauwgom Suikervrij 4 ",
    "category": "Drogisterij en baby",
    "price": 33.49,
    "promoPrice": null,
    "pricePerUnit": "218.89 kg",
    "image": "https://www.jumbo.com/dam-images/fit-in/360x360/Products/22082025_1755820925636_1755820931848_3574661243832_1.png",
    "available": true,
    "promoUntil": null
  },
  {
    "id": "277961STK",
    "title": "Zwitsal Bodylotion Baby 400 ml",
    "category": "Drogisterij en baby",
    "price": 6.99,
    "promoPrice": null,
    "pricePerUnit": "17.48 l",
    "image": "https://www.jumbo.com/dam-images/fit-in/360x360/Products/04052024_1714785331524_1714785348009_277961_STK_08717163782002_H1N1.png",
    "available": true,
    "promoUntil": null
  },
  {
    "id": "578572ZK",
    "title": "Olvarit Knijpfruit Peer Wortel Rode Biet 12+ Maanden 100 g",
    "category": "Drogisterij en baby",
    "price": 1.14,
    "promoPrice": null,
    "pricePerUnit": "11.4 kg",
    "image": "https://www.jumbo.com/dam-images/fit-in/360x360/Products/10082023_1691677713011_1691677720534_5900852060861_1.png",
    "available": true,
    "promoUntil": null
  },
  {
    "id": "683388DS",
    "title": "Roka Crispies Gouda Cheese 70g",
    "category": "Koek, snoep, chocolade en chips",
    "price": 2.69,
    "promoPrice": null,
    "pricePerUnit": "38.43 kg",
    "image": "https://www.jumbo.com/dam-images/fit-in/360x360/Products/28022025_1740748078363_1740748079475_683388_DS_08710588600012_C1N1.png",
    "available": true,
    "promoUntil": null
  },
  {
    "id": "217470KSL",
    "title": "Klein Vriend - Pinotage 6 x 750 ml",
    "category": "Bier en wijn",
    "price": 19.5,
    "promoPrice": null,
    "pricePerUnit": "4.33 l",
    "image": "https://www.jumbo.com/dam-images/fit-in/360x360/Products/217470KSL-1692279412589.png",
    "available": true,
    "promoUntil": null
  },
  {
    "id": "434325FLS",
    "title": "Kompel - Ondergronds Bier Bruin - Fles - 330ML",
    "category": "Bier en wijn",
    "price": 2.39,
    "promoPrice": null,
    "pricePerUnit": "7.24 l",
    "image": "https://www.jumbo.com/dam-images/fit-in/360x360/Products/20092025_1758337601224_1758337602417_434325_FLS_05430000102032_A1N1.png",
    "available": true,
    "promoUntil": null
  },
  {
    "id": "485144FLS",
    "title": "Lindemans - Framboise Lambic Beer - Fles - 250ML",
    "category": "Bier en wijn",
    "price": 2.29,
    "promoPrice": null,
    "pricePerUnit": "9.16 l",
    "image": "https://www.jumbo.com/dam-images/fit-in/360x360/Products/20092025_1758333062213_1758333065031_485144_FLS_05411223030029_C1N1.png",
    "available": true,
    "promoUntil": null
  },
  {
    "id": "429064PAK",
    "title": "Tempo Natural & Soft 8 x 9 zakdoekjes",
    "category": "Drogisterij en baby",
    "price": 2.59,
    "promoPrice": null,
    "pricePerUnit": "0.32 pieces",
    "image": "https://www.jumbo.com/dam-images/fit-in/360x360/Products/20062025_1750381240627_1750381243629_429064_PAK_.png",
    "available": true,
    "promoUntil": null
  },
  {
    "id": "506861ZK",
    "title": "Tyrrell's Slow-Cooked Crisps Mature Cheddar & Chive 150 g",
    "category": "Koek, snoep, chocolade en chips",
    "price": 2.99,
    "promoPrice": null,
    "pricePerUnit": "19.93 kg",
    "image": "https://www.jumbo.com/dam-images/fit-in/360x360/Products/06052024_1714984390056_1714984395397_5060042641437_1.png",
    "available": true,
    "promoUntil": null
  },
  {
    "id": "268924STK",
    "title": "Lassie Parelcouscous Builtje 300 g",
    "category": "Wereldkeukens, kruiden, pasta en rijst",
    "price": 3.06,
    "promoPrice": null,
    "pricePerUnit": "10.2 kg",
    "image": "https://www.jumbo.com/dam-images/fit-in/360x360/Products/09052024_1715218004435_1715218012859_268924_STK_08718781601249_H1N1.png",
    "available": true,
    "promoUntil": null
  },
  {
    "id": "446648TAS",
    "title": "Noel Fuet met Manchego Kaas 150g",
    "category": "Vleeswaren, kaas en tapas",
    "price": 4.29,
    "promoPrice": null,
    "pricePerUnit": "28.6 kg",
    "image": "https://www.jumbo.com/dam-images/fit-in/360x360/Products/446648_8410783139675_1_T1_446648TAS1691169406636.png",
    "available": true,
    "promoUntil": null
  },
  {
    "id": "143023POT",
    "title": "Verstegen Mix voor Gyros 70 g",
    "category": "Wereldkeukens, kruiden, pasta en rijst",
    "price": 2.74,
    "promoPrice": null,
    "pricePerUnit": "39.14 kg",
    "image": "https://www.jumbo.com/dam-images/fit-in/360x360/Products/25022025_1740450243779_1740450248954_143023_POT_08712200572417_C1N1.png",
    "available": true,
    "promoUntil": null
  },
  {
    "id": "523993STK",
    "title": "innocent blue spark 750ml",
    "category": "Frisdrank en sappen",
    "price": 3.49,
    "promoPrice": null,
    "pricePerUnit": "4.65 l",
    "image": "https://www.jumbo.com/dam-images/fit-in/360x360/Products/10042025_1744249857552_1744249860699_523993_STK_05038862137799_C1N1.png",
    "available": true,
    "promoUntil": null
  },
  {
    "id": "455820STK",
    "title": "Kinder Surprise Maxi 100 g",
    "category": "Koek, snoep, chocolade en chips",
    "price": 7.19,
    "promoPrice": null,
    "pricePerUnit": "71.9 kg",
    "image": "https://www.jumbo.com/dam-images/fit-in/360x360/Products/28092023_1695920829594_1695920833010_4008400230726_1.png",
    "available": true,
    "promoUntil": null
  },
  {
    "id": "661594FLS",
    "title": "Koh Thai Kokosmelk 250ml",
    "category": "Wereldkeukens, kruiden, pasta en rijst",
    "price": 1.67,
    "promoPrice": null,
    "pricePerUnit": "6.68 l",
    "image": "https://www.jumbo.com/dam-images/fit-in/360x360/Products/16012025_1736997387556_1736997397244_661594_FLS_08720604474831_C1N1.png",
    "available": true,
    "promoUntil": null
  },
  {
    "id": "665558DS",
    "title": "Lassie Haverrijst 275g",
    "category": "Wereldkeukens, kruiden, pasta en rijst",
    "price": 1.48,
    "promoPrice": null,
    "pricePerUnit": "5.38 kg",
    "image": "https://www.jumbo.com/dam-images/fit-in/360x360/Products/25112024_1732533924149_1732533926606_665558_DS_08718781602390_C1N1.png",
    "available": true,
    "promoUntil": null
  },
  {
    "id": "701245FLS",
    "title": "Lee Kum Kee Premium Dark Soy Sauce 150ML",
    "category": "Wereldkeukens, kruiden, pasta en rijst",
    "price": 1.97,
    "promoPrice": null,
    "pricePerUnit": "13.13 kg",
    "image": "https://www.jumbo.com/dam-images/fit-in/360x360/Products/27052025_1748337933292_1748337939195_701245_FLS_00078895147070_C1N1.png",
    "available": true,
    "promoUntil": null
  },
  {
    "id": "509457DS",
    "title": "Milka Choco Brookie Chocolade Koekjes 132g",
    "category": "Koek, snoep, chocolade en chips",
    "price": 3.36,
    "promoPrice": null,
    "pricePerUnit": "25.45 kg",
    "image": "https://www.jumbo.com/dam-images/fit-in/360x360/Products/05082025_1754408014853_1754408024764_7622201514754_596.png",
    "available": true,
    "promoUntil": null
  },
  {
    "id": "169934ZK",
    "title": "Santa Maria Tortilla Chips Cheese 185 g",
    "category": "Wereldkeukens, kruiden, pasta en rijst",
    "price": 1.87,
    "promoPrice": null,
    "pricePerUnit": "10.11 kg",
    "image": "https://www.jumbo.com/dam-images/fit-in/360x360/Products/13092025_1757731608746_1757731622592_169934_ZK_07311312008107_C1N1.png",
    "available": true,
    "promoUntil": null
  },
  {
    "id": "639162FLS",
    "title": "Obento Poke Sauce Original 170 g",
    "category": "Wereldkeukens, kruiden, pasta en rijst",
    "price": 2.49,
    "promoPrice": null,
    "pricePerUnit": "14.65 kg",
    "image": "https://www.jumbo.com/dam-images/fit-in/360x360/Products/26122024_1735187117530_1735187121219_639162_FLS_09310432006411_C1N1.png",
    "available": true,
    "promoUntil": null
  },
  {
    "id": "172304POT",
    "title": "Olvarit Wortel Kalfsvlees Aardappel 15+ Maanden 250 g",
    "category": "Drogisterij en baby",
    "price": 1.73,
    "promoPrice": null,
    "pricePerUnit": "6.92 kg",
    "image": "https://www.jumbo.com/dam-images/fit-in/360x360/Products/07122023_1701922617465_1701922622986_172304_POT_05900852926617_C1N1.png",
    "available": true,
    "promoUntil": null
  },
  {
    "id": "92636ZK",
    "title": "Silvo Mix voor Gehakt Uitjes 40 g",
    "category": "Wereldkeukens, kruiden, pasta en rijst",
    "price": 1.88,
    "promoPrice": null,
    "pricePerUnit": "47.0 kg",
    "image": "https://www.jumbo.com/dam-images/fit-in/360x360/Products/24062024_1719235999066_1719236020609_8715500041911_596.png",
    "available": true,
    "promoUntil": null
  },
  {
    "id": "25512BUS",
    "title": "LoSalt Mineraalzout 350 g",
    "category": "Wereldkeukens, kruiden, pasta en rijst",
    "price": 3.19,
    "promoPrice": null,
    "pricePerUnit": "9.11 kg",
    "image": "https://www.jumbo.com/dam-images/fit-in/360x360/Products/09082023_1691584884826_1691584901275_5011544070034_1.png",
    "available": true,
    "promoUntil": null
  },
  {
    "id": "25794FLS",
    "title": "Kikkoman Natuurlijk Gebrouwen Sojasaus 150 ml",
    "category": "Wereldkeukens, kruiden, pasta en rijst",
    "price": 3.95,
    "promoPrice": null,
    "pricePerUnit": "26.33 l",
    "image": "https://www.jumbo.com/dam-images/fit-in/360x360/Products/07052025_1746646407139_1746646410745_8715035130104_1.png",
    "available": true,
    "promoUntil": null
  },
  {
    "id": "685686PAK",
    "title": "Tony's Chocolonely Puur Amandel Zeezout 90 g",
    "category": "Koek, snoep, chocolade en chips",
    "price": 2.47,
    "promoPrice": null,
    "pricePerUnit": "27.44 kg",
    "image": "https://www.jumbo.com/dam-images/fit-in/360x360/Products/05092025_1757034773265_1757034777615_685686_PAK_08720701145818_C1N1.png",
    "available": true,
    "promoUntil": null
  },
  {
    "id": "640282ZK",
    "title": "Takis Volcano Cheese and Chilli Flavoured Fried Corn Snack 100 g",
    "category": "Wereldkeukens, kruiden, pasta en rijst",
    "price": 2.99,
    "promoPrice": null,
    "pricePerUnit": "29.9 kg",
    "image": "https://www.jumbo.com/dam-images/fit-in/360x360/Products/10012025_1736519627902_1736519636865_8412600019689_1.png",
    "available": true,
    "promoUntil": null
  },
  {
    "id": "668957STK",
    "title": "Lassie Haverrijst Minuutje 2 x 125g",
    "category": "Wereldkeukens, kruiden, pasta en rijst",
    "price": 2.19,
    "promoPrice": null,
    "pricePerUnit": "8.76 kg",
    "image": "https://www.jumbo.com/dam-images/fit-in/360x360/Products/11122024_1733929456681_1733929459345_668957_STK_08718781602437_C1N1.png",
    "available": true,
    "promoUntil": null
  },
  {
    "id": "694849DS",
    "title": "Prevalin Oogdruppels Direct 5-in-1 10 ML",
    "category": "Drogisterij en baby",
    "price": 15.19,
    "promoPrice": null,
    "pricePerUnit": "1519.0 l",
    "image": "https://www.jumbo.com/dam-images/fit-in/360x360/Products/23042025_1745402610828_1745402616198_694849_DS_08710537043952_C1N1_s01.png",
    "available": true,
    "promoUntil": null
  },
  {
    "id": "669750FLS",
    "title": "Slimpie Lemon Smaak Siroop 300 ml",
    "category": "Frisdrank en sappen",
    "price": 1.99,
    "promoPrice": null,
    "pricePerUnit": "6.63 l",
    "image": "https://www.jumbo.com/dam-images/fit-in/360x360/Products/23042025_1745376881806_1745376891228_669750_FLS_08719214811532_C1N1.png",
    "available": true,
    "promoUntil": null
  },
  {
    "id": "277961DSL",
    "title": "Zwitsal Bodylotion Baby 6 x 400 ml",
    "category": "Drogisterij en baby",
    "price": 41.94,
    "promoPrice": 29.35,
    "pricePerUnit": "12.23 l",
    "image": "https://www.jumbo.com/dam-images/fit-in/360x360/Products/277961DSL-1692282944498.png",
    "available": true,
    "promoUntil": "di 7 okt"
  },
  {
    "id": "163386FLS",
    "title": "Mee Chun Best Soy Sauce 250 ml",
    "category": "Wereldkeukens, kruiden, pasta en rijst",
    "price": 2.56,
    "promoPrice": null,
    "pricePerUnit": "10.24 kg",
    "image": "https://www.jumbo.com/dam-images/fit-in/360x360/Products/12122024_1734014400610_1734014403616_77101010252_1.png",
    "available": true,
    "promoUntil": null
  },
  {
    "id": "159080PAK",
    "title": "KING Pepermunt Extra Strong Original 4-Pack 4 x 44 g",
    "category": "Koek, snoep, chocolade en chips",
    "price": 2.19,
    "promoPrice": null,
    "pricePerUnit": "12.44 kg",
    "image": "https://www.jumbo.com/dam-images/fit-in/360x360/Products/28052025_1748439308039_1748439321154_8714600006646_596.png",
    "available": true,
    "promoUntil": null
  },
  {
    "id": "603616ZK",
    "title": "Lobo Roast Red Pork Seasoning Mix 2 x 50 g",
    "category": "Wereldkeukens, kruiden, pasta en rijst",
    "price": 1.49,
    "promoPrice": null,
    "pricePerUnit": "14.9 kg",
    "image": "https://www.jumbo.com/dam-images/fit-in/360x360/Products/12122024_1734021185238_1734021192763_8850030112318_1.png",
    "available": true,
    "promoUntil": null
  },
  {
    "id": "570610ZK",
    "title": "Rosewood Steak Sticks Medium Beef 90g",
    "category": "Huishouden en dieren",
    "price": 3.19,
    "promoPrice": null,
    "pricePerUnit": "35.44 kg",
    "image": "https://www.jumbo.com/dam-images/fit-in/360x360/Products/26082025_1756173901579_1756173906164_570610_ZK_08712113585771_C1N1_s01.png",
    "available": true,
    "promoUntil": null
  },
  {
    "id": "647415FLS",
    "title": "Sir. James 101 G&T Mocktail Alcoholvrij 250ML",
    "category": "Bier en wijn",
    "price": 1.99,
    "promoPrice": null,
    "pricePerUnit": "7.96 l",
    "image": "https://www.jumbo.com/dam-images/fit-in/360x360/Products/06092025_1757121357452_1757121359059_647415_FLS_08717953274793_C1N1.png",
    "available": true,
    "promoUntil": null
  },
  {
    "id": "678882TUB",
    "title": "Oral-B Pro-Expert Frisse Adem Tandpasta 75ml",
    "category": "Drogisterij en baby",
    "price": 5.29,
    "promoPrice": null,
    "pricePerUnit": "70.53 l",
    "image": "https://www.jumbo.com/dam-images/fit-in/360x360/Products/18092025_1758153730368_1758153733446_8700216666954_1.png",
    "available": true,
    "promoUntil": null
  },
  {
    "id": "623858FLS",
    "title": "Smaakt Bio Druivensap 750 ml",
    "category": "Frisdrank en sappen",
    "price": 4.99,
    "promoPrice": null,
    "pricePerUnit": "6.65 l",
    "image": "https://www.jumbo.com/dam-images/fit-in/360x360/Products/08092025_1757338395285_1757338398114_8718546994159_1.png",
    "available": true,
    "promoUntil": null
  },
  {
    "id": "700785POT",
    "title": "Taft Styling Volume Poeder 10 g",
    "category": "Drogisterij en baby",
    "price": 6.69,
    "promoPrice": null,
    "pricePerUnit": "669.0 kg",
    "image": "https://www.jumbo.com/dam-images/fit-in/360x360/Products/23052025_1748003802751_1748003805261_700785_POT_07332531119276_C1N1.png",
    "available": true,
    "promoUntil": null
  },
  {
    "id": "161911DS",
    "title": "Verkade Ovengebakken Shuttels Paprika & Kaas 150 g",
    "category": "Koek, snoep, chocolade en chips",
    "price": 1.73,
    "promoPrice": null,
    "pricePerUnit": "11.53 kg",
    "image": "https://www.jumbo.com/dam-images/fit-in/360x360/Products/25012025_1737775350758_1737775356890_161911_DS_08710412973671_H1N1.png",
    "available": true,
    "promoUntil": null
  },
  {
    "id": "143202POT",
    "title": "Verstegen Mix voor Speklapjes 225 g",
    "category": "Wereldkeukens, kruiden, pasta en rijst",
    "price": 4.94,
    "promoPrice": null,
    "pricePerUnit": "21.96 kg",
    "image": "https://www.jumbo.com/dam-images/fit-in/360x360/Products/09072025_1752027725193_1752027729198_143202_POT_08712200770615_C1N1.png",
    "available": true,
    "promoUntil": null
  },
  {
    "id": "549167DS",
    "title": "Yoni Maandverband Heavy 100% Biologisch Katoen met Vleugels 10 Stuks",
    "category": "Drogisterij en baby",
    "price": 4.69,
    "promoPrice": null,
    "pricePerUnit": "0.47 pieces",
    "image": "https://www.jumbo.com/dam-images/fit-in/360x360/Products/10082023_1691675816925_1691675827618_8717953157768_1.png",
    "available": true,
    "promoUntil": null
  },
  {
    "id": "432210STK",
    "title": "Wijn&Spijs-tip: Tawny Port met Kaasplankje",
    "category": "Bier en wijn",
    "price": 16.76,
    "promoPrice": null,
    "pricePerUnit": "None None",
    "image": "https://www.jumbo.com/dam-images/fit-in/360x360/Products/432210STK75d0f628-c687-4870-8591-3348683a97d7-1727872323032.png",
    "available": true,
    "promoUntil": null
  },
  {
    "id": "371956DS",
    "title": "Yoni tampons medium 100% biologisch katoen 16 stuks",
    "category": "Drogisterij en baby",
    "price": 4.29,
    "promoPrice": null,
    "pricePerUnit": "0.27 pieces",
    "image": "https://www.jumbo.com/dam-images/fit-in/360x360/Products/10082023_1691675813009_1691675820927_8717953157737_1.png",
    "available": true,
    "promoUntil": null
  },
  {
    "id": "650128STK",
    "title": "Jumbo's Kruidenblend Marokkaanse Twist 33 g",
    "category": "Wereldkeukens, kruiden, pasta en rijst",
    "price": 1.99,
    "promoPrice": null,
    "pricePerUnit": "60.3 kg",
    "image": "https://www.jumbo.com/dam-images/fit-in/360x360/Products/11122024_1733924017958_1733924023748_8718452816736_1.png",
    "available": true,
    "promoUntil": null
  },
  {
    "id": "542464STK",
    "title": "Kies & Mix Vleeswaren",
    "category": "Vleeswaren, kaas en tapas",
    "price": 11.33,
    "promoPrice": null,
    "pricePerUnit": "None None",
    "image": "https://www.jumbo.com/dam-images/fit-in/360x360/Products/542464STKab3299bf-63db-43ba-a65c-3ee6b8345805-1723195049125.png",
    "available": true,
    "promoUntil": null
  },
  {
    "id": "703576POT",
    "title": "La Morena Chipotle Saus 230g",
    "category": "Wereldkeukens, kruiden, pasta en rijst",
    "price": 2.96,
    "promoPrice": null,
    "pricePerUnit": "12.87 kg",
    "image": "https://www.jumbo.com/dam-images/fit-in/360x360/Products/06062025_1749219050170_1749219056498_703576_POT_00727452000722_C1N1.png",
    "available": true,
    "promoUntil": null
  },
  {
    "id": "591142FLS",
    "title": "Lekker Bekkie Orgeade Siroop Caribbean Lemonade 500 ml",
    "category": "Wereldkeukens, kruiden, pasta en rijst",
    "price": 4.79,
    "promoPrice": null,
    "pricePerUnit": "9.58 l",
    "image": "https://www.jumbo.com/dam-images/fit-in/360x360/Products/12122024_1734014802441_1734014805862_8717056652313_1.png",
    "available": true,
    "promoUntil": null
  },
  {
    "id": "435302STK",
    "title": "Libresse Micro inlegkruisjes 22 Stuks",
    "category": "Drogisterij en baby",
    "price": 2.89,
    "promoPrice": null,
    "pricePerUnit": "0.13 pieces",
    "image": "https://www.jumbo.com/dam-images/fit-in/360x360/Products/22092023_1695353465028_1695353466836_435302_STK_.png",
    "available": true,
    "promoUntil": null
  },
  {
    "id": "663396FLS",
    "title": "Nivea Repair & Care Body Lotion 250 ML",
    "category": "Drogisterij en baby",
    "price": 9.99,
    "promoPrice": null,
    "pricePerUnit": "39.96 l",
    "image": "https://www.jumbo.com/dam-images/fit-in/360x360/Products/02122024_1733127573027_1733127574071_663396_FLS_04006000079455_C1N1.png",
    "available": true,
    "promoUntil": null
  },
  {
    "id": "625952ZK",
    "title": "Mitsuba Beef Noodles 140g",
    "category": "Koek, snoep, chocolade en chips",
    "price": 1.99,
    "promoPrice": null,
    "pricePerUnit": "14.21 kg",
    "image": "https://www.jumbo.com/dam-images/fit-in/360x360/Products/03092024_1725329009774_1725329022374_625952_ZK_08711299017243_C1N1.png",
    "available": true,
    "promoUntil": null
  },
  {
    "id": "208339FLS",
    "title": "TerraPura - Reserva - Pinot Noir - 750 ML",
    "category": "Bier en wijn",
    "price": 6.49,
    "promoPrice": null,
    "pricePerUnit": "8.65 l",
    "image": "https://www.jumbo.com/dam-images/fit-in/360x360/Products/09082023_1691587938023_1691587950204_7804616090669_1.png",
    "available": true,
    "promoUntil": null
  },
  {
    "id": "555523FLS",
    "title": "The Wanted - Blue -  Merlot - 750ML",
    "category": "Bier en wijn",
    "price": 7.99,
    "promoPrice": null,
    "pricePerUnit": "10.65 l",
    "image": "https://www.jumbo.com/dam-images/fit-in/360x360/Products/19122023_1703000112077_1703000115348_8052432833451_1.png",
    "available": true,
    "promoUntil": null
  },
  {
    "id": "703996BLK",
    "title": "Kasteel Rouge Blik 500ML",
    "category": "Bier en wijn",
    "price": 2.89,
    "promoPrice": null,
    "pricePerUnit": "5.78 l",
    "image": "https://www.jumbo.com/dam-images/fit-in/360x360/Products/11062025_1749666770099_1749666781600_5411081009458_596.png",
    "available": true,
    "promoUntil": null
  },
  {
    "id": "703716ZK",
    "title": "Knorr Enchiladas Maaltijd Mix 33g",
    "category": "Wereldkeukens, kruiden, pasta en rijst",
    "price": 1.95,
    "promoPrice": null,
    "pricePerUnit": "59.09 kg",
    "image": "https://www.jumbo.com/dam-images/fit-in/360x360/Products/08721201967306H1N1e7541e17-ade4-48e8-b010-4527d195f749-1751876626135.png",
    "available": true,
    "promoUntil": null
  },
  {
    "id": "716671PAK",
    "title": "Stimorol Max Peppermint Flavour Sugar Free 3 x 9 Stuks",
    "category": "Koek, snoep, chocolade en chips",
    "price": 3.49,
    "promoPrice": null,
    "pricePerUnit": "58.17 kg",
    "image": "https://www.jumbo.com/dam-images/fit-in/360x360/Products/29082025_1756451853292_1756451861943_716671_PAK_08723400940678_C1N1.png",
    "available": true,
    "promoUntil": null
  },
  {
    "id": "533398FLS",
    "title": "Marcel's Green Soap Allesreiniger Spray Basilicum & Vetiver - 500ml",
    "category": "Huishouden en dieren",
    "price": 3.46,
    "promoPrice": null,
    "pricePerUnit": "6.92 l",
    "image": "https://www.jumbo.com/dam-images/fit-in/360x360/Products/31102024_1730340493034_1730340497210_533398_FLS_08719189416053_C1N1.png",
    "available": true,
    "promoUntil": null
  },
  {
    "id": "208629FLS",
    "title": "Trentham Estate - Chardonnay - 750 ML",
    "category": "Bier en wijn",
    "price": 8.99,
    "promoPrice": null,
    "pricePerUnit": "11.99 l",
    "image": "https://www.jumbo.com/dam-images/fit-in/360x360/Products/208629_9316071970205_1_T1_208629FLS1691315085239.png",
    "available": true,
    "promoUntil": null
  },
  {
    "id": "450973STK",
    "title": "Passiflora Rustgevend extra sterk tabletten, 30 stuks",
    "category": "Drogisterij en baby",
    "price": 13.99,
    "promoPrice": null,
    "pricePerUnit": "0.47 pieces",
    "image": "https://www.jumbo.com/dam-images/fit-in/360x360/Products/24092025_1758672137175_1758672144920_8711596578966_1.png",
    "available": true,
    "promoUntil": null
  },
  {
    "id": "436588ZK",
    "title": "Romed Vingercondooms Maat L 100 Stuks",
    "category": "Drogisterij en baby",
    "price": 2.99,
    "promoPrice": null,
    "pricePerUnit": "0.03 pieces",
    "image": "https://www.jumbo.com/dam-images/fit-in/360x360/Products/10082023_1691675595446_1691675610305_8717202431717_1.png",
    "available": true,
    "promoUntil": null
  },
  {
    "id": "673342PAK",
    "title": "Viper Hard Seltzer Cherry / Tropical / Cranberry / Peach  Multipack 8x250ML",
    "category": "Bier en wijn",
    "price": 13.19,
    "promoPrice": null,
    "pricePerUnit": "6.6 l",
    "image": "https://www.jumbo.com/dam-images/fit-in/360x360/Products/29032025_1743214740956_1743214748557_673342_PAK_08716700019687_H1N1.png",
    "available": true,
    "promoUntil": null
  },
  {
    "id": "616929DS",
    "title": "Veet Pure Cold Wax Strips 20 Stuks",
    "category": "Drogisterij en baby",
    "price": 7.99,
    "promoPrice": null,
    "pricePerUnit": "0.4 pieces",
    "image": "https://www.jumbo.com/dam-images/fit-in/360x360/Products/03059944027045A1N1eea1daf2-041c-4e0a-ab03-6653db9a2b07-1718001865333.png",
    "available": true,
    "promoUntil": null
  },
  {
    "id": "387213STK",
    "title": "Lutti Bubblizz Original 250 g",
    "category": "Koek, snoep, chocolade en chips",
    "price": 2.19,
    "promoPrice": null,
    "pricePerUnit": "8.76 kg",
    "image": "https://www.jumbo.com/dam-images/fit-in/360x360/Products/01022024_1706780104266_1706780118706_5410057169110_1.png",
    "available": true,
    "promoUntil": null
  },
  {
    "id": "703549BAK",
    "title": "Jumbo's Vriesvers Maaltijden Gehaktschotel 450g",
    "category": "Diepvries",
    "price": 5.99,
    "promoPrice": null,
    "pricePerUnit": "13.31 kg",
    "image": "https://www.jumbo.com/dam-images/fit-in/360x360/Products/08718452926695T59611597182899d9fecf-0b9c-46bb-b0db-842d9bb2cd14-1758531028471.png",
    "available": true,
    "promoUntil": null
  },
  {
    "id": "541748STK",
    "title": "Klassieke Borrelplank 4-6 Personen",
    "category": "Vleeswaren, kaas en tapas",
    "price": 18.93,
    "promoPrice": null,
    "pricePerUnit": "None None",
    "image": "https://www.jumbo.com/dam-images/fit-in/360x360/Products/541748_20073565_1_1_541748STK14488838c-8e44-4006-9ee1-a1f3f1270f851692019869937.png",
    "available": false,
    "promoUntil": null
  },
  {
    "id": "114595DS",
    "title": "Koh Thai Rijst Noedels 220 g",
    "category": "Wereldkeukens, kruiden, pasta en rijst",
    "price": 2.66,
    "promoPrice": null,
    "pricePerUnit": "12.09 kg",
    "image": "https://www.jumbo.com/dam-images/fit-in/360x360/Products/16012025_1736995365126_1736995378118_114595_DS_08717662261404_C1N1.png",
    "available": true,
    "promoUntil": null
  },
  {
    "id": "538694BLK",
    "title": "Malibu - Pineapple - 250ML",
    "category": "Bier en wijn",
    "price": 2.29,
    "promoPrice": null,
    "pricePerUnit": "9.16 l",
    "image": "https://www.jumbo.com/dam-images/fit-in/360x360/Products/08082024_1723081369151_1723081373294_538694_BLK_05012461002597_C1N1.png",
    "available": true,
    "promoUntil": null
  },
  {
    "id": "455151DSL",
    "title": "Nestlé LITTLE STEPS® Peutermelk 2+ jaar 4 x 1 L",
    "category": "Drogisterij en baby",
    "price": 9.08,
    "promoPrice": null,
    "pricePerUnit": "2.27 l",
    "image": "https://www.jumbo.com/dam-images/fit-in/360x360/Products/455151DSL16b3d5c57-d0db-4317-a131-b938a236fc6f-1710857216954.png",
    "available": true,
    "promoUntil": null
  },
  {
    "id": "694884DS",
    "title": "Nicorette Suikervrij Nicotine Kauwgom 2 mg",
    "category": "Drogisterij en baby",
    "price": 33.49,
    "promoPrice": null,
    "pricePerUnit": "216.06 kg",
    "image": "https://www.jumbo.com/dam-images/fit-in/360x360/Products/23042025_1745406769725_1745406775879_694884_DS_03574661243597_C1N1_s01.png",
    "available": true,
    "promoUntil": null
  },
  {
    "id": "707210FLS",
    "title": "Nivea Verzachtende Reinigingsmelk 200 ML",
    "category": "Drogisterij en baby",
    "price": 7.91,
    "promoPrice": null,
    "pricePerUnit": "39.55 l",
    "image": "https://www.jumbo.com/dam-images/fit-in/360x360/Products/30062025_1751280333744_1751280336213_707210_FLS_04005900666062_C1N1.png",
    "available": true,
    "promoUntil": null
  },
  {
    "id": "564133PAK",
    "title": "Smart Gum Pepermint met Xylitol 36 Stuks 39,6 g",
    "category": "Koek, snoep, chocolade en chips",
    "price": 0.99,
    "promoPrice": null,
    "pricePerUnit": "24.75 kg",
    "image": "https://www.jumbo.com/dam-images/fit-in/360x360/Products/20122023_1703041179785_1703041186965_564133_PAK_05400265007687_C1N1.png",
    "available": true,
    "promoUntil": null
  },
  {
    "id": "178121FLS",
    "title": "Texels Tuunwal Tripel Bier Fles 300ml",
    "category": "Bier en wijn",
    "price": 2.09,
    "promoPrice": null,
    "pricePerUnit": "6.97 l",
    "image": "https://www.jumbo.com/dam-images/fit-in/360x360/Products/20092025_1758331878479_1758331880891_178121_FLS_08717903630037_C1N1.png",
    "available": true,
    "promoUntil": null
  },
  {
    "id": "711452STK",
    "title": "Smart Gum Spearmint met Xylitol 3 x 36 Stuks",
    "category": "Koek, snoep, chocolade en chips",
    "price": 2.1,
    "promoPrice": null,
    "pricePerUnit": "None None",
    "image": "https://www.jumbo.com/dam-images/fit-in/360x360/Products/2025919820ac3722-f850-498f-a3f6-37e6f9cda206-1753711267780.png",
    "available": true,
    "promoUntil": null
  },
  {
    "id": "711471STK",
    "title": "Smint Clean Breath Peppermint Suikervrij Pot 2 x 150 stuks",
    "category": "Koek, snoep, chocolade en chips",
    "price": 12.86,
    "promoPrice": null,
    "pricePerUnit": "None None",
    "image": "https://www.jumbo.com/dam-images/fit-in/360x360/Products/20258351b229587d-ecc7-4fb0-aff7-a76d65949c36-1753712560471.png",
    "available": true,
    "promoUntil": null
  },
  {
    "id": "629220ZK",
    "title": "TUC Bake Rolls Sour Cream & Onion 150g",
    "category": "Koek, snoep, chocolade en chips",
    "price": 2.19,
    "promoPrice": null,
    "pricePerUnit": "14.6 kg",
    "image": "https://www.jumbo.com/dam-images/fit-in/360x360/Products/05082025_1754408031959_1754408042405_7622202046285_596.png",
    "available": true,
    "promoUntil": null
  },
  {
    "id": "79128DSL",
    "title": "Los Gansos - Cabernet Sauvignon - 6 x 750 ml",
    "category": "Bier en wijn",
    "price": 35.94,
    "promoPrice": null,
    "pricePerUnit": "7.99 l",
    "image": "https://www.jumbo.com/dam-images/fit-in/360x360/Products/37804320396492f64a82b0-84a4-411d-953f-8127c064f7cb-1750860429451.png",
    "available": true,
    "promoUntil": null
  },
  {
    "id": "621477DS",
    "title": "Tena Men Active Fit 12 Stuks",
    "category": "Drogisterij en baby",
    "price": 5.79,
    "promoPrice": null,
    "pricePerUnit": "0.48 pieces",
    "image": "https://www.jumbo.com/dam-images/fit-in/360x360/Products/01082025_1754010014005_1754010016566_621477_DS_07322542035658_C1N1.png",
    "available": true,
    "promoUntil": null
  },
  {
    "id": "515777FLS",
    "title": "Lupulus - Bruin Bier - Fles - 330 ML",
    "category": "Bier en wijn",
    "price": 2.55,
    "promoPrice": null,
    "pricePerUnit": "7.73 l",
    "image": "https://www.jumbo.com/dam-images/fit-in/360x360/Products/20092025_1758331914350_1758331918019_515777_FLS_05425025122059_C1N1.png",
    "available": true,
    "promoUntil": null
  },
  {
    "id": "693410BLK",
    "title": "Tenzing Natural Energy Lime & Mint 250 ml",
    "category": "Frisdrank en sappen",
    "price": 1.49,
    "promoPrice": null,
    "pricePerUnit": "5.96 l",
    "image": "https://www.jumbo.com/dam-images/fit-in/360x360/Products/14042025_1744655547504_1744655552371_5060444851021_1.png",
    "available": true,
    "promoUntil": null
  },
  {
    "id": "648975ZK",
    "title": "Terre di Puglia Tarallini Classico 230g",
    "category": "Wereldkeukens, kruiden, pasta en rijst",
    "price": 2.49,
    "promoPrice": null,
    "pricePerUnit": "10.83 kg",
    "image": "https://www.jumbo.com/dam-images/fit-in/360x360/Products/14092024_1726280022520_1726280027894_648975_ZK_08057094340170_C1N1.png",
    "available": true,
    "promoUntil": null
  },
  {
    "id": "612129PKL",
    "title": "Spa FRUIT Bruisende Fruitige Frisdrank Citron - 6 x 400ML",
    "category": "Frisdrank en sappen",
    "price": 8.7,
    "promoPrice": null,
    "pricePerUnit": "3.63 l",
    "image": "https://www.jumbo.com/dam-images/fit-in/360x360/Products/05410013802372H1N15fc2e178-66b5-4796-935c-e15f48908bea-1758179368351.png",
    "available": true,
    "promoUntil": null
  },
  {
    "id": "690060FLS",
    "title": "NIVEA Satin Sensation Anti-Transpirant Roller - 50ml",
    "category": "Drogisterij en baby",
    "price": 5.49,
    "promoPrice": null,
    "pricePerUnit": "109.8 l",
    "image": "https://www.jumbo.com/dam-images/fit-in/360x360/Products/17072025_1752715629841_1752715630372_690060_FLS_00000042246640_C1N1.png",
    "available": true,
    "promoUntil": null
  },
  {
    "id": "226100STK",
    "title": "Verkade Originals San Francisco Tarwe 320 g",
    "category": "Koek, snoep, chocolade en chips",
    "price": 2.13,
    "promoPrice": null,
    "pricePerUnit": "6.66 kg",
    "image": "https://www.jumbo.com/dam-images/fit-in/360x360/Products/04012025_1735956408106_1735956413885_226100_STK_08710412236257_H1N1.png",
    "available": true,
    "promoUntil": null
  },
  {
    "id": "437226ZK",
    "title": "Verstegen Kruidenmix Tikka Masala voor 2 personen 15 g",
    "category": "Wereldkeukens, kruiden, pasta en rijst",
    "price": 1.09,
    "promoPrice": null,
    "pricePerUnit": "72.67 kg",
    "image": "https://www.jumbo.com/dam-images/fit-in/360x360/Products/437226_8712200090096_1_T1_437226ZK1691172066420.png",
    "available": true,
    "promoUntil": null
  },
  {
    "id": "203720ZK",
    "title": "Verstegen Mix voor Gehakt Pikant 40 g",
    "category": "Wereldkeukens, kruiden, pasta en rijst",
    "price": 1.49,
    "promoPrice": null,
    "pricePerUnit": "37.25 kg",
    "image": "https://www.jumbo.com/dam-images/fit-in/360x360/Products/23042025_1745375451919_1745375457595_203720_ZK_08712200976987_C1N1.png",
    "available": true,
    "promoUntil": null
  },
  {
    "id": "662664PAK",
    "title": "Milka Tender Melk Chocolade Laag Rolcake 185g",
    "category": "Koek, snoep, chocolade en chips",
    "price": 3.39,
    "promoPrice": null,
    "pricePerUnit": "18.32 kg",
    "image": "https://www.jumbo.com/dam-images/fit-in/360x360/Products/20052025_1747744435068_1747744443642_7622400004483_596.png",
    "available": true,
    "promoUntil": null
  },
  {
    "id": "143016POT",
    "title": "Verstegen Mix voor Kip Natriumarm 45 g",
    "category": "Wereldkeukens, kruiden, pasta en rijst",
    "price": 2.66,
    "promoPrice": null,
    "pricePerUnit": "59.11 kg",
    "image": "https://www.jumbo.com/dam-images/fit-in/360x360/Products/17082024_1723861569009_1723861574134_143016_POT_08712200575418_C1N1.png",
    "available": true,
    "promoUntil": null
  },
  {
    "id": "648944DS",
    "title": "M&M’s Mini's Cookies 180g",
    "category": "Koek, snoep, chocolade en chips",
    "price": 2.69,
    "promoPrice": null,
    "pricePerUnit": "14.94 kg",
    "image": "https://www.jumbo.com/dam-images/fit-in/360x360/Products/15072025_1752545152615_1752545161530_648944_DS_05056357914250_C1N1.png",
    "available": true,
    "promoUntil": null
  },
  {
    "id": "542221BLK",
    "title": "Kees - Hazy Sunrise New England IPA - Blik - 330ML",
    "category": "Bier en wijn",
    "price": 2.99,
    "promoPrice": null,
    "pricePerUnit": "9.06 l",
    "image": "https://www.jumbo.com/dam-images/fit-in/360x360/Products/20092025_1758336331621_1758336334679_542221_BLK_08720297861086_C1N1.png",
    "available": true,
    "promoUntil": null
  },
  {
    "id": "623888ZK",
    "title": "Smaakt Bio Cranberry-Chocolade Koekjes 175 g",
    "category": "Koek, snoep, chocolade en chips",
    "price": 3.46,
    "promoPrice": null,
    "pricePerUnit": "19.77 kg",
    "image": "https://www.jumbo.com/dam-images/fit-in/360x360/Products/10062025_1749544406298_1749544411120_8719153034634_1.png",
    "available": true,
    "promoUntil": null
  },
  {
    "id": "154983ZK",
    "title": "Pedigree Tasty Minis - Kaas & Rund - Hondensnacks - 140 g",
    "category": "Huishouden en dieren",
    "price": 2.08,
    "promoPrice": null,
    "pricePerUnit": "14.86 kg",
    "image": "https://www.jumbo.com/dam-images/fit-in/360x360/Products/25082023_1692928977225_1692928982620_154983_ZK_05998749127063_H1N1.png",
    "available": true,
    "promoUntil": null
  },
  {
    "id": "198645STK",
    "title": "NIVEA Black &amp; White Invisible Clear Anti-Transpirant Roller - 50ml - Deodorant - Anti-vlekken - 72 uur bescherming",
    "category": "Drogisterij en baby",
    "price": 6.29,
    "promoPrice": null,
    "pricePerUnit": "125.8 l",
    "image": "https://www.jumbo.com/dam-images/fit-in/360x360/Products/16072025_1752680047267_1752680050492_42345138_1.png",
    "available": true,
    "promoUntil": null
  },
  {
    "id": "702957DS",
    "title": "Leffe Winterbier 6x330ML",
    "category": "Bier en wijn",
    "price": 8.69,
    "promoPrice": null,
    "pricePerUnit": "4.39 l",
    "image": "https://www.jumbo.com/dam-images/fit-in/360x360/Products/04062025_1749030469444_1749030471851_702957_DS_05410228238058_C1N1.png",
    "available": true,
    "promoUntil": null
  },
  {
    "id": "441262FLS",
    "title": "Trappistes Rochefort - Triple Extra - Fles - 330ML",
    "category": "Bier en wijn",
    "price": 2.59,
    "promoPrice": null,
    "pricePerUnit": "7.85 l",
    "image": "https://www.jumbo.com/dam-images/fit-in/360x360/Products/09082023_1691588273156_1691588277051_5412858000357_1.png",
    "available": true,
    "promoUntil": null
  },
  {
    "id": "128181POT",
    "title": "L'Oréal Paris Studio Line Out of Bed Fibre-Cream 150 ml",
    "category": "Drogisterij en baby",
    "price": 6.99,
    "promoPrice": null,
    "pricePerUnit": "46.6 l",
    "image": "https://www.jumbo.com/dam-images/fit-in/360x360/Products/09082023_1691590938968_1691590945592_3600522471158_1.png",
    "available": true,
    "promoUntil": null
  },
  {
    "id": "623439ZK",
    "title": "Lazy Vegan Korean Noodles 450g",
    "category": "Diepvries",
    "price": 5.73,
    "promoPrice": null,
    "pricePerUnit": "12.73 kg",
    "image": "https://www.jumbo.com/dam-images/fit-in/360x360/Products/30112024_1732935305036_1732935314713_623439_ZK_08719747260517_C1N1.png",
    "available": true,
    "promoUntil": null
  },
  {
    "id": "701247FLS",
    "title": "Lee Kum Kee Premium Light Soy Sauce 150ml",
    "category": "Wereldkeukens, kruiden, pasta en rijst",
    "price": 1.97,
    "promoPrice": null,
    "pricePerUnit": "13.13 kg",
    "image": "https://www.jumbo.com/dam-images/fit-in/360x360/Products/12072025_1752286314317_1752286318996_701247_FLS_00078895147087_C1N1.png",
    "available": true,
    "promoUntil": null
  },
  {
    "id": "445362FLS",
    "title": "Mogu Mogu Mango Smaak met Nata de Coco 320 ml",
    "category": "Wereldkeukens, kruiden, pasta en rijst",
    "price": 1.75,
    "promoPrice": null,
    "pricePerUnit": "5.47 l",
    "image": "https://www.jumbo.com/dam-images/fit-in/360x360/Products/27022024_1709048048304_1709048054314_8850389116944_1.png",
    "available": true,
    "promoUntil": null
  },
  {
    "id": "74446STK",
    "title": "Nurofen Ibuprofen voor kinderen suspensie 100 mg/ 5 ml, 100 ml",
    "category": "Drogisterij en baby",
    "price": 6.49,
    "promoPrice": null,
    "pricePerUnit": "64.9 l",
    "image": "https://www.jumbo.com/dam-images/fit-in/360x360/Products/22082025_1755820922019_1755820927903_5000167093735_1.png",
    "available": true,
    "promoUntil": null
  },
  {
    "id": "705069DS",
    "title": "Parodontax Complete Protection Whitening Tandpasta 75 ML",
    "category": "Drogisterij en baby",
    "price": 7.29,
    "promoPrice": null,
    "pricePerUnit": "97.2 l",
    "image": "https://www.jumbo.com/dam-images/fit-in/360x360/Products/16062025_1750072349771_1750072351485_705069_DS_05054563262950_C1N1.png",
    "available": true,
    "promoUntil": null
  },
  {
    "id": "570612ZK",
    "title": "Rosewood Steak Sticks Rund S 90g",
    "category": "Huishouden en dieren",
    "price": 3.19,
    "promoPrice": null,
    "pricePerUnit": "35.44 kg",
    "image": "https://www.jumbo.com/dam-images/fit-in/360x360/Products/23092025_1758585736426_1758585743228_8712113585719_1.png",
    "available": true,
    "promoUntil": null
  },
  {
    "id": "687383STK",
    "title": "SPA FRUIT Bruisende Fruitige Frisdrank Orange 3 x 1,25 L",
    "category": "Frisdrank en sappen",
    "price": 7.35,
    "promoPrice": null,
    "pricePerUnit": "None None",
    "image": "https://www.jumbo.com/dam-images/fit-in/360x360/Products/687383STK1aa76c5d9-00b8-4757-9a77-0dab7c2e2a76-1755861054580.png",
    "available": true,
    "promoUntil": null
  },
  {
    "id": "542116BLK",
    "title": "Whiplash - Bone Machine IPA - Blik - 440ML",
    "category": "Bier en wijn",
    "price": 3.99,
    "promoPrice": null,
    "pricePerUnit": "9.07 l",
    "image": "https://www.jumbo.com/dam-images/fit-in/360x360/Products/542116_8720847221483_1_T1_485175BLK1691077277819.png",
    "available": true,
    "promoUntil": null
  },
  {
    "id": "578652ZK",
    "title": "Olvarit Knijpfruit Amandeldrink Banaan 12+ Maanden 100 g",
    "category": "Drogisterij en baby",
    "price": 1.14,
    "promoPrice": null,
    "pricePerUnit": "11.4 kg",
    "image": "https://www.jumbo.com/dam-images/fit-in/360x360/Products/578652_8712400119634_1_T1_518789ZK1691150158300.png",
    "available": true,
    "promoUntil": null
  },
  {
    "id": "679445BAK",
    "title": "Zeekraal 80 g",
    "category": "Aardappelen, groente en fruit",
    "price": 2.69,
    "promoPrice": null,
    "pricePerUnit": "33.63 kg",
    "image": "https://www.jumbo.com/dam-images/fit-in/360x360/Products/10042025_1744299169054_1744299174459_8718503612584_1.png",
    "available": true,
    "promoUntil": null
  },
  {
    "id": "675757DS",
    "title": "Philips Led Filament Kaars 25W E14",
    "category": "Non-food en servicebalie",
    "price": 7.69,
    "promoPrice": null,
    "pricePerUnit": "7.69 pieces",
    "image": "https://www.jumbo.com/dam-images/fit-in/360x360/Products/17092025_1758067292255_1758067296767_8718699665388_1.png",
    "available": true,
    "promoUntil": null
  },
  {
    "id": "527272DS",
    "title": "Mentos Aardbei Mix Vegan 5-pack",
    "category": "Koek, snoep, chocolade en chips",
    "price": 2.76,
    "promoPrice": null,
    "pricePerUnit": "14.68 kg",
    "image": "https://www.jumbo.com/dam-images/fit-in/360x360/Products/07072025_1751902619063_1751902626381_8723400798699_1.png",
    "available": true,
    "promoUntil": null
  },
  {
    "id": "469734ZK",
    "title": "Saitaku Udon Noodles 300 g",
    "category": "Wereldkeukens, kruiden, pasta en rijst",
    "price": 3.36,
    "promoPrice": null,
    "pricePerUnit": "11.2 kg",
    "image": "https://www.jumbo.com/dam-images/fit-in/360x360/Products/04052024_1714784835627_1714784840126_469734_ZK_05060194790106_C1N1.png",
    "available": true,
    "promoUntil": null
  },
  {
    "id": "683389DS",
    "title": "Roka Parmigiano Reggiano Cheese Crispies 70 g ",
    "category": "Koek, snoep, chocolade en chips",
    "price": 2.69,
    "promoPrice": null,
    "pricePerUnit": "38.43 kg",
    "image": "https://www.jumbo.com/dam-images/fit-in/360x360/Products/05052025_1746430385814_1746430390201_8710588600043_1.png",
    "available": true,
    "promoUntil": null
  },
  {
    "id": "91631ZK",
    "title": "Silvo Mix voor Mosselen 20 g",
    "category": "Wereldkeukens, kruiden, pasta en rijst",
    "price": 1.42,
    "promoPrice": null,
    "pricePerUnit": "71.0 kg",
    "image": "https://www.jumbo.com/dam-images/fit-in/360x360/Products/24062024_1719235998736_1719236011348_8715500041874_1.png",
    "available": true,
    "promoUntil": null
  },
  {
    "id": "710632DS",
    "title": "Smaakt Bio Vegan Ravioli 250 g",
    "category": "Wereldkeukens, kruiden, pasta en rijst",
    "price": 4.19,
    "promoPrice": null,
    "pricePerUnit": "16.76 kg",
    "image": "https://www.jumbo.com/dam-images/fit-in/360x360/Products/21072025_1753122788744_1753122794947_8719153031688_1.png",
    "available": true,
    "promoUntil": null
  },
  {
    "id": "610976DSL",
    "title": "Los Dos Melenas - Cabernet Sauvignon 6 x 750 ml",
    "category": "Bier en wijn",
    "price": 22.14,
    "promoPrice": null,
    "pricePerUnit": "4.92 l",
    "image": "https://www.jumbo.com/dam-images/fit-in/360x360/Products/610976DSL1a3d19031-0305-4dea-bfad-8e106c9b57c9-1727337836930.png",
    "available": true,
    "promoUntil": null
  },
  {
    "id": "527767ZK",
    "title": "TastyBasics Robuust brood",
    "category": "Brood en gebak",
    "price": 2.96,
    "promoPrice": null,
    "pricePerUnit": "9.87 kg",
    "image": "https://www.jumbo.com/dam-images/fit-in/360x360/Products/07032025_1741316298100_1741316305697_527767_ZK_08718868678201_C1N1.png",
    "available": true,
    "promoUntil": null
  },
  {
    "id": "515774FLS",
    "title": "Lupulus - Tripel - Fles - 330ML",
    "category": "Bier en wijn",
    "price": 2.49,
    "promoPrice": null,
    "pricePerUnit": "7.55 l",
    "image": "https://www.jumbo.com/dam-images/fit-in/360x360/Products/20092025_1758331946325_1758331950647_515774_FLS_05425025122035_C1N1.png",
    "available": true,
    "promoUntil": null
  },
  {
    "id": "601287ZK",
    "title": "M&M'S Choco chocolade snoepjes 125g",
    "category": "Koek, snoep, chocolade en chips",
    "price": 2.49,
    "promoPrice": null,
    "pricePerUnit": "19.92 kg",
    "image": "https://www.jumbo.com/dam-images/fit-in/360x360/Products/04072025_1751592366542_1751592370420_601287_ZK_05000159472579_H1N1.png",
    "available": true,
    "promoUntil": null
  },
  {
    "id": "451019STK",
    "title": "Natterman Bronchicum extra sterk hoeststroop, 200 ml",
    "category": "Drogisterij en baby",
    "price": 15.44,
    "promoPrice": null,
    "pricePerUnit": "74.95 kg",
    "image": "https://www.jumbo.com/dam-images/fit-in/360x360/Products/25072025_1753409051796_1753409063014_451019_STK_08713304946029_C1N1.png",
    "available": true,
    "promoUntil": null
  },
  {
    "id": "472345DS",
    "title": "Nairn's Original Flatbreads Gluten Free 150 g",
    "category": "Brood en gebak",
    "price": 3.36,
    "promoPrice": null,
    "pricePerUnit": "22.4 kg",
    "image": "https://www.jumbo.com/dam-images/fit-in/360x360/Products/30052025_1748570610831_1748570624274_472345_DS_00612322000769_C1N1.png",
    "available": true,
    "promoUntil": null
  },
  {
    "id": "690380PAK",
    "title": "Verkade Specials Reep Hazelnoot/Melk 90 gram Fairtrade",
    "category": "Koek, snoep, chocolade en chips",
    "price": 2.33,
    "promoPrice": null,
    "pricePerUnit": "25.89 kg",
    "image": "https://www.jumbo.com/dam-images/fit-in/360x360/Products/07052025_1746579947256_1746579953022_690380_PAK_08710412045910_H1N1.png",
    "available": true,
    "promoUntil": null
  },
  {
    "id": "557341CUP",
    "title": "Philadelphia Zuivelspread Plantaardig 145g",
    "category": "Vleeswaren, kaas en tapas",
    "price": 3.19,
    "promoPrice": null,
    "pricePerUnit": "22.0 kg",
    "image": "https://www.jumbo.com/dam-images/fit-in/360x360/Products/05082025_1754400785422_1754400792979_7622201735470_596.png",
    "available": true,
    "promoUntil": null
  },
  {
    "id": "659702POT",
    "title": "Verstegen Mix voor Mosselen 150 g",
    "category": "Wereldkeukens, kruiden, pasta en rijst",
    "price": 5.69,
    "promoPrice": null,
    "pricePerUnit": "37.93 kg",
    "image": "https://www.jumbo.com/dam-images/fit-in/360x360/Products/29102024_1730234045896_1730234051414_8712200051660_1.png",
    "available": true,
    "promoUntil": null
  },
  {
    "id": "432448STK",
    "title": "Roter Vitamine C bruistabletten abrikoos-sinaasappel, 2 x 20 stuks",
    "category": "Drogisterij en baby",
    "price": 12.99,
    "promoPrice": null,
    "pricePerUnit": "12.99 pieces",
    "image": "https://www.jumbo.com/dam-images/fit-in/360x360/Products/10092025_1757468756057_1757468759255_432448_STK_08713304103514_C1N1.png",
    "available": true,
    "promoUntil": null
  },
  {
    "id": "431082FLS",
    "title": "Vitamin Well Care 500 ml",
    "category": "Frisdrank en sappen",
    "price": 1.99,
    "promoPrice": null,
    "pricePerUnit": "3.98 l",
    "image": "https://www.jumbo.com/dam-images/fit-in/360x360/Products/29052024_1716953388748_1716953397692_431082_FLS_07350042718887_C1N1.png",
    "available": true,
    "promoUntil": null
  },
  {
    "id": "83384STK",
    "title": "Sinaspril Paracetamol kauwtabletten 120 mg, 16 stuks",
    "category": "Drogisterij en baby",
    "price": 5.19,
    "promoPrice": null,
    "pricePerUnit": "0.32 pieces",
    "image": "https://www.jumbo.com/dam-images/fit-in/360x360/Products/24092025_1758672059940_1758672067113_8713091028311_1.png",
    "available": true,
    "promoUntil": null
  },
  {
    "id": "411767BLS",
    "title": "WC Eend Active Clean Citrus Splash",
    "category": "Huishouden en dieren",
    "price": 5.19,
    "promoPrice": null,
    "pricePerUnit": "2.6 pieces",
    "image": "https://www.jumbo.com/dam-images/fit-in/360x360/Products/21122023_1703124763201_1703124771945_411767_BLS_05000204188141_C1N1.png",
    "available": true,
    "promoUntil": null
  },
  {
    "id": "224827STK",
    "title": "Zed Candy Classic Flavours Jawbreaker 16 Stuks 132 g",
    "category": "Koek, snoep, chocolade en chips",
    "price": 1.39,
    "promoPrice": null,
    "pricePerUnit": "10.53 kg",
    "image": "https://www.jumbo.com/dam-images/fit-in/360x360/Products/15112024_1731642589719_1731642600155_224827_STK_05011061170002_C1N1.png",
    "available": true,
    "promoUntil": null
  },
  {
    "id": "471627DS",
    "title": "Vsm Spiroflor SRL Spier- en gewrichtsgel 150 g",
    "category": "Drogisterij en baby",
    "price": 10.99,
    "promoPrice": null,
    "pricePerUnit": "73.27 kg",
    "image": "https://www.jumbo.com/dam-images/fit-in/360x360/Products/24092025_1758672061602_1758672065246_8728300895981_1.png",
    "available": true,
    "promoUntil": null
  },
  {
    "id": "628747ZK",
    "title": "Pedigree Dentastix Medium Kauwstaaf - Gebitsverzorgende Hondensnack - 5 Stuks",
    "category": "Huishouden en dieren",
    "price": 1.97,
    "promoPrice": null,
    "pricePerUnit": "15.39 kg",
    "image": "https://www.jumbo.com/dam-images/fit-in/360x360/Products/18022025_1739892767443_1739892781306_5998749145760_596.png",
    "available": true,
    "promoUntil": null
  },
  {
    "id": "613291ZK",
    "title": "Lay's Paprika Chips 100 g",
    "category": "Koek, snoep, chocolade en chips",
    "price": 1.49,
    "promoPrice": null,
    "pricePerUnit": "14.9 kg",
    "image": "https://www.jumbo.com/dam-images/fit-in/360x360/Products/03042025_1743683570149_1743683585386_8710398528889_1.png",
    "available": true,
    "promoUntil": null
  },
  {
    "id": "100713ZK",
    "title": "Look-O-Look Topmix 215g",
    "category": "Koek, snoep, chocolade en chips",
    "price": 4.45,
    "promoPrice": null,
    "pricePerUnit": "20.7 kg",
    "image": "https://www.jumbo.com/dam-images/fit-in/360x360/Products/25042025_1745605967258_1745605974265_8713600284054_1.png",
    "available": true,
    "promoUntil": null
  },
  {
    "id": "81395PAK",
    "title": "Libresse Maxi Goodnight Wings Maandverband 10 Stuks",
    "category": "Drogisterij en baby",
    "price": 2.89,
    "promoPrice": null,
    "pricePerUnit": "0.29 pieces",
    "image": "https://www.jumbo.com/dam-images/fit-in/360x360/Products/09082023_1691587587598_1691587592703_7322540576474_1.png",
    "available": true,
    "promoUntil": null
  },
  {
    "id": "650127STK",
    "title": "Jumbo's Kruidenblend Italiaanse Twist 20 g",
    "category": "Wereldkeukens, kruiden, pasta en rijst",
    "price": 1.99,
    "promoPrice": null,
    "pricePerUnit": "99.5 kg",
    "image": "https://www.jumbo.com/dam-images/fit-in/360x360/Products/11122024_1733924017969_1733924023547_8718452816750_1.png",
    "available": true,
    "promoUntil": null
  },
  {
    "id": "518560BAK",
    "title": "Jumbo's Rijkgevulde Erwtensoep 500 g",
    "category": "Verse maaltijden en gemak",
    "price": 3.59,
    "promoPrice": null,
    "pricePerUnit": "7.18 kg",
    "image": "https://www.jumbo.com/dam-images/fit-in/360x360/Products/04122024_1733282154842_1733282157882_518560_BAK_08718452855445_C1N1.png",
    "available": false,
    "promoUntil": null
  },
  {
    "id": "679770TRA",
    "title": "Jumbo's Verse Maaltijd Groente Lasagne 450 g",
    "category": "Verse maaltijden en gemak",
    "price": 5.99,
    "promoPrice": null,
    "pricePerUnit": "13.31 kg",
    "image": "https://www.jumbo.com/dam-images/fit-in/360x360/Products/08042025_1744122766088_1744122772345_8718452913749_1.png",
    "available": true,
    "promoUntil": null
  },
  {
    "id": "686992PAK",
    "title": "MrBeast Feastables Melkchocolade met Amandel Stukjes 60g",
    "category": "Koek, snoep, chocolade en chips",
    "price": 2.99,
    "promoPrice": null,
    "pricePerUnit": "49.83 kg",
    "image": "https://www.jumbo.com/dam-images/fit-in/360x360/Products/18032025_1742290735005_1742290739590_686992_PAK_01230000168465_C1N1.png",
    "available": true,
    "promoUntil": null
  },
  {
    "id": "621362STK",
    "title": "Nestlé Baby Reepje Bosbes Smaak vanaf 12 Maanden 4 x 25g",
    "category": "Drogisterij en baby",
    "price": 3.72,
    "promoPrice": null,
    "pricePerUnit": "None None",
    "image": "https://www.jumbo.com/dam-images/fit-in/360x360/Products/621362STK152864220-e2e1-48df-b77b-ed3a7fdcba57-1711533649089.png",
    "available": true,
    "promoUntil": null
  },
  {
    "id": "615239BLK",
    "title": "Uiltje - Blond - Blik - 330ML",
    "category": "Bier en wijn",
    "price": 2.99,
    "promoPrice": null,
    "pricePerUnit": "9.06 l",
    "image": "https://www.jumbo.com/dam-images/fit-in/360x360/Products/28112024_1732759336271_1732759341233_615239_BLK_08720618914163_C1N1.png",
    "available": true,
    "promoUntil": null
  },
  {
    "id": "274252STK",
    "title": "Whiskas Sticks - Rund - Kattensnack - 3 Stuks",
    "category": "Huishouden en dieren",
    "price": 1.46,
    "promoPrice": null,
    "pricePerUnit": "81.11 kg",
    "image": "https://www.jumbo.com/dam-images/fit-in/360x360/Products/25082023_1692926533547_1692926536508_274252_STK_04008429123597_H1N1.png",
    "available": true,
    "promoUntil": null
  },
  {
    "id": "172271STK",
    "title": "Schär  Ciabatta Rustica Glutenvrij 200 g",
    "category": "Brood en gebak",
    "price": 2.82,
    "promoPrice": null,
    "pricePerUnit": "14.1 kg",
    "image": "https://www.jumbo.com/dam-images/fit-in/360x360/Products/31072025_1753947238747_1753947244487_8008698003152_1.png",
    "available": true,
    "promoUntil": null
  },
  {
    "id": "464837ZK",
    "title": "Smaakt Bio Cranberry Koeken 250 g",
    "category": "Koek, snoep, chocolade en chips",
    "price": 3.46,
    "promoPrice": null,
    "pricePerUnit": "13.84 kg",
    "image": "https://www.jumbo.com/dam-images/fit-in/360x360/Products/12062025_1749735187884_1749735191870_8719153021320_1.png",
    "available": true,
    "promoUntil": null
  },
  {
    "id": "489999POT",
    "title": "Sorgh & Hoop Creoolse Salsa 180g",
    "category": "Wereldkeukens, kruiden, pasta en rijst",
    "price": 2.95,
    "promoPrice": null,
    "pricePerUnit": "16.39 kg",
    "image": "https://www.jumbo.com/dam-images/fit-in/360x360/Products/16062024_1718501391488_1718501397336_489999_POT_08720387088140_C1N1.png",
    "available": true,
    "promoUntil": null
  },
  {
    "id": "455150PAK",
    "title": "Nestlé LITTLE STEPS® Dreumesmelk 1+ jaar 1 L",
    "category": "Drogisterij en baby",
    "price": 2.27,
    "promoPrice": null,
    "pricePerUnit": "2.27 l",
    "image": "https://www.jumbo.com/dam-images/fit-in/360x360/Products/23092025_1758599446900_1758599469432_455150_PAK_07613287786234_H1N1_s01.png",
    "available": true,
    "promoUntil": null
  },
  {
    "id": "624996FLS",
    "title": "Tiempo & Tierra - Verdejo -375ML",
    "category": "Bier en wijn",
    "price": 3.49,
    "promoPrice": null,
    "pricePerUnit": "9.31 l",
    "image": "https://www.jumbo.com/dam-images/fit-in/360x360/Products/09072024_1720517727373_1720517731744_8411971008230_1.png",
    "available": true,
    "promoUntil": null
  },
  {
    "id": "686075FLS",
    "title": "Mount Fishtail Marlborough - Pinot Grigio - 750ML",
    "category": "Bier en wijn",
    "price": 8.99,
    "promoPrice": null,
    "pricePerUnit": "11.99 l",
    "image": "https://www.jumbo.com/dam-images/fit-in/360x360/Products/12062025_1749742493059_1749742511594_9421904809918_1.png",
    "available": true,
    "promoUntil": null
  },
  {
    "id": "142982POT",
    "title": "Verstegen Majoraan 8 g",
    "category": "Wereldkeukens, kruiden, pasta en rijst",
    "price": 2.66,
    "promoPrice": null,
    "pricePerUnit": "332.5 kg",
    "image": "https://www.jumbo.com/dam-images/fit-in/360x360/Products/30082024_1724984763709_1724984767720_142982_POT_08712200085283_C1N1.png",
    "available": true,
    "promoUntil": null
  },
  {
    "id": "143194POT",
    "title": "Verstegen Mix voor Vlees Natriumarm 50 g",
    "category": "Wereldkeukens, kruiden, pasta en rijst",
    "price": 2.61,
    "promoPrice": null,
    "pricePerUnit": "52.2 kg",
    "image": "https://www.jumbo.com/dam-images/fit-in/360x360/Products/17012024_1705464838972_1705464844125_143194_POT_08712200573810_C1N1.png",
    "available": true,
    "promoUntil": null
  },
  {
    "id": "452709FLS",
    "title": "Signature des Princes - Vacqueyras - Grenache Noir - Syrah - 750ML",
    "category": "Bier en wijn",
    "price": 17.99,
    "promoPrice": null,
    "pricePerUnit": "23.99 l",
    "image": "https://www.jumbo.com/dam-images/fit-in/360x360/Products/09082023_1691596457886_1691596459466_3760170008004_1.png",
    "available": true,
    "promoUntil": null
  },
  {
    "id": "664265PAK",
    "title": "Zed Candy Screamers Dip & Lick Hard Snoep 40 g",
    "category": "Koek, snoep, chocolade en chips",
    "price": 0.99,
    "promoPrice": null,
    "pricePerUnit": "24.75 kg",
    "image": "https://www.jumbo.com/dam-images/fit-in/360x360/Products/28112024_1732822441587_1732822448706_5011061105011_1.png",
    "available": true,
    "promoUntil": null
  },
  {
    "id": "531987FLS",
    "title": "NIVEA MEN Protect & Care Aftershave Balsem - 100ml",
    "category": "Drogisterij en baby",
    "price": 10.99,
    "promoPrice": null,
    "pricePerUnit": "109.9 l",
    "image": "https://www.jumbo.com/dam-images/fit-in/360x360/Products/19082025_1755596075126_1755596079022_8715200813009_1.png",
    "available": true,
    "promoUntil": null
  },
  {
    "id": "570761STK",
    "title": "Jumbo friszoet & sappig elstar voordeel 2 x 1, 5kg",
    "category": "Aardappelen, groente en fruit",
    "price": 5.98,
    "promoPrice": null,
    "pricePerUnit": "None None",
    "image": "https://www.jumbo.com/dam-images/fit-in/360x360/Products/570761STK7390f434-e381-4545-bda1-dd801d8b6937-1745827546182.png",
    "available": false,
    "promoUntil": null
  },
  {
    "id": "701610PAK",
    "title": "Koh Thai Yellow Curry Paste 70g",
    "category": "Wereldkeukens, kruiden, pasta en rijst",
    "price": 2.27,
    "promoPrice": null,
    "pricePerUnit": "32.43 kg",
    "image": "https://www.jumbo.com/dam-images/fit-in/360x360/Products/28052025_1748436420084_1748436432748_701610_PAK_08717662264405_C1N1.png",
    "available": true,
    "promoUntil": null
  },
  {
    "id": "696480POT",
    "title": "Koningsvogel Sambal Brandal 280 g",
    "category": "Wereldkeukens, kruiden, pasta en rijst",
    "price": 3.65,
    "promoPrice": null,
    "pricePerUnit": "13.04 kg",
    "image": "https://www.jumbo.com/dam-images/fit-in/360x360/Products/02052025_1746167911423_1746167917377_696480_POT_08718719362013_C1N1.png",
    "available": true,
    "promoUntil": null
  },
  {
    "id": "685635PAK",
    "title": "Milka Hazelnoot Chocolade Tablet 85g",
    "category": "Koek, snoep, chocolade en chips",
    "price": 2.07,
    "promoPrice": null,
    "pricePerUnit": "24.35 kg",
    "image": "https://www.jumbo.com/dam-images/fit-in/360x360/Products/20052025_1747744435338_1747744439382_7622202034107_1.png",
    "available": true,
    "promoUntil": null
  },
  {
    "id": "173559STK",
    "title": "Suprimal Tabletten tegen misselijkheid 12,5 mg, 10 stuks",
    "category": "Drogisterij en baby",
    "price": 5.79,
    "promoPrice": null,
    "pricePerUnit": "0.58 pieces",
    "image": "https://www.jumbo.com/dam-images/fit-in/360x360/Products/24092025_1758672134056_1758672142120_8714067000164_1.png",
    "available": true,
    "promoUntil": null
  },
  {
    "id": "292760STK",
    "title": "Oral-B Floss Munt",
    "category": "Drogisterij en baby",
    "price": 2.19,
    "promoPrice": null,
    "pricePerUnit": "2.19 pieces",
    "image": "https://www.jumbo.com/dam-images/fit-in/360x360/Products/25082025_1756125157181_1756125161292_5010622005029_1.png",
    "available": true,
    "promoUntil": null
  },
  {
    "id": "576822ZK",
    "title": "Organix Knijpfruit Appel, Perzik & Mango 12+m",
    "category": "Drogisterij en baby",
    "price": 1.44,
    "promoPrice": null,
    "pricePerUnit": "14.4 kg",
    "image": "https://www.jumbo.com/dam-images/fit-in/360x360/Products/23052025_1748014408555_1748014445435_8713500013068_596.png",
    "available": true,
    "promoUntil": null
  },
  {
    "id": "678184STK",
    "title": "Pampers Baby-Dry Maat 3, 104 Luiers",
    "category": "Drogisterij en baby",
    "price": 42.99,
    "promoPrice": null,
    "pricePerUnit": "0.41 pieces",
    "image": "https://www.jumbo.com/dam-images/fit-in/360x360/Products/14082025_1755196423813_1755196429491_8700216713252_1.png",
    "available": true,
    "promoUntil": null
  },
  {
    "id": "608960PAK",
    "title": "Pfanner B + C + E Wildberries 2 L",
    "category": "Frisdrank en sappen",
    "price": 2.59,
    "promoPrice": null,
    "pricePerUnit": "1.3 l",
    "image": "https://www.jumbo.com/dam-images/fit-in/360x360/Products/02122024_1733153596242_1733153601163_9006900014001_1.png",
    "available": true,
    "promoUntil": null
  },
  {
    "id": "648703POT",
    "title": "Jumbo's Hot Dip Salsa 300 g",
    "category": "Wereldkeukens, kruiden, pasta en rijst",
    "price": 1.29,
    "promoPrice": null,
    "pricePerUnit": "4.3 kg",
    "image": "https://www.jumbo.com/dam-images/fit-in/360x360/Products/12122024_1734003204314_1734003214429_8718452861040_1.png",
    "available": true,
    "promoUntil": null
  },
  {
    "id": "705076DS",
    "title": "Sensodyne Rapid Relief Whitening 75 ML",
    "category": "Drogisterij en baby",
    "price": 7.29,
    "promoPrice": null,
    "pricePerUnit": "97.2 l",
    "image": "https://www.jumbo.com/dam-images/fit-in/360x360/Products/16062025_1750072506348_1750072508499_705076_DS_05054563235480_C1N1.png",
    "available": true,
    "promoUntil": null
  },
  {
    "id": "620113DS",
    "title": "Libresse Inleg Regular Bigpack 58 Stuks",
    "category": "Drogisterij en baby",
    "price": 4.89,
    "promoPrice": null,
    "pricePerUnit": "0.08 pieces",
    "image": "https://www.jumbo.com/dam-images/fit-in/360x360/Products/20032024_1710916668714_1710916671687_620113_DS_.png",
    "available": true,
    "promoUntil": null
  },
  {
    "id": "610026FLS",
    "title": "Kasteel Rubus Framboise Fles 330ML",
    "category": "Bier en wijn",
    "price": 2.39,
    "promoPrice": null,
    "pricePerUnit": "7.24 l",
    "image": "https://www.jumbo.com/dam-images/fit-in/360x360/Products/31072025_1753927549900_1753927553731_610026_FLS_05411081009854_C1N1.png",
    "available": true,
    "promoUntil": null
  },
  {
    "id": "701268DS",
    "title": "Smaakt Less Carb Konjac Rijst 270g",
    "category": "Wereldkeukens, kruiden, pasta en rijst",
    "price": 2.49,
    "promoPrice": null,
    "pricePerUnit": "9.22 kg",
    "image": "https://www.jumbo.com/dam-images/fit-in/360x360/Products/27052025_1748340117804_1748340122904_701268_DS_08719153038458_C1N1.png",
    "available": true,
    "promoUntil": null
  },
  {
    "id": "521811FLS",
    "title": "Marqués del Silvo - Rioja Reserva - 750 ML",
    "category": "Bier en wijn",
    "price": 13.49,
    "promoPrice": null,
    "pricePerUnit": "17.99 l",
    "image": "https://www.jumbo.com/dam-images/fit-in/360x360/Products/25042024_1714030446627_1714030450023_8437019906153_1.png",
    "available": true,
    "promoUntil": null
  },
  {
    "id": "565686EM",
    "title": "La Place Verse Soep Tom Kha Kai met Kokosmelk 500 g",
    "category": "Verse maaltijden en gemak",
    "price": 3.79,
    "promoPrice": null,
    "pricePerUnit": "7.58 kg",
    "image": "https://www.jumbo.com/dam-images/fit-in/360x360/Products/10062025_1749580369376_1749580374136_8718452697977_1.png",
    "available": true,
    "promoUntil": null
  },
  {
    "id": "409642POT",
    "title": "Patak's Ginger Mango Chutney 340 gram",
    "category": "Wereldkeukens, kruiden, pasta en rijst",
    "price": 3.36,
    "promoPrice": null,
    "pricePerUnit": "9.88 kg",
    "image": "https://www.jumbo.com/dam-images/fit-in/360x360/Products/13062024_1718242369850_1718242380866_409642_POT_05011308303033_C1N1.png",
    "available": true,
    "promoUntil": null
  },
  {
    "id": "303922ZK",
    "title": "Werther's Original Roomsnoepjes Soft Caramel Zak, 150 gram",
    "category": "Koek, snoep, chocolade en chips",
    "price": 1.87,
    "promoPrice": null,
    "pricePerUnit": "12.47 kg",
    "image": "https://www.jumbo.com/dam-images/fit-in/360x360/Products/16012024_1705419367283_1705419381705_4014400929195_1.png",
    "available": true,
    "promoUntil": null
  },
  {
    "id": "653457TUB",
    "title": "Just Add Chilli Puree 70g",
    "category": "Wereldkeukens, kruiden, pasta en rijst",
    "price": 1.79,
    "promoPrice": null,
    "pricePerUnit": "25.57 kg",
    "image": "https://www.jumbo.com/dam-images/fit-in/360x360/Products/18112024_1731929597981_1731929602094_5060483021768_1.png",
    "available": true,
    "promoUntil": null
  },
  {
    "id": "570552STK",
    "title": "Veltins - V Beer Tequila Flavor - Blik - 6 x 500ML",
    "category": "Bier en wijn",
    "price": 11.34,
    "promoPrice": null,
    "pricePerUnit": "None None",
    "image": "https://www.jumbo.com/dam-images/fit-in/360x360/Products/570552_20222383_1_T1_570552STK1691078178833.png",
    "available": true,
    "promoUntil": null
  },
  {
    "id": "370059POT",
    "title": "Xylifresh Peppermint Sugar Free Gum 93 g",
    "category": "Koek, snoep, chocolade en chips",
    "price": 4.5,
    "promoPrice": null,
    "pricePerUnit": "48.39 kg",
    "image": "https://www.jumbo.com/dam-images/fit-in/360x360/Products/06082025_1754444000661_1754444007453_370059_POT_08711400301216_C1N1.png",
    "available": true,
    "promoUntil": null
  },
  {
    "id": "650126POT",
    "title": "Venturino Bartolomeo Pesto Rosso met Extra Vierge Olijfolie (22,5%) 180 g",
    "category": "Wereldkeukens, kruiden, pasta en rijst",
    "price": 3.49,
    "promoPrice": null,
    "pricePerUnit": "19.39 kg",
    "image": "https://www.jumbo.com/dam-images/fit-in/360x360/Products/17092025_1758071793723_1758071796738_650126_POT_08013862002213_C1N1.png",
    "available": true,
    "promoUntil": null
  },
  {
    "id": "686680FLS",
    "title": "Saitaku Simply Japanese Poke Sauce Sweet & Salty 200 ml",
    "category": "Wereldkeukens, kruiden, pasta en rijst",
    "price": 3.85,
    "promoPrice": null,
    "pricePerUnit": "19.25 l",
    "image": "https://www.jumbo.com/dam-images/fit-in/360x360/Products/14032025_1741958694961_1741958698548_686680_FLS_05060194792568_C1N1.png",
    "available": true,
    "promoUntil": null
  },
  {
    "id": "673172ZK",
    "title": "Jumbo's Traybake Sperziebonen & Spruitjes Mix 450 g",
    "category": "Diepvries",
    "price": 1.99,
    "promoPrice": null,
    "pricePerUnit": "4.42 kg",
    "image": "https://www.jumbo.com/dam-images/fit-in/360x360/Products/04032025_1741080786733_1741080809062_8718452886098_596.png",
    "available": true,
    "promoUntil": null
  },
  {
    "id": "25537BAK",
    "title": "Kokki Djawa Rijsttafelmix 250 g",
    "category": "Wereldkeukens, kruiden, pasta en rijst",
    "price": 4.21,
    "promoPrice": null,
    "pricePerUnit": "16.84 kg",
    "image": "https://www.jumbo.com/dam-images/fit-in/360x360/Products/14022024_1707872891128_1707872898479_8710161532433_1.png",
    "available": true,
    "promoUntil": null
  },
  {
    "id": "158684DS",
    "title": "Organix Boerderijdieren koekjes babysnack 1+jr",
    "category": "Drogisterij en baby",
    "price": 3.55,
    "promoPrice": null,
    "pricePerUnit": "35.5 kg",
    "image": "https://www.jumbo.com/dam-images/fit-in/360x360/Products/20022025_1740017334439_1740017342269_158684_DS_08718285800018_C1N1.png",
    "available": true,
    "promoUntil": null
  },
  {
    "id": "152312STK",
    "title": "L'Oréal Paris Men Expert Hydra Energetic Hydraterende Gezichtscrème 50 ml",
    "category": "Drogisterij en baby",
    "price": 18.99,
    "promoPrice": null,
    "pricePerUnit": "379.8 l",
    "image": "https://www.jumbo.com/dam-images/fit-in/360x360/Products/06072024_1720230554008_1720230564537_152312_STK_03600520297569_C1N1_s05.png",
    "available": true,
    "promoUntil": null
  },
  {
    "id": "200723STK",
    "title": "Knorr Natuurlijk Lekker Saus voor Asperges 30 g",
    "category": "Wereldkeukens, kruiden, pasta en rijst",
    "price": 1.0,
    "promoPrice": null,
    "pricePerUnit": "33.33 kg",
    "image": "https://www.jumbo.com/dam-images/fit-in/360x360/Products/29032025_1743218026686_1743218068333_200723_STK_08714100876152_H1N1.png",
    "available": true,
    "promoUntil": null
  },
  {
    "id": "703052FLS",
    "title": "L'Essenza della Tradizione - Primitivo - 750ML",
    "category": "Bier en wijn",
    "price": 3.99,
    "promoPrice": null,
    "pricePerUnit": "5.32 l",
    "image": "https://www.jumbo.com/dam-images/fit-in/360x360/Products/21082025_1755772414565_1755772417833_4041584011729_1.png",
    "available": true,
    "promoUntil": null
  },
  {
    "id": "433408FLS",
    "title": "Lindeboom Gouverneur Blond Fles 300ML",
    "category": "Bier en wijn",
    "price": 2.09,
    "promoPrice": null,
    "pricePerUnit": "6.97 l",
    "image": "https://www.jumbo.com/dam-images/fit-in/360x360/Products/20092025_1758331719586_1758331722723_433408_FLS_00000087274240_C1N1.png",
    "available": true,
    "promoUntil": null
  },
  {
    "id": "645619FLS",
    "title": "Tropical Aloe Vera Drink Strawberry 500 ml",
    "category": "Wereldkeukens, kruiden, pasta en rijst",
    "price": 1.77,
    "promoPrice": null,
    "pricePerUnit": "3.54 l",
    "image": "https://www.jumbo.com/dam-images/fit-in/360x360/Products/24052025_1748050899296_1748050903253_645619_FLS_08712857008000_C1N1.png",
    "available": true,
    "promoUntil": null
  },
  {
    "id": "671746ZK",
    "title": "Verkade Specials Bites Koekballetjes met Witte Chocolade 120 g",
    "category": "Koek, snoep, chocolade en chips",
    "price": 2.66,
    "promoPrice": null,
    "pricePerUnit": "22.17 kg",
    "image": "https://www.jumbo.com/dam-images/fit-in/360x360/Products/28022025_1740714673636_1740714681224_671746_ZK_08710412045163_H1N1.png",
    "available": true,
    "promoUntil": null
  },
  {
    "id": "647138ZK",
    "title": "Proper Sour Cream & Chive Flavour 85g",
    "category": "Koek, snoep, chocolade en chips",
    "price": 2.49,
    "promoPrice": null,
    "pricePerUnit": "29.29 kg",
    "image": "https://www.jumbo.com/dam-images/fit-in/360x360/Products/23082024_1724406761770_1724406766391_647138_ZK_05060283762229_C1N1.png",
    "available": true,
    "promoUntil": null
  },
  {
    "id": "415612STK",
    "title": "Look-O-Look Gevulde Kersen Sticks 12 stuks ",
    "category": "Koek, snoep, chocolade en chips",
    "price": 2.27,
    "promoPrice": null,
    "pricePerUnit": "19.74 kg",
    "image": "https://www.jumbo.com/dam-images/fit-in/360x360/Products/07072025_1751902618660_1751902622021_8713600099214_1.png",
    "available": true,
    "promoUntil": null
  },
  {
    "id": "626652STK",
    "title": "Olvarit 6+ Maanden Knijpfruit Appel Sinaasappel Wortel 100g",
    "category": "Drogisterij en baby",
    "price": 1.14,
    "promoPrice": null,
    "pricePerUnit": "11.4 kg",
    "image": "https://www.jumbo.com/dam-images/fit-in/360x360/Products/25042024_1714073587478_1714073589635_5900852068010_1.png",
    "available": true,
    "promoUntil": null
  },
  {
    "id": "418729DS",
    "title": "Koningsvogel Ajam Pedis Mix 100 g",
    "category": "Wereldkeukens, kruiden, pasta en rijst",
    "price": 1.69,
    "promoPrice": null,
    "pricePerUnit": "16.9 kg",
    "image": "https://www.jumbo.com/dam-images/fit-in/360x360/Products/09082023_1691581025164_1691581049061_8718719365274_1.png",
    "available": true,
    "promoUntil": null
  },
  {
    "id": "546783DS",
    "title": "La Trappe - Isid'or- 4 x 330ML",
    "category": "Bier en wijn",
    "price": 8.29,
    "promoPrice": null,
    "pricePerUnit": "6.28 l",
    "image": "https://www.jumbo.com/dam-images/fit-in/360x360/Products/08711406093733H1N1857c092c-669e-4d8d-8709-4fd480fde3ce-1736333780233.png",
    "available": true,
    "promoUntil": null
  },
  {
    "id": "644634KGR",
    "title": "Juraflore Fort des Rousses Comté AOP",
    "category": "Vleeswaren, kaas en tapas",
    "price": 5.22,
    "promoPrice": null,
    "pricePerUnit": "27.45 kg",
    "image": "https://www.jumbo.com/dam-images/fit-in/360x360/Products/09092025_1757421317995_1757421326094_2321453000000_1.png",
    "available": true,
    "promoUntil": null
  },
  {
    "id": "602393STK",
    "title": "M&M'S Salted caramel chocolade snoepjes 176g",
    "category": "Koek, snoep, chocolade en chips",
    "price": 3.49,
    "promoPrice": null,
    "pricePerUnit": "19.83 kg",
    "image": "https://www.jumbo.com/dam-images/fit-in/360x360/Products/04072025_1751591804743_1751591812935_602393_STK_05900951291708_H1N1.png",
    "available": true,
    "promoUntil": null
  },
  {
    "id": "445360FLS",
    "title": "Mogu Mogu Aardbeiensmaak met Nata de Coco 320 ml",
    "category": "Wereldkeukens, kruiden, pasta en rijst",
    "price": 1.75,
    "promoPrice": null,
    "pricePerUnit": "5.47 l",
    "image": "https://www.jumbo.com/dam-images/fit-in/360x360/Products/09112023_1699502937616_1699502945738_445360_FLS_08850389116937_C1N1.png",
    "available": true,
    "promoUntil": null
  },
  {
    "id": "647593POT",
    "title": "Mutti Pastasaus Verdure 400g",
    "category": "Wereldkeukens, kruiden, pasta en rijst",
    "price": 3.75,
    "promoPrice": null,
    "pricePerUnit": "9.38 kg",
    "image": "https://www.jumbo.com/dam-images/fit-in/360x360/Products/24052025_1748050559150_1748050567859_647593_POT_08005110519000_C1N1.png",
    "available": true,
    "promoUntil": null
  },
  {
    "id": "648050BLK",
    "title": "Mutti Polpa di Pomodoro 210g",
    "category": "Wereldkeukens, kruiden, pasta en rijst",
    "price": 1.35,
    "promoPrice": null,
    "pricePerUnit": "6.43 kg",
    "image": "https://www.jumbo.com/dam-images/fit-in/360x360/Products/28082024_1724855218829_1724855230697_648050_BLK_08005110172106_C1N1.png",
    "available": true,
    "promoUntil": null
  },
  {
    "id": "407547STK",
    "title": "Olvarit Maaltijdpotjes 18+ Maanden 3 x 250g",
    "category": "Drogisterij en baby",
    "price": 5.19,
    "promoPrice": null,
    "pricePerUnit": "None None",
    "image": "https://www.jumbo.com/dam-images/fit-in/360x360/Products/407547STK30665ebb7-6c79-4426-938c-e36912f597f8-1715769776994.png",
    "available": true,
    "promoUntil": null
  },
  {
    "id": "675752DS",
    "title": "Philips Led Kaars 40W E14",
    "category": "Non-food en servicebalie",
    "price": 8.19,
    "promoPrice": null,
    "pricePerUnit": "8.19 pieces",
    "image": "https://www.jumbo.com/dam-images/fit-in/360x360/Products/17092025_1758067281516_1758067285435_8718699665500_1.png",
    "available": true,
    "promoUntil": null
  },
  {
    "id": "649477POT",
    "title": "Jumbo's Hot Salsa 230 g",
    "category": "Wereldkeukens, kruiden, pasta en rijst",
    "price": 1.09,
    "promoPrice": null,
    "pricePerUnit": "4.74 kg",
    "image": "https://www.jumbo.com/dam-images/fit-in/360x360/Products/12122024_1734003204794_1734003212458_8718452814220_1.png",
    "available": true,
    "promoUntil": null
  },
  {
    "id": "92637ZK",
    "title": "Silvo Mix voor Gehakt Paprika 40 g",
    "category": "Wereldkeukens, kruiden, pasta en rijst",
    "price": 1.88,
    "promoPrice": null,
    "pricePerUnit": "47.0 kg",
    "image": "https://www.jumbo.com/dam-images/fit-in/360x360/Products/24062024_1719235998965_1719236023262_8715500041928_596.png",
    "available": true,
    "promoUntil": null
  },
  {
    "id": "450978STK",
    "title": "Theranal Aambeienzalf, verlicht pijn, jeuk en irritatie bij aambeien, 35 gram",
    "category": "Drogisterij en baby",
    "price": 8.99,
    "promoPrice": null,
    "pricePerUnit": "256.86 kg",
    "image": "https://www.jumbo.com/dam-images/fit-in/360x360/Products/24092025_1758672133507_1758672138262_8713091022616_1.png",
    "available": true,
    "promoUntil": null
  },
  {
    "id": "572673DS",
    "title": "Toppits Stretch Tops 4 Stuks",
    "category": "Huishouden en dieren",
    "price": 11.75,
    "promoPrice": null,
    "pricePerUnit": "2.94 pieces",
    "image": "https://www.jumbo.com/dam-images/fit-in/360x360/Products/09082023_1691594752613_1691594761264_4008871217134_1.png",
    "available": true,
    "promoUntil": null
  },
  {
    "id": "475119DS",
    "title": "Natterman Hoest En Keel Pastilles, 20 stuks",
    "category": "Drogisterij en baby",
    "price": 9.69,
    "promoPrice": null,
    "pricePerUnit": "484.5 kg",
    "image": "https://www.jumbo.com/dam-images/fit-in/360x360/Products/24092025_1758672136322_1758672144622_8713304951689_1.png",
    "available": true,
    "promoUntil": null
  },
  {
    "id": "177867STK",
    "title": "Roter Vitamine C Forte kauwtabletten, 50 stuks ",
    "category": "Drogisterij en baby",
    "price": 13.49,
    "promoPrice": null,
    "pricePerUnit": "0.27 pieces",
    "image": "https://www.jumbo.com/dam-images/fit-in/360x360/Products/24092025_1758672134389_1758672141958_8713304946975_1.png",
    "available": true,
    "promoUntil": null
  },
  {
    "id": "179006STK",
    "title": "Santa Maria Chunky Wrap Salsa Medium 230 g",
    "category": "Wereldkeukens, kruiden, pasta en rijst",
    "price": 2.27,
    "promoPrice": null,
    "pricePerUnit": "9.87 kg",
    "image": "https://www.jumbo.com/dam-images/fit-in/360x360/Products/13092025_1757725885001_1757725898410_179006_STK_.png",
    "available": true,
    "promoUntil": null
  },
  {
    "id": "606578BLK",
    "title": "Two Chefs Brewing - Funky Falcon - Blik 330 ML",
    "category": "Bier en wijn",
    "price": 2.79,
    "promoPrice": null,
    "pricePerUnit": "8.45 l",
    "image": "https://www.jumbo.com/dam-images/fit-in/360x360/Products/20092025_1758333451514_1758333456981_606578_BLK_08720726561013_C1N1.png",
    "available": true,
    "promoUntil": null
  },
  {
    "id": "50056STK",
    "title": "Saitaku Bamboo Rolling Mat",
    "category": "Wereldkeukens, kruiden, pasta en rijst",
    "price": 2.86,
    "promoPrice": null,
    "pricePerUnit": "47.67 kg",
    "image": "https://www.jumbo.com/dam-images/fit-in/360x360/Products/28082024_1724809110432_1724809113215_50056_STK_05060194790021_C1N1.png",
    "available": true,
    "promoUntil": null
  },
  {
    "id": "329697ZK",
    "title": "Sapori di Cascina Riso Arborio 500 g",
    "category": "Wereldkeukens, kruiden, pasta en rijst",
    "price": 2.96,
    "promoPrice": null,
    "pricePerUnit": "5.92 kg",
    "image": "https://www.jumbo.com/dam-images/fit-in/360x360/Products/09082023_1691586737625_1691586772660_8712247229169_1.png",
    "available": true,
    "promoUntil": null
  },
  {
    "id": "505594TUB",
    "title": "NIVEA MEN Protect & Care Verfrissende Face Wash - 100ml",
    "category": "Drogisterij en baby",
    "price": 8.99,
    "promoPrice": null,
    "pricePerUnit": "89.9 l",
    "image": "https://www.jumbo.com/dam-images/fit-in/360x360/Products/19082025_1755603161922_1755603165147_4005808227822_1.png",
    "available": true,
    "promoUntil": null
  },
  {
    "id": "703563BAK",
    "title": "Jumbo's Vriesvers Maaltijden Goulash 450g",
    "category": "Diepvries",
    "price": 5.99,
    "promoPrice": null,
    "pricePerUnit": "13.31 kg",
    "image": "https://www.jumbo.com/dam-images/fit-in/360x360/Products/08718452926732T59611600129375d3e4be-315a-49d1-91a0-ddba2fc95a93-1758531033312.png",
    "available": true,
    "promoUntil": null
  },
  {
    "id": "685832PAK",
    "title": "Jumbo's Melkchocolade Caramel Speculoos 140 g",
    "category": "Koek, snoep, chocolade en chips",
    "price": 2.99,
    "promoPrice": null,
    "pricePerUnit": "21.36 kg",
    "image": "https://www.jumbo.com/dam-images/fit-in/360x360/Products/21052025_1747816447507_1747816460426_8718452813438_596.png",
    "available": true,
    "promoUntil": null
  },
  {
    "id": "664576ZK",
    "title": "Jumbo's Nacho Chips Cheddar Chipotle Smaak 150 g",
    "category": "Wereldkeukens, kruiden, pasta en rijst",
    "price": 1.69,
    "promoPrice": null,
    "pricePerUnit": "11.27 kg",
    "image": "https://www.jumbo.com/dam-images/fit-in/360x360/Products/16122024_1734363156296_1734363161342_8718452878253_1.png",
    "available": true,
    "promoUntil": null
  },
  {
    "id": "416007ZK",
    "title": "Klene Drop Uit Zout 400g",
    "category": "Koek, snoep, chocolade en chips",
    "price": 3.89,
    "promoPrice": null,
    "pricePerUnit": "9.73 kg",
    "image": "https://www.jumbo.com/dam-images/fit-in/360x360/Products/07072025_1751902634803_1751902639503_8723400799078_1.png",
    "available": true,
    "promoUntil": null
  },
  {
    "id": "454879ZK",
    "title": "Klene Drop Fruitmunten Suikervrij 110g",
    "category": "Koek, snoep, chocolade en chips",
    "price": 2.56,
    "promoPrice": null,
    "pricePerUnit": "23.27 kg",
    "image": "https://www.jumbo.com/dam-images/fit-in/360x360/Products/23102024_1729649616466_1729649629030_454879_ZK_08723400795025_H1N1.png",
    "available": true,
    "promoUntil": null
  },
  {
    "id": "695351POT",
    "title": "MENTOS GUM Sour Apple 28 Stuks",
    "category": "Koek, snoep, chocolade en chips",
    "price": 2.76,
    "promoPrice": null,
    "pricePerUnit": "0.1 pieces",
    "image": "https://www.jumbo.com/dam-images/fit-in/360x360/Products/25042025_1745570765101_1745570768887_695351_POT_00000086945615_A1N1.png",
    "available": true,
    "promoUntil": null
  },
  {
    "id": "81173FLS",
    "title": "Quevedo - Porto Tawny - 10 Years - 375ML",
    "category": "Bier en wijn",
    "price": 9.29,
    "promoPrice": null,
    "pricePerUnit": "24.77 l",
    "image": "https://www.jumbo.com/dam-images/fit-in/360x360/Products/09082023_1691589636922_1691589642864_5605891912071_1.png",
    "available": true,
    "promoUntil": null
  },
  {
    "id": "575076RP",
    "title": "Nestlé L'Atelier Melkchocoladereep Hazelnoot & Biscuit 150 g",
    "category": "Koek, snoep, chocolade en chips",
    "price": 4.35,
    "promoPrice": null,
    "pricePerUnit": "29.0 kg",
    "image": "https://www.jumbo.com/dam-images/fit-in/360x360/Products/31072024_1722433096625_1722433102871_8445290552303_1.png",
    "available": true,
    "promoUntil": null
  },
  {
    "id": "480536ZK",
    "title": "Willy Nacho Tortilla Chips Chili 450 g",
    "category": "Wereldkeukens, kruiden, pasta en rijst",
    "price": 3.09,
    "promoPrice": null,
    "pricePerUnit": "6.87 kg",
    "image": "https://www.jumbo.com/dam-images/fit-in/360x360/Products/09082023_1691592909393_1691592993776_8719324820011_1.png",
    "available": true,
    "promoUntil": null
  },
  {
    "id": "647573ZK",
    "title": "Red Band Zoete Appels 180g",
    "category": "Koek, snoep, chocolade en chips",
    "price": 1.77,
    "promoPrice": null,
    "pricePerUnit": "9.83 kg",
    "image": "https://www.jumbo.com/dam-images/fit-in/360x360/Products/28082024_1724873666929_1724873672343_8713800254567_1.png",
    "available": true,
    "promoUntil": null
  },
  {
    "id": "92803ZK",
    "title": "Silvo Mix voor Goulash 40 g",
    "category": "Wereldkeukens, kruiden, pasta en rijst",
    "price": 1.88,
    "promoPrice": null,
    "pricePerUnit": "47.0 kg",
    "image": "https://www.jumbo.com/dam-images/fit-in/360x360/Products/24062024_1719235999483_1719236011728_8715500042055_1.png",
    "available": true,
    "promoUntil": null
  },
  {
    "id": "511818POT",
    "title": "Sharwood's Cooking Sauce Butter Chicken 420 g",
    "category": "Wereldkeukens, kruiden, pasta en rijst",
    "price": 3.39,
    "promoPrice": null,
    "pricePerUnit": "8.07 kg",
    "image": "https://www.jumbo.com/dam-images/fit-in/360x360/Products/07012025_1736215391404_1736215400315_511818_POT_05000354925320_H1N1.png",
    "available": true,
    "promoUntil": null
  },
  {
    "id": "214113PAK",
    "title": "Rummo Radiatori 500 g",
    "category": "Wereldkeukens, kruiden, pasta en rijst",
    "price": 2.49,
    "promoPrice": null,
    "pricePerUnit": "4.98 kg",
    "image": "https://www.jumbo.com/dam-images/fit-in/360x360/Products/214113_8008343201377_1_T1_214113PAK1691326499566.png",
    "available": true,
    "promoUntil": null
  },
  {
    "id": "686961DS",
    "title": "O.B. Extra Protect Tampons Normal 16 Stuks",
    "category": "Drogisterij en baby",
    "price": 3.99,
    "promoPrice": null,
    "pricePerUnit": "0.25 pieces",
    "image": "https://www.jumbo.com/dam-images/fit-in/360x360/Products/17032025_1742224512037_1742224514530_686961_DS_03574661627533_C1N1.png",
    "available": true,
    "promoUntil": null
  },
  {
    "id": "670381PAK",
    "title": "Van de Boom Peer 6 x 0,2 L",
    "category": "Frisdrank en sappen",
    "price": 2.99,
    "promoPrice": null,
    "pricePerUnit": "2.49 l",
    "image": "https://www.jumbo.com/dam-images/fit-in/360x360/Products/26022025_1740565970916_1740565991508_8720157465270_596.png",
    "available": true,
    "promoUntil": null
  },
  {
    "id": "237974STK",
    "title": "Verstegen Biologische Zwarte Peper met Molen 38 g",
    "category": "Wereldkeukens, kruiden, pasta en rijst",
    "price": 3.99,
    "promoPrice": null,
    "pricePerUnit": "105.0 kg",
    "image": "https://www.jumbo.com/dam-images/fit-in/360x360/Products/31082024_1725072350294_1725072352877_237974_STK_08712200874917_C1N1.png",
    "available": true,
    "promoUntil": null
  },
  {
    "id": "216464STK",
    "title": "Sanature Tampons Super 16 Stuks",
    "category": "Drogisterij en baby",
    "price": 3.89,
    "promoPrice": null,
    "pricePerUnit": "0.24 pieces",
    "image": "https://www.jumbo.com/dam-images/fit-in/360x360/Products/09082023_1691591470855_1691591477879_8717677380527_1.png",
    "available": true,
    "promoUntil": null
  },
  {
    "id": "22259ZK",
    "title": "Kopiko Strong & Rich Coffee Candy 150 g",
    "category": "Koek, snoep, chocolade en chips",
    "price": 2.56,
    "promoPrice": null,
    "pricePerUnit": "17.07 kg",
    "image": "https://www.jumbo.com/dam-images/fit-in/360x360/Products/12122023_1702354376797_1702354387601_22259_ZK_08886001200197_C1N1.png",
    "available": true,
    "promoUntil": null
  },
  {
    "id": "650190DS",
    "title": "Wilhelmina Mints F / RB Suikervrij 2x30g",
    "category": "Koek, snoep, chocolade en chips",
    "price": 3.29,
    "promoPrice": null,
    "pricePerUnit": "54.83 kg",
    "image": "https://www.jumbo.com/dam-images/fit-in/360x360/Products/13092024_1726211580964_1726211596306_650190_DS_08710559000254_C1N1.png",
    "available": true,
    "promoUntil": null
  },
  {
    "id": "553834POT",
    "title": "The jelly bean factory 36 Gourmet Flavours",
    "category": "Koek, snoep, chocolade en chips",
    "price": 4.74,
    "promoPrice": null,
    "pricePerUnit": "23.7 kg",
    "image": "https://www.jumbo.com/dam-images/fit-in/360x360/Products/05082025_1754356506688_1754356515971_553834_POT_00745092000933_C1N1.png",
    "available": true,
    "promoUntil": null
  },
  {
    "id": "574011PAK",
    "title": "Kinder Surprise 53 g",
    "category": "Koek, snoep, chocolade en chips",
    "price": 3.29,
    "promoPrice": null,
    "pricePerUnit": "62.08 kg",
    "image": "https://www.jumbo.com/dam-images/fit-in/360x360/Products/11082025_1754908360871_1754908367552_8000500350768_1.png",
    "available": true,
    "promoUntil": null
  },
  {
    "id": "693372BAK",
    "title": "Kraakman Amandelschaafsel Pencee 4 Stuks",
    "category": "Koek, snoep, chocolade en chips",
    "price": 3.75,
    "promoPrice": null,
    "pricePerUnit": "0.94 pieces",
    "image": "https://www.jumbo.com/dam-images/fit-in/360x360/Products/05032025_1741188768358_1741188778660_8716415512770_1.png",
    "available": true,
    "promoUntil": null
  },
  {
    "id": "617009ZK",
    "title": "Marcel's Green Soap universeel wasmiddel Vanille & Katoen navulling - 23 Wasbeurten",
    "category": "Huishouden en dieren",
    "price": 9.79,
    "promoPrice": null,
    "pricePerUnit": "0.43 wb",
    "image": "https://www.jumbo.com/dam-images/fit-in/360x360/Products/12122024_1734014725791_1734014734264_8719325558425_1.png",
    "available": true,
    "promoUntil": null
  },
  {
    "id": "33102DSL",
    "title": "Mezzacorona - Chardonnay - 6 x 750 ML - zonder doos",
    "category": "Bier en wijn",
    "price": 40.74,
    "promoPrice": null,
    "pricePerUnit": "9.05 l",
    "image": "https://www.jumbo.com/dam-images/fit-in/360x360/Products/33102DSL1d126993e-ca4e-42a3-9a9b-5d4e18c1b0f5-1710768212993.png",
    "available": true,
    "promoUntil": null
  },
  {
    "id": "168218DS",
    "title": "Oldtimers Zoethouders Pittigzoet 235 g",
    "category": "Koek, snoep, chocolade en chips",
    "price": 2.82,
    "promoPrice": null,
    "pricePerUnit": "12.0 kg",
    "image": "https://www.jumbo.com/dam-images/fit-in/360x360/Products/21032024_1710988551989_1710988556097_168218_DS_08710452212518_C1N1.png",
    "available": true,
    "promoUntil": null
  },
  {
    "id": "711237BLK",
    "title": "Mutti Polpa di Pomodoro Basilicum 400g",
    "category": "Wereldkeukens, kruiden, pasta en rijst",
    "price": 1.97,
    "promoPrice": null,
    "pricePerUnit": "4.93 kg",
    "image": "https://www.jumbo.com/dam-images/fit-in/360x360/Products/24072025_1753359979063_1753359987446_711237_BLK_08005110170423_C1N1.png",
    "available": true,
    "promoUntil": null
  },
  {
    "id": "648019FLS",
    "title": "Mutti Frito 300g",
    "category": "Wereldkeukens, kruiden, pasta en rijst",
    "price": 1.97,
    "promoPrice": null,
    "pricePerUnit": "6.57 kg",
    "image": "https://www.jumbo.com/dam-images/fit-in/360x360/Products/28082024_1724855211997_1724855216193_648019_FLS_08005110003158_C1N1.png",
    "available": true,
    "promoUntil": null
  },
  {
    "id": "126741BOX",
    "title": "Nutrilon 5 Peutermelk 2+ Jaar 800g",
    "category": "Drogisterij en baby",
    "price": 17.81,
    "promoPrice": null,
    "pricePerUnit": "22.26 kg",
    "image": "https://www.jumbo.com/dam-images/fit-in/360x360/Products/13032025_1741833581909_1741833596949_126741_BOX_08712400111096_C1N1_s01.png",
    "available": true,
    "promoUntil": null
  },
  {
    "id": "675565STK",
    "title": "Papieren Slinger Honeycombs",
    "category": "Non-food en servicebalie",
    "price": 1.99,
    "promoPrice": null,
    "pricePerUnit": "1.99 pieces",
    "image": "",
    "available": true,
    "promoUntil": null
  },
  {
    "id": "463934DS",
    "title": "Yoni tampons heavy 100% biologisch katoen 16 stuks",
    "category": "Drogisterij en baby",
    "price": 4.59,
    "promoPrice": null,
    "pricePerUnit": "0.29 pieces",
    "image": "https://www.jumbo.com/dam-images/fit-in/360x360/Products/10082023_1691675813757_1691675820878_8717953157744_1.png",
    "available": true,
    "promoUntil": null
  },
  {
    "id": "694362CUP",
    "title": "Primello Bieslook 125 g",
    "category": "Vleeswaren, kaas en tapas",
    "price": 1.69,
    "promoPrice": null,
    "pricePerUnit": "13.52 kg",
    "image": "https://www.jumbo.com/dam-images/fit-in/360x360/Products/22072025_1753191237040_1753191245773_4020300960183_1.png",
    "available": true,
    "promoUntil": null
  },
  {
    "id": "677799STK",
    "title": "Pringles Texas Barbecuesaus 165 g",
    "category": "Koek, snoep, chocolade en chips",
    "price": 2.69,
    "promoPrice": null,
    "pricePerUnit": "16.3 kg",
    "image": "https://www.jumbo.com/dam-images/fit-in/360x360/Products/13082025_1755052770823_1755052774914_677799_STK_.png",
    "available": true,
    "promoUntil": null
  },
  {
    "id": "193155STK",
    "title": "Ritter Sport Melk Hele Hazelnoot 100 g",
    "category": "Koek, snoep, chocolade en chips",
    "price": 1.96,
    "promoPrice": null,
    "pricePerUnit": "19.6 kg",
    "image": "https://www.jumbo.com/dam-images/fit-in/360x360/Products/02062025_1748827245196_1748827260978_193155_STK_04000417700001_C1N1.png",
    "available": true,
    "promoUntil": null
  },
  {
    "id": "672367FLS",
    "title": "Nestlé Baby SAP Peer, Banaan 6+ Maanden 200 ML",
    "category": "Drogisterij en baby",
    "price": 1.77,
    "promoPrice": null,
    "pricePerUnit": "8.85 l",
    "image": "https://www.jumbo.com/dam-images/fit-in/360x360/Products/16012025_1737012766793_1737012774990_8445291668027_1.png",
    "available": true,
    "promoUntil": null
  },
  {
    "id": "623856ZK",
    "title": "Seamore Zeewier Bacon 20 g",
    "category": "Vleeswaren, kaas en tapas",
    "price": 5.99,
    "promoPrice": null,
    "pricePerUnit": "299.5 kg",
    "image": "https://www.jumbo.com/dam-images/fit-in/360x360/Products/12122024_1734014704216_1734014713256_8719327020173_1.png",
    "available": true,
    "promoUntil": null
  },
  {
    "id": "660087ZK",
    "title": "Sore Organic Pizza Style Sticks 18m+ 45 g",
    "category": "Drogisterij en baby",
    "price": 1.97,
    "promoPrice": null,
    "pricePerUnit": "43.78 kg",
    "image": "https://www.jumbo.com/dam-images/fit-in/360x360/Products/30102024_1730320446372_1730320455783_8719324174008_1.png",
    "available": true,
    "promoUntil": null
  },
  {
    "id": "675871DS",
    "title": "Ola IJs Dracula 6 x 54 ml",
    "category": "Diepvries",
    "price": 3.29,
    "promoPrice": null,
    "pricePerUnit": "10.15 l",
    "image": "https://www.jumbo.com/dam-images/fit-in/360x360/Products/30052025_1748569531727_1748569569011_675871_DS_08722700444664_C1N1.png",
    "available": true,
    "promoUntil": null
  },
  {
    "id": "710972DS",
    "title": "OB Extra Protect Super 42 Stuks",
    "category": "Drogisterij en baby",
    "price": 8.99,
    "promoPrice": null,
    "pricePerUnit": "0.21 pieces",
    "image": "https://www.jumbo.com/dam-images/fit-in/360x360/Products/23072025_1753249864066_1753249867919_710972_DS_.png",
    "available": true,
    "promoUntil": null
  },
  {
    "id": "695350DS",
    "title": "LU Scholiertje Chocolade Koekjes Wit 150g",
    "category": "Koek, snoep, chocolade en chips",
    "price": 3.55,
    "promoPrice": null,
    "pricePerUnit": "23.67 kg",
    "image": "https://www.jumbo.com/dam-images/fit-in/360x360/Products/04062025_1749001784858_1749001802577_695350_DS_03017760654098_C1N1_s01.png",
    "available": true,
    "promoUntil": null
  },
  {
    "id": "542822ZK",
    "title": "Pedigree Rodeo Duo's hondensnacks rund & kaas 7 stuks",
    "category": "Huishouden en dieren",
    "price": 2.47,
    "promoPrice": null,
    "pricePerUnit": "20.08 kg",
    "image": "https://www.jumbo.com/dam-images/fit-in/360x360/Products/12012024_1705034732401_1705034735715_542822_ZK_05998749140390_C1N1.png",
    "available": true,
    "promoUntil": null
  },
  {
    "id": "425210STK",
    "title": "Reactine Tabletten bij hooikoorts of allergie 10mg, 7 stuks",
    "category": "Drogisterij en baby",
    "price": 7.29,
    "promoPrice": null,
    "pricePerUnit": "729.0 kg",
    "image": "https://www.jumbo.com/dam-images/fit-in/360x360/Products/22082025_1755820896561_1755820904366_3574661220406_1.png",
    "available": true,
    "promoUntil": null
  },
  {
    "id": "142993POT",
    "title": "Verstegen Munt 15 g",
    "category": "Wereldkeukens, kruiden, pasta en rijst",
    "price": 3.06,
    "promoPrice": null,
    "pricePerUnit": "204.0 kg",
    "image": "https://www.jumbo.com/dam-images/fit-in/360x360/Products/30082024_1724985021295_1724985025443_142993_POT_08712200082688_C1N1.png",
    "available": true,
    "promoUntil": null
  },
  {
    "id": "644770DS",
    "title": "Waterdrop Ice Tea Peach Microdrink 12 Stuks",
    "category": "Frisdrank en sappen",
    "price": 6.99,
    "promoPrice": null,
    "pricePerUnit": "0.58 pieces",
    "image": "https://www.jumbo.com/dam-images/fit-in/360x360/Products/08082024_1723095878555_1723095879708_644770_DS_09120128134881_A1N1.png",
    "available": true,
    "promoUntil": null
  },
  {
    "id": "431248FLS",
    "title": "Stift Altenburg - Grüner Veltliner - Biologisch - 750ML",
    "category": "Bier en wijn",
    "price": 9.99,
    "promoPrice": null,
    "pricePerUnit": "13.32 l",
    "image": "https://www.jumbo.com/dam-images/fit-in/360x360/Products/18092023_1695049065953_1695049070535_9005634995952_1.png",
    "available": true,
    "promoUntil": null
  },
  {
    "id": "143196POT",
    "title": "Verstegen Mix voor Gehakt Natriumarm 40 g",
    "category": "Wereldkeukens, kruiden, pasta en rijst",
    "price": 2.61,
    "promoPrice": null,
    "pricePerUnit": "65.25 kg",
    "image": "https://www.jumbo.com/dam-images/fit-in/360x360/Products/25042025_1745542999418_1745543003906_143196_POT_08712200575319_C1N1.png",
    "available": true,
    "promoUntil": null
  },
  {
    "id": "686969ZK",
    "title": "Rewind BBQ & Honey Thin and Crispy Corn Chips 160 g",
    "category": "Koek, snoep, chocolade en chips",
    "price": 1.89,
    "promoPrice": null,
    "pricePerUnit": "11.81 kg",
    "image": "https://www.jumbo.com/dam-images/fit-in/360x360/Products/13092025_1757729577353_1757729585020_686969_ZK_07311312009166_C1N1.png",
    "available": true,
    "promoUntil": null
  },
  {
    "id": "638606BAK",
    "title": "Jumbo's Frisse Doperwt Cashew Pesto Groente Spread & Dip 150 g",
    "category": "Vleeswaren, kaas en tapas",
    "price": 1.99,
    "promoPrice": null,
    "pricePerUnit": "13.27 kg",
    "image": "https://www.jumbo.com/dam-images/fit-in/360x360/Products/07072025_1751887996718_1751888003242_8718452856299_1.png",
    "available": true,
    "promoUntil": null
  },
  {
    "id": "225894STK",
    "title": "Mentos Gum White Cool Mint Suikervrij Pot 75 stuks ",
    "category": "Koek, snoep, chocolade en chips",
    "price": 4.69,
    "promoPrice": null,
    "pricePerUnit": "0.06 pieces",
    "image": "https://www.jumbo.com/dam-images/fit-in/360x360/Products/25042025_1745605967346_1745605972559_80853695_1.png",
    "available": true,
    "promoUntil": null
  },
  {
    "id": "646159POT",
    "title": "Paolo Bruschetta Dip 100 g",
    "category": "Vleeswaren, kaas en tapas",
    "price": 1.99,
    "promoPrice": null,
    "pricePerUnit": "19.9 kg",
    "image": "https://www.jumbo.com/dam-images/fit-in/360x360/Products/10122024_1733844800573_1733844811366_8718247444854_1.png",
    "available": true,
    "promoUntil": null
  },
  {
    "id": "675677DS",
    "title": "Philips Ultra Efficient LED Kogellamp E27",
    "category": "Non-food en servicebalie",
    "price": 8.79,
    "promoPrice": null,
    "pricePerUnit": "8.79 pieces",
    "image": "https://www.jumbo.com/dam-images/fit-in/360x360/Products/08072025_1751932870530_1751932878326_8720169188198_1.png",
    "available": true,
    "promoUntil": null
  },
  {
    "id": "664903ZK",
    "title": "Red Band Crazy Mix Zacht Zoet Drop 235 g",
    "category": "Koek, snoep, chocolade en chips",
    "price": 2.56,
    "promoPrice": null,
    "pricePerUnit": "10.89 kg",
    "image": "https://www.jumbo.com/dam-images/fit-in/360x360/Products/01022025_1738379708364_1738379718409_664903_ZK_08713800255762_H1N1.png",
    "available": true,
    "promoUntil": null
  },
  {
    "id": "568614ZK",
    "title": "Red Band Frisse Flesjes Zuur 120 g",
    "category": "Koek, snoep, chocolade en chips",
    "price": 1.45,
    "promoPrice": null,
    "pricePerUnit": "12.08 kg",
    "image": "https://www.jumbo.com/dam-images/fit-in/360x360/Products/30042024_1714487588843_1714487593396_8713800143441_1.png",
    "available": true,
    "promoUntil": null
  },
  {
    "id": "342433ZK",
    "title": "Ricola Honing Citroen Echinacea zakje 75 g",
    "category": "Koek, snoep, chocolade en chips",
    "price": 2.37,
    "promoPrice": null,
    "pricePerUnit": "31.6 kg",
    "image": "https://www.jumbo.com/dam-images/fit-in/360x360/Products/09072024_1720492036466_1720492046014_342433_ZK_07610700011584_H1N1.png",
    "available": true,
    "promoUntil": null
  },
  {
    "id": "568631ZK",
    "title": "Venco Schoolkrijt Zacht Zoet 120 g",
    "category": "Koek, snoep, chocolade en chips",
    "price": 1.93,
    "promoPrice": null,
    "pricePerUnit": "16.08 kg",
    "image": "https://www.jumbo.com/dam-images/fit-in/360x360/Products/30082025_1756516652545_1756516695175_568631_ZK_08714200220060_C1N1.png",
    "available": true,
    "promoUntil": null
  },
  {
    "id": "634366FLS",
    "title": "Kasteel - Rouge - 0.0% Alcoholvrij - Fles - 330ML",
    "category": "Bier en wijn",
    "price": 1.89,
    "promoPrice": null,
    "pricePerUnit": "5.73 l",
    "image": "https://www.jumbo.com/dam-images/fit-in/360x360/Products/05411081010874A1C13357170e-7721-4204-8e89-1ad15f7f0d1f-1723464827853.png",
    "available": true,
    "promoUntil": null
  },
  {
    "id": "667157BLK",
    "title": "Something & Nothing Yuzu Premium Soda 330 ml",
    "category": "Frisdrank en sappen",
    "price": 1.79,
    "promoPrice": null,
    "pricePerUnit": "5.42 l",
    "image": "https://www.jumbo.com/dam-images/fit-in/360x360/Products/12122024_1734014824019_1734014829040_5060557310019_1.png",
    "available": true,
    "promoUntil": null
  },
  {
    "id": "623048STK",
    "title": "Sore Baby Mais Fingers Naturel 6+ Maanden 4 x 35g",
    "category": "Drogisterij en baby",
    "price": 6.72,
    "promoPrice": null,
    "pricePerUnit": "None None",
    "image": "https://www.jumbo.com/dam-images/fit-in/360x360/Products/623048STK1cde52709-561d-44b2-aa9c-222307356d9b-1712646072205.png",
    "available": true,
    "promoUntil": null
  },
  {
    "id": "429414ZK",
    "title": "Soubry Leon Mie Deegwaar 500 g",
    "category": "Wereldkeukens, kruiden, pasta en rijst",
    "price": 0.69,
    "promoPrice": null,
    "pricePerUnit": "1.38 kg",
    "image": "https://www.jumbo.com/dam-images/fit-in/360x360/Products/10082023_1691674960325_1691674998424_5410028255446_1.png",
    "available": true,
    "promoUntil": null
  },
  {
    "id": "672337PAK",
    "title": "Sultana Fruitbiscuit Framboos Smaak 5 Stuks 218 g",
    "category": "Koek, snoep, chocolade en chips",
    "price": 2.25,
    "promoPrice": null,
    "pricePerUnit": "10.32 kg",
    "image": "https://www.jumbo.com/dam-images/fit-in/360x360/Products/27022025_1740627351604_1740627358397_672337_PAK_08710412045606_H1N1.png",
    "available": true,
    "promoUntil": null
  },
  {
    "id": "162136FLS",
    "title": "Toko Lien Gembersiroop 340 ml",
    "category": "Wereldkeukens, kruiden, pasta en rijst",
    "price": 1.89,
    "promoPrice": null,
    "pricePerUnit": "6.3 l",
    "image": "https://www.jumbo.com/dam-images/fit-in/360x360/Products/10082023_1691674929742_1691674952882_8712544600098_1.png",
    "available": true,
    "promoUntil": null
  },
  {
    "id": "646193FLS",
    "title": "Tropical Aloe Vera Drink Aloe Original 500 ml",
    "category": "Wereldkeukens, kruiden, pasta en rijst",
    "price": 1.67,
    "promoPrice": null,
    "pricePerUnit": "3.34 l",
    "image": "https://www.jumbo.com/dam-images/fit-in/360x360/Products/21052025_1747792363512_1747792367030_646193_FLS_08712857004606_C1N1.png",
    "available": true,
    "promoUntil": null
  },
  {
    "id": "535738BLK",
    "title": "STËLZ - Hard Seltzer - Raspberry - 250ML",
    "category": "Bier en wijn",
    "price": 2.19,
    "promoPrice": null,
    "pricePerUnit": "8.76 l",
    "image": "https://www.jumbo.com/dam-images/fit-in/360x360/Products/24092025_1758679003264_1758679004582_535738_BLK_08719327682302_H1N1.png",
    "available": true,
    "promoUntil": null
  },
  {
    "id": "647580DS",
    "title": "Oldtimers Jochums Favorieten 235 g Doos",
    "category": "Koek, snoep, chocolade en chips",
    "price": 2.86,
    "promoPrice": null,
    "pricePerUnit": "12.17 kg",
    "image": "https://www.jumbo.com/dam-images/fit-in/360x360/Products/27082024_1724739587847_1724739589666_647580_DS_08710452401677_C1N1.png",
    "available": true,
    "promoUntil": null
  },
  {
    "id": "664642ZK",
    "title": "Venco Droptoppers Zacht & Salmiak 215 g",
    "category": "Koek, snoep, chocolade en chips",
    "price": 2.56,
    "promoPrice": null,
    "pricePerUnit": "11.91 kg",
    "image": "https://www.jumbo.com/dam-images/fit-in/360x360/Products/31012025_1738285366718_1738285379357_8713800255465_1.png",
    "available": true,
    "promoUntil": null
  },
  {
    "id": "575409STK",
    "title": "Trentin Parmigiano Reggiano 200 g",
    "category": "Vleeswaren, kaas en tapas",
    "price": 5.99,
    "promoPrice": null,
    "pricePerUnit": "29.95 kg",
    "image": "https://www.jumbo.com/dam-images/fit-in/360x360/Products/14022024_1707873572439_1707873577486_8000407044968_1.png",
    "available": true,
    "promoUntil": null
  },
  {
    "id": "450993STK",
    "title": "Rennie Deflatine kauwtabletten bij opgeblazen gevoel of winderigheid, 36 stuks",
    "category": "Drogisterij en baby",
    "price": 10.49,
    "promoPrice": null,
    "pricePerUnit": "0.29 pieces",
    "image": "https://www.jumbo.com/dam-images/fit-in/360x360/Products/24092025_1758672093113_1758672101178_8713091025693_1.png",
    "available": true,
    "promoUntil": null
  },
  {
    "id": "614713PAK",
    "title": "Vifon Curry Ostra 70 g",
    "category": "Wereldkeukens, kruiden, pasta en rijst",
    "price": 0.65,
    "promoPrice": null,
    "pricePerUnit": "9.29 kg",
    "image": "https://www.jumbo.com/dam-images/fit-in/360x360/Products/12122024_1734014541654_1734014549768_5901882110069_1.png",
    "available": true,
    "promoUntil": null
  },
  {
    "id": "614712PAK",
    "title": "Vifon Golden Chicken Noedelsoep 70g",
    "category": "Wereldkeukens, kruiden, pasta en rijst",
    "price": 0.69,
    "promoPrice": null,
    "pricePerUnit": "9.86 kg",
    "image": "https://www.jumbo.com/dam-images/fit-in/360x360/Products/14022024_1707916091472_1707916100659_614712_PAK_05901882110014_C1N1.png",
    "available": true,
    "promoUntil": null
  },
  {
    "id": "510739POT",
    "title": "Verstegen World Spice Meal Couscous 50 g",
    "category": "Wereldkeukens, kruiden, pasta en rijst",
    "price": 3.95,
    "promoPrice": null,
    "pricePerUnit": "79.0 kg",
    "image": "https://www.jumbo.com/dam-images/fit-in/360x360/Products/22072025_1753150698456_1753150703409_510739_POT_00000087291520_A1N1.png",
    "available": true,
    "promoUntil": null
  },
  {
    "id": "647590POT",
    "title": "Mutti Pastasaus Parmigiano Reggiano 400g",
    "category": "Wereldkeukens, kruiden, pasta en rijst",
    "price": 3.75,
    "promoPrice": null,
    "pricePerUnit": "9.38 kg",
    "image": "https://www.jumbo.com/dam-images/fit-in/360x360/Products/03052025_1746234558712_1746234567027_647590_POT_08005110000775_C1N1.png",
    "available": true,
    "promoUntil": null
  },
  {
    "id": "703575FLS",
    "title": "La Morena Mayo met Chipotle 250ml",
    "category": "Wereldkeukens, kruiden, pasta en rijst",
    "price": 3.65,
    "promoPrice": null,
    "pricePerUnit": "14.6 l",
    "image": "https://www.jumbo.com/dam-images/fit-in/360x360/Products/06062025_1749219037203_1749219044971_703575_FLS_08720604472769_C1N1.png",
    "available": true,
    "promoUntil": null
  },
  {
    "id": "685937ZK",
    "title": "Maggi Air Fryer Tex Mex Crispy Chicken 66 g",
    "category": "Wereldkeukens, kruiden, pasta en rijst",
    "price": 1.79,
    "promoPrice": 1.34,
    "pricePerUnit": "20.3 kg",
    "image": "https://www.jumbo.com/dam-images/fit-in/360x360/Products/23092025_1758596763968_1758596783334_685937_ZK_08445291764552_C1N1_s01.png",
    "available": true,
    "promoUntil": "di 7 okt"
  },
  {
    "id": "706233STK",
    "title": "Mars & Snickers ijs",
    "category": "Diepvries",
    "price": 9.98,
    "promoPrice": null,
    "pricePerUnit": "None None",
    "image": "https://www.jumbo.com/dam-images/fit-in/360x360/Products/20058517d89963a9-cea1-438c-94a5-f708788c02cd-1750752571019.png",
    "available": true,
    "promoUntil": null
  },
  {
    "id": "496494STK",
    "title": "Sinaspril Paracetamol vloeibaar 120 mg, 100 ml",
    "category": "Drogisterij en baby",
    "price": 7.49,
    "promoPrice": null,
    "pricePerUnit": "74.9 l",
    "image": "https://www.jumbo.com/dam-images/fit-in/360x360/Products/24092025_1758672133041_1758672140565_8713091022357_1.png",
    "available": true,
    "promoUntil": null
  },
  {
    "id": "647579DS",
    "title": "Oldtimers Uitblinkers Mix Gesuikerd & Gecoat 235 g Doos",
    "category": "Koek, snoep, chocolade en chips",
    "price": 2.85,
    "promoPrice": null,
    "pricePerUnit": "12.13 kg",
    "image": "https://www.jumbo.com/dam-images/fit-in/360x360/Products/27082024_1724739577433_1724739579510_647579_DS_08710452403008_C1N1.png",
    "available": true,
    "promoUntil": null
  },
  {
    "id": "388019DS",
    "title": "Van Dobben Airfryer & Oven Garnalen Croquetten 4 x 80 g",
    "category": "Diepvries",
    "price": 5.59,
    "promoPrice": null,
    "pricePerUnit": "17.47 kg",
    "image": "https://www.jumbo.com/dam-images/fit-in/360x360/Products/30052025_1748568905983_1748568915458_388019_DS_08710861982538_H1N1.png",
    "available": true,
    "promoUntil": null
  },
  {
    "id": "180835STK",
    "title": "Nivea Care Voedend 200 ml",
    "category": "Drogisterij en baby",
    "price": 7.89,
    "promoPrice": null,
    "pricePerUnit": "39.45 l",
    "image": "https://www.jumbo.com/dam-images/fit-in/360x360/Products/09082023_1691587305581_1691587315844_42289524_1.png",
    "available": true,
    "promoUntil": null
  },
  {
    "id": "675385STK",
    "title": "Pietenmuts 1 Maat",
    "category": "Non-food en servicebalie",
    "price": 1.99,
    "promoPrice": null,
    "pricePerUnit": "1.99 pieces",
    "image": "https://www.jumbo.com/dam-images/fit-in/360x360/Products/8721225775130T1a82baac9-07a0-4653-89b7-1e612ecc7aa4-1754297989185.png",
    "available": true,
    "promoUntil": null
  },
  {
    "id": "703816FLS",
    "title": "Zwitsal Zeepvrije Wasgel Baby 400 ml",
    "category": "Drogisterij en baby",
    "price": 7.69,
    "promoPrice": null,
    "pricePerUnit": "19.23 l",
    "image": "https://www.jumbo.com/dam-images/fit-in/360x360/Products/12092025_1757641841653_1757641868967_703816_FLS_08720181647208_C1N1.png",
    "available": true,
    "promoUntil": null
  },
  {
    "id": "617465PAK",
    "title": "Salakis Salad Cheese Blokjes Koemelk 439 g",
    "category": "Vleeswaren, kaas en tapas",
    "price": 2.79,
    "promoPrice": null,
    "pricePerUnit": "18.6 kg",
    "image": "https://www.jumbo.com/dam-images/fit-in/360x360/Products/04042024_1712255835127_1712255843531_5413209993250_1.png",
    "available": true,
    "promoUntil": null
  },
  {
    "id": "392006DS",
    "title": "Kinder Chocolate 4 Reepjes 50 g",
    "category": "Koek, snoep, chocolade en chips",
    "price": 1.19,
    "promoPrice": null,
    "pricePerUnit": "23.8 kg",
    "image": "https://www.jumbo.com/dam-images/fit-in/360x360/Products/29092023_1695996142704_1695996146846_4008400202525_1.png",
    "available": true,
    "promoUntil": null
  },
  {
    "id": "544616ZK",
    "title": "Trolli Dinorex 200 g",
    "category": "Koek, snoep, chocolade en chips",
    "price": 1.4,
    "promoPrice": null,
    "pricePerUnit": "7.0 kg",
    "image": "https://www.jumbo.com/dam-images/fit-in/360x360/Products/22052024_1716347528626_1716347534522_544616_ZK_04000512364764_C1N1.png",
    "available": true,
    "promoUntil": null
  },
  {
    "id": "70001PAK",
    "title": "Van Der Meulen Rice Toast Original 2 x 15 Stuks 65 g",
    "category": "Koek, snoep, chocolade en chips",
    "price": 1.73,
    "promoPrice": null,
    "pricePerUnit": "26.62 kg",
    "image": "https://www.jumbo.com/dam-images/fit-in/360x360/Products/03022024_1706933314475_1706933319122_70001_PAK_08710649150104_C1N1.png",
    "available": true,
    "promoUntil": null
  },
  {
    "id": "88145STK",
    "title": "Nicotinell Mint zuigtabletten, helpt je te stoppen met roken 2 mg, 36 stuks",
    "category": "Drogisterij en baby",
    "price": 16.49,
    "promoPrice": null,
    "pricePerUnit": "16.49 pieces",
    "image": "https://www.jumbo.com/dam-images/fit-in/360x360/Products/17092025_1758067326742_1758067334046_8713177002617_1.png",
    "available": true,
    "promoUntil": null
  },
  {
    "id": "579324DS",
    "title": "Van der Meulen Joy of Melba Toast Naturel Rondjes 90 g",
    "category": "Koek, snoep, chocolade en chips",
    "price": 1.45,
    "promoPrice": null,
    "pricePerUnit": "16.11 kg",
    "image": "https://www.jumbo.com/dam-images/fit-in/360x360/Products/19122023_1702953306554_1702953315151_579324_DS_08710649121487_C1N1.png",
    "available": true,
    "promoUntil": null
  },
  {
    "id": "462509POT",
    "title": "Oma Dée Sambal Hete Badjak 200 ml",
    "category": "Wereldkeukens, kruiden, pasta en rijst",
    "price": 4.39,
    "promoPrice": null,
    "pricePerUnit": "21.95 l",
    "image": "https://www.jumbo.com/dam-images/fit-in/360x360/Products/10082023_1691676402079_1691676408233_8719324685399_1.png",
    "available": true,
    "promoUntil": null
  },
  {
    "id": "203725ZK",
    "title": "Verstegen Mix voor Kip Kerrie 35 g",
    "category": "Wereldkeukens, kruiden, pasta en rijst",
    "price": 1.67,
    "promoPrice": null,
    "pricePerUnit": "47.71 kg",
    "image": "https://www.jumbo.com/dam-images/fit-in/360x360/Products/23042025_1745375345147_1745375350474_203725_ZK_08712200983541_C1N1.png",
    "available": true,
    "promoUntil": null
  },
  {
    "id": "681411POT",
    "title": "Jumbo's Gegrilde Paprika & Pancetta Pastasaus 350 g",
    "category": "Wereldkeukens, kruiden, pasta en rijst",
    "price": 2.99,
    "promoPrice": null,
    "pricePerUnit": "8.54 kg",
    "image": "https://www.jumbo.com/dam-images/fit-in/360x360/Products/06052025_1746534786734_1746534791269_8718452895083_1.png",
    "available": true,
    "promoUntil": null
  },
  {
    "id": "91623ZK",
    "title": "Silvo Mix voor Macaroni 35 g",
    "category": "Wereldkeukens, kruiden, pasta en rijst",
    "price": 1.88,
    "promoPrice": null,
    "pricePerUnit": "53.71 kg",
    "image": "https://www.jumbo.com/dam-images/fit-in/360x360/Products/24062024_1719235998464_1719236010820_8715500042062_1.png",
    "available": true,
    "promoUntil": null
  },
  {
    "id": "623936RP",
    "title": "WeCare Lower Carb Bar Fudge Caramel 60 g",
    "category": "Koek, snoep, chocolade en chips",
    "price": 3.39,
    "promoPrice": null,
    "pricePerUnit": "56.5 kg",
    "image": "https://www.jumbo.com/dam-images/fit-in/360x360/Products/26052025_1748225152608_1748225156933_623936_RP_05410063042254_C1N1.png",
    "available": true,
    "promoUntil": null
  },
  {
    "id": "667406CUP",
    "title": "Zainab Surinaamse Kerrie Pasta 150g",
    "category": "Wereldkeukens, kruiden, pasta en rijst",
    "price": 3.99,
    "promoPrice": null,
    "pricePerUnit": "26.6 kg",
    "image": "https://www.jumbo.com/dam-images/fit-in/360x360/Products/04122024_1733303499522_1733303510807_667406_CUP_08714684005429_C1N1.png",
    "available": true,
    "promoUntil": null
  },
  {
    "id": "687496DS",
    "title": "Zwaluw Lucifers Lang 4-Pack",
    "category": "Non-food en servicebalie",
    "price": 1.59,
    "promoPrice": null,
    "pricePerUnit": "0.4 pieces",
    "image": "https://www.jumbo.com/dam-images/fit-in/360x360/Products/01072025_1751334405788_1751334412266_687496_DS_07310685000169_C1N1.png",
    "available": true,
    "promoUntil": null
  },
  {
    "id": "693375BAK",
    "title": "Kraakman Pencee 4 Stuks",
    "category": "Koek, snoep, chocolade en chips",
    "price": 3.75,
    "promoPrice": null,
    "pricePerUnit": "0.94 pieces",
    "image": "https://www.jumbo.com/dam-images/fit-in/360x360/Products/05032025_1741192386071_1741192396992_8716415512787_1.png",
    "available": true,
    "promoUntil": null
  },
  {
    "id": "706834PAK",
    "title": "KITKAT Tablet Hazelnoot 99g",
    "category": "Koek, snoep, chocolade en chips",
    "price": 1.97,
    "promoPrice": null,
    "pricePerUnit": "19.9 kg",
    "image": "https://www.jumbo.com/dam-images/fit-in/360x360/Products/26062025_1750941532400_1750941543513_706834_PAK_03800020491409_H1N1_s01.png",
    "available": true,
    "promoUntil": null
  },
  {
    "id": "303217PAK",
    "title": "Koh Thai Rode Curry 70 g",
    "category": "Wereldkeukens, kruiden, pasta en rijst",
    "price": 2.27,
    "promoPrice": null,
    "pricePerUnit": "32.43 kg",
    "image": "https://www.jumbo.com/dam-images/fit-in/360x360/Products/08122023_1702013741010_1702013753388_303217_PAK_08717662264368_C1N1.png",
    "available": true,
    "promoUntil": null
  },
  {
    "id": "310316ZK",
    "title": "Lutti Bestfizz 350 g",
    "category": "Koek, snoep, chocolade en chips",
    "price": 3.99,
    "promoPrice": null,
    "pricePerUnit": "11.4 kg",
    "image": "https://www.jumbo.com/dam-images/fit-in/360x360/Products/07082025_1754559257609_1754559267507_3116740026136_1.png",
    "available": true,
    "promoUntil": null
  },
  {
    "id": "601324RP",
    "title": "Milka Chocolade Alpenmelk Crème 100 g",
    "category": "Koek, snoep, chocolade en chips",
    "price": 1.97,
    "promoPrice": null,
    "pricePerUnit": "19.7 kg",
    "image": "https://www.jumbo.com/dam-images/fit-in/360x360/Products/11092025_1757555530363_1757555537802_601324_RP_07622202050725_C1N1.png",
    "available": true,
    "promoUntil": null
  },
  {
    "id": "502591STK",
    "title": "Supradyn Complex Forte tabletten (voedingssuplement), 35 stuks",
    "category": "Drogisterij en baby",
    "price": 15.49,
    "promoPrice": null,
    "pricePerUnit": "0.44 pieces",
    "image": "https://www.jumbo.com/dam-images/fit-in/360x360/Products/24092025_1758672133603_1758672139826_8713091024610_1.png",
    "available": true,
    "promoUntil": null
  },
  {
    "id": "193101STK",
    "title": "Voltaren Emulgel bij spier- en gewrichtspijn (1,16%) 120 g",
    "category": "Drogisterij en baby",
    "price": 21.79,
    "promoPrice": null,
    "pricePerUnit": "181.58 kg",
    "image": "https://www.jumbo.com/dam-images/fit-in/360x360/Products/24092025_1758672135774_1758672139788_5054563026385_1.png",
    "available": true,
    "promoUntil": null
  },
  {
    "id": "368836FLS",
    "title": "Waterval - Chenin Blanc - 750 ML",
    "category": "Bier en wijn",
    "price": 5.29,
    "promoPrice": null,
    "pricePerUnit": "7.05 l",
    "image": "https://www.jumbo.com/dam-images/fit-in/360x360/Products/10082023_1691677607672_1691677609185_6001506911610_1.png",
    "available": true,
    "promoUntil": null
  },
  {
    "id": "222963STK",
    "title": "L'Oréal Paris Elnett Micro-Verstuiving Haarspray 75 ml",
    "category": "Drogisterij en baby",
    "price": 4.29,
    "promoPrice": null,
    "pricePerUnit": "57.2 l",
    "image": "https://www.jumbo.com/dam-images/fit-in/360x360/Products/09082023_1691591220274_1691591241480_5410103386911_1.png",
    "available": true,
    "promoUntil": null
  },
  {
    "id": "171452POT",
    "title": "Olvarit Broccoli Kalkoen Rijst 6+ Maanden 200 g",
    "category": "Drogisterij en baby",
    "price": 1.48,
    "promoPrice": null,
    "pricePerUnit": "7.4 kg",
    "image": "https://www.jumbo.com/dam-images/fit-in/360x360/Products/17112023_1700194907743_1700194913214_171452_POT_05900852926358_C1N1.png",
    "available": true,
    "promoUntil": null
  },
  {
    "id": "190660DSL",
    "title": "Sheba Kattenvoer Classic - Adult - Natvoer - Kip - kuipje 22 x 85 g",
    "category": "Huishouden en dieren",
    "price": 17.99,
    "promoPrice": null,
    "pricePerUnit": "9.62 kg",
    "image": "https://www.jumbo.com/dam-images/fit-in/360x360/Products/40084291648284e5522fc-4abd-4436-a5bf-fd80ce54c426-1745848053763.png",
    "available": true,
    "promoUntil": null
  },
  {
    "id": "543180FLS",
    "title": "Marqués del Silvo - Rioja - Tempranillo Blanco - 750 ML",
    "category": "Bier en wijn",
    "price": 9.99,
    "promoPrice": null,
    "pricePerUnit": "13.32 l",
    "image": "https://www.jumbo.com/dam-images/fit-in/360x360/Products/29082023_1693319705323_1693319707106_8437019906238_1.png",
    "available": true,
    "promoUntil": null
  },
  {
    "id": "588453FLS",
    "title": "Mionetto - Prosecco - 750ML",
    "category": "Bier en wijn",
    "price": 9.99,
    "promoPrice": null,
    "pricePerUnit": "13.32 l",
    "image": "https://www.jumbo.com/dam-images/fit-in/360x360/Products/08112023_1699454290898_1699454295034_8006220001669_1.png",
    "available": true,
    "promoUntil": null
  },
  {
    "id": "174643POT",
    "title": "Olvarit 4+ Maanden Pompoen Rijst 125g",
    "category": "Drogisterij en baby",
    "price": 1.08,
    "promoPrice": null,
    "pricePerUnit": "8.64 kg",
    "image": "https://www.jumbo.com/dam-images/fit-in/360x360/Products/10112023_1699608792452_1699608814007_5900852926785_1.png",
    "available": true,
    "promoUntil": null
  },
  {
    "id": "683481ZK",
    "title": "KITKAT Balls Melkchocolade",
    "category": "Koek, snoep, chocolade en chips",
    "price": 3.55,
    "promoPrice": null,
    "pricePerUnit": "25.36 kg",
    "image": "https://www.jumbo.com/dam-images/fit-in/360x360/Products/28022025_1740771188813_1740771195663_3800020492918_1.png",
    "available": true,
    "promoUntil": null
  },
  {
    "id": "419864ZK",
    "title": "Perfect Fit - Adult - Kattenbrokken - Zalm - 750g",
    "category": "Huishouden en dieren",
    "price": 5.93,
    "promoPrice": null,
    "pricePerUnit": "7.91 kg",
    "image": "https://www.jumbo.com/dam-images/fit-in/360x360/Products/09082023_1691594089657_1691594099810_4008429159640_596.png",
    "available": true,
    "promoUntil": null
  },
  {
    "id": "502274DS",
    "title": "Waterdrop Microdrink Boost 24 g",
    "category": "Frisdrank en sappen",
    "price": 6.99,
    "promoPrice": null,
    "pricePerUnit": "0.58 pieces",
    "image": "https://www.jumbo.com/dam-images/fit-in/360x360/Products/22032024_1711075661666_1711075666656_502274_DS_09120117505531_C1N1.png",
    "available": true,
    "promoUntil": null
  },
  {
    "id": "705331BLK",
    "title": "Two Chefs Brewing White Mamba 330ML",
    "category": "Bier en wijn",
    "price": 2.89,
    "promoPrice": null,
    "pricePerUnit": "8.76 l",
    "image": "https://www.jumbo.com/dam-images/fit-in/360x360/Products/28072025_1753706821362_1753706824905_705331_BLK_08720726561099_C1N1.png",
    "available": true,
    "promoUntil": null
  },
  {
    "id": "570358ZK",
    "title": "Pom-Bär Paprika 90 g",
    "category": "Koek, snoep, chocolade en chips",
    "price": 1.99,
    "promoPrice": null,
    "pricePerUnit": "22.11 kg",
    "image": "https://www.jumbo.com/dam-images/fit-in/360x360/Products/05022024_1707150792396_1707150800711_8710532467609_1.png",
    "available": true,
    "promoUntil": null
  },
  {
    "id": "676373DS",
    "title": "Knorr Droge Saus VLees 3x30G",
    "category": "",
    "price": 2.67,
    "promoPrice": null,
    "pricePerUnit": "29.67 kg",
    "image": "https://www.jumbo.com/dam-images/fit-in/360x360/Products/30012025_1738235224058_1738235265802_676373_DS_08721201923470_C1N1.png",
    "available": true,
    "promoUntil": null
  },
  {
    "id": "696485POT",
    "title": "Koningsvogel Roedjak Manis 300 g",
    "category": "Wereldkeukens, kruiden, pasta en rijst",
    "price": 3.99,
    "promoPrice": null,
    "pricePerUnit": "13.3 kg",
    "image": "https://www.jumbo.com/dam-images/fit-in/360x360/Products/10072025_1752109515989_1752109522902_696485_POT_08718719362112_C1N1.png",
    "available": true,
    "promoUntil": null
  },
  {
    "id": "705035FLS",
    "title": "Texels Stormbock Bier Fles 300ML",
    "category": "Bier en wijn",
    "price": 2.59,
    "promoPrice": null,
    "pricePerUnit": "8.63 l",
    "image": "https://www.jumbo.com/dam-images/fit-in/360x360/Products/16062025_1750070202583_1750070247405_705035_FLS_08717903630051_A1N1.png",
    "available": true,
    "promoUntil": null
  },
  {
    "id": "576815ZK",
    "title": "Organix Knijpfruit Banaan, Yoghurt, Blauwe Bes & Haver",
    "category": "Drogisterij en baby",
    "price": 1.63,
    "promoPrice": null,
    "pricePerUnit": "16.3 kg",
    "image": "https://www.jumbo.com/dam-images/fit-in/360x360/Products/23042025_1745397188390_1745397205733_8713500012733_596.png",
    "available": true,
    "promoUntil": null
  },
  {
    "id": "406136ZK",
    "title": "SlooOW Bio Organic Crispy Steenoven Baguette 250 g",
    "category": "Brood en gebak",
    "price": 2.09,
    "promoPrice": null,
    "pricePerUnit": "8.36 kg",
    "image": "https://www.jumbo.com/dam-images/fit-in/360x360/Products/17042025_1744875186277_1744875192076_8718564135275_1.png",
    "available": true,
    "promoUntil": null
  },
  {
    "id": "679364TRA",
    "title": "Mrs Crimble's Big Coconut Macaroons 6 Stuks 180 g",
    "category": "Koek, snoep, chocolade en chips",
    "price": 2.49,
    "promoPrice": null,
    "pricePerUnit": "13.83 kg",
    "image": "https://www.jumbo.com/dam-images/fit-in/360x360/Products/27032025_1743045266768_1743045269727_679364_TRA_05010822115061_C1N1.png",
    "available": true,
    "promoUntil": null
  },
  {
    "id": "692965DS",
    "title": "Little Jude's Fruit Raket 55ml 6 Stuks",
    "category": "Diepvries",
    "price": 3.45,
    "promoPrice": null,
    "pricePerUnit": "10.45 kg",
    "image": "https://www.jumbo.com/dam-images/fit-in/360x360/Products/06092025_1757124334383_1757124337164_692965_DS_05060081114015_C1N1.png",
    "available": true,
    "promoUntil": null
  },
  {
    "id": "650008POT",
    "title": "Verstegen Biologische 4 Seizoenen Peper met Molen 32 g",
    "category": "Wereldkeukens, kruiden, pasta en rijst",
    "price": 3.69,
    "promoPrice": null,
    "pricePerUnit": "115.31 kg",
    "image": "https://www.jumbo.com/dam-images/fit-in/360x360/Products/25092024_1727289179342_1727289186648_8712200133694_1.png",
    "available": true,
    "promoUntil": null
  },
  {
    "id": "558581ZK",
    "title": "Verstegen Mix voor Rendang 20 g",
    "category": "Wereldkeukens, kruiden, pasta en rijst",
    "price": 1.57,
    "promoPrice": null,
    "pricePerUnit": "78.5 kg",
    "image": "https://www.jumbo.com/dam-images/fit-in/360x360/Products/14022024_1707872667789_1707872681746_8712200109507_1.png",
    "available": true,
    "promoUntil": null
  },
  {
    "id": "143072POT",
    "title": "Verstegen Piment Gemalen 38 g",
    "category": "Wereldkeukens, kruiden, pasta en rijst",
    "price": 3.68,
    "promoPrice": null,
    "pricePerUnit": "96.84 kg",
    "image": "https://www.jumbo.com/dam-images/fit-in/360x360/Products/30082024_1724979858732_1724979862722_143072_POT_08712200095183_C1N1.png",
    "available": true,
    "promoUntil": null
  },
  {
    "id": "650006POT",
    "title": "Verstegen Salieblad 11 g",
    "category": "Wereldkeukens, kruiden, pasta en rijst",
    "price": 2.47,
    "promoPrice": null,
    "pricePerUnit": "224.55 kg",
    "image": "https://www.jumbo.com/dam-images/fit-in/360x360/Products/25092024_1727289179377_1727289185047_8712200133977_1.png",
    "available": true,
    "promoUntil": null
  },
  {
    "id": "560274ZK",
    "title": "Purina ONE Bifensis Sterilcat 800 g",
    "category": "Huishouden en dieren",
    "price": 6.43,
    "promoPrice": null,
    "pricePerUnit": "8.04 kg",
    "image": "https://www.jumbo.com/dam-images/fit-in/360x360/Products/09072025_1752025598724_1752025649256_560274_ZK_07613035612976_C1N1_s01.png",
    "available": true,
    "promoUntil": null
  },
  {
    "id": "141042TUB",
    "title": "Vaseline Handcrème Healthy Hands & Stronger Nails 75 ml",
    "category": "Drogisterij en baby",
    "price": 5.35,
    "promoPrice": null,
    "pricePerUnit": "71.33 l",
    "image": "https://www.jumbo.com/dam-images/fit-in/360x360/Products/20082025_1755657126498_1755657154188_141042_TUB_08712561485524_H1N1.png",
    "available": true,
    "promoUntil": null
  },
  {
    "id": "685836PAK",
    "title": "Jumbo's Melkchocolade Macaron Framboos Limited Edition 140 g",
    "category": "Koek, snoep, chocolade en chips",
    "price": 2.99,
    "promoPrice": null,
    "pricePerUnit": "21.36 kg",
    "image": "https://www.jumbo.com/dam-images/fit-in/360x360/Products/21052025_1747816447884_1747816461643_8718452813391_596.png",
    "available": true,
    "promoUntil": null
  },
  {
    "id": "194483STK",
    "title": "Kivits Spekkoek Pandan 140 g",
    "category": "Koek, snoep, chocolade en chips",
    "price": 2.99,
    "promoPrice": null,
    "pricePerUnit": "2.99 pieces",
    "image": "https://www.jumbo.com/dam-images/fit-in/360x360/Products/29042025_1745937192516_1745937200932_8716747041276_1.png",
    "available": true,
    "promoUntil": null
  },
  {
    "id": "335022STK",
    "title": "Knoppers NutBar 40 g",
    "category": "Koek, snoep, chocolade en chips",
    "price": 1.19,
    "promoPrice": null,
    "pricePerUnit": "29.75 kg",
    "image": "https://www.jumbo.com/dam-images/fit-in/360x360/Products/12122024_1734014860104_1734014863543_40144450_1.png",
    "available": true,
    "promoUntil": null
  },
  {
    "id": "703286POT",
    "title": "La Morena Green Salsa 230g",
    "category": "Wereldkeukens, kruiden, pasta en rijst",
    "price": 2.96,
    "promoPrice": null,
    "pricePerUnit": "12.87 kg",
    "image": "https://www.jumbo.com/dam-images/fit-in/360x360/Products/05062025_1749121877603_1749121885098_703286_POT_00727452000906_C1N1.png",
    "available": true,
    "promoUntil": null
  },
  {
    "id": "235178STK",
    "title": "Lassie Dessertrijst 400 g",
    "category": "Wereldkeukens, kruiden, pasta en rijst",
    "price": 1.73,
    "promoPrice": null,
    "pricePerUnit": "4.33 kg",
    "image": "https://www.jumbo.com/dam-images/fit-in/360x360/Products/08052024_1715130135489_1715130138734_235178_STK_08718781601188_H1N1.png",
    "available": true,
    "promoUntil": null
  },
  {
    "id": "175974DS",
    "title": "Lassie Quinoa Builtje 300 g",
    "category": "Wereldkeukens, kruiden, pasta en rijst",
    "price": 2.81,
    "promoPrice": null,
    "pricePerUnit": "9.37 kg",
    "image": "https://www.jumbo.com/dam-images/fit-in/360x360/Products/02102024_1727833444565_1727833451404_175974_DS_08718781600402_H1N1.png",
    "available": true,
    "promoUntil": null
  },
  {
    "id": "257243STK",
    "title": "Maldon Sea Salt Flakes 125 g",
    "category": "Wereldkeukens, kruiden, pasta en rijst",
    "price": 3.69,
    "promoPrice": null,
    "pricePerUnit": "29.52 kg",
    "image": "https://www.jumbo.com/dam-images/fit-in/360x360/Products/13082024_1723516525051_1723516540722_257243_STK_05011428300035_C1N1.png",
    "available": true,
    "promoUntil": null
  },
  {
    "id": "15947POT",
    "title": "Mentos Gum Pure Fresh Wintergreen Suikervrij Pot 50 stuks ",
    "category": "Koek, snoep, chocolade en chips",
    "price": 4.94,
    "promoPrice": null,
    "pricePerUnit": "49.4 kg",
    "image": "https://www.jumbo.com/dam-images/fit-in/360x360/Products/07072025_1751902633060_1751902638907_80730460_1.png",
    "available": true,
    "promoUntil": null
  },
  {
    "id": "54701STK",
    "title": "Rexona Men Maximum Protection Anti-Transpirant Crème Stick Clean Scent 45 ml",
    "category": "Drogisterij en baby",
    "price": 9.99,
    "promoPrice": null,
    "pricePerUnit": "222.0 l",
    "image": "https://www.jumbo.com/dam-images/fit-in/360x360/Products/27112024_1732721696388_1732721700128_8718114202402_1.png",
    "available": true,
    "promoUntil": null
  },
  {
    "id": "625020FLS",
    "title": "Tiempo & Tierra - Merlot - 375ML",
    "category": "Bier en wijn",
    "price": 3.49,
    "promoPrice": null,
    "pricePerUnit": "9.31 l",
    "image": "https://www.jumbo.com/dam-images/fit-in/360x360/Products/12082024_1723473258109_1723473260633_8411971008254_1.png",
    "available": true,
    "promoUntil": null
  },
  {
    "id": "673279PAK",
    "title": "Viper Hard Seltzer Cherry / Tropical / Cranberry / Peach Multipack 4x250ML",
    "category": "Bier en wijn",
    "price": 7.99,
    "promoPrice": null,
    "pricePerUnit": "7.99 l",
    "image": "https://www.jumbo.com/dam-images/fit-in/360x360/Products/29032025_1743215229340_1743215236899_673279_PAK_08716700019663_H1N1.png",
    "available": true,
    "promoUntil": null
  },
  {
    "id": "172390POT",
    "title": "Olvarit Appel Banaan Sinaasappel 6+ Maanden 200 g",
    "category": "Drogisterij en baby",
    "price": 1.38,
    "promoPrice": null,
    "pricePerUnit": "6.9 kg",
    "image": "https://www.jumbo.com/dam-images/fit-in/360x360/Products/10082023_1691675904834_1691675906490_8591119002198_1.png",
    "available": true,
    "promoUntil": null
  },
  {
    "id": "544418BLK",
    "title": "Moersleutel - Crank the Juice IPA - Blik - 440ML",
    "category": "Bier en wijn",
    "price": 4.89,
    "promoPrice": null,
    "pricePerUnit": "11.11 l",
    "image": "https://www.jumbo.com/dam-images/fit-in/360x360/Products/20092025_1758335818810_1758335821377_544418_BLK_08720615261253_C1N1.png",
    "available": true,
    "promoUntil": null
  },
  {
    "id": "589592FLS",
    "title": "Tropical Aloe Vera Drink Lemon 500 ml",
    "category": "Wereldkeukens, kruiden, pasta en rijst",
    "price": 1.35,
    "promoPrice": null,
    "pricePerUnit": "2.7 l",
    "image": "https://www.jumbo.com/dam-images/fit-in/360x360/Products/12122024_1734014525554_1734014532463_8712857008109_1.png",
    "available": true,
    "promoUntil": null
  },
  {
    "id": "112929DS",
    "title": "Ohropax Classic oordopjes, 12 stuks",
    "category": "Drogisterij en baby",
    "price": 3.59,
    "promoPrice": null,
    "pricePerUnit": "0.3 pieces",
    "image": "https://www.jumbo.com/dam-images/fit-in/360x360/Products/22082025_1755820887566_1755820892518_4003626011104_1.png",
    "available": true,
    "promoUntil": null
  },
  {
    "id": "603845ZK",
    "title": "Trolli Red Fruits Mini-Rings Gom 200 g",
    "category": "Koek, snoep, chocolade en chips",
    "price": 1.59,
    "promoPrice": null,
    "pricePerUnit": "7.95 kg",
    "image": "https://www.jumbo.com/dam-images/fit-in/360x360/Products/09012024_1704821707572_1704821718655_4003084333343_1.png",
    "available": true,
    "promoUntil": null
  },
  {
    "id": "709769DS",
    "title": "RC Rose Lemonade 0% 4 x 250ML",
    "category": "Frisdrank en sappen",
    "price": 3.49,
    "promoPrice": null,
    "pricePerUnit": "3.49 l",
    "image": "https://www.jumbo.com/dam-images/fit-in/360x360/Products/08715600251456C1L1855c7e92-c505-4c49-8cc3-acb334ca70f6-1755598021446.png",
    "available": true,
    "promoUntil": null
  },
  {
    "id": "527946STK",
    "title": "LU TUC Mini's Original en Cheese 2 x 100g",
    "category": "Koek, snoep, chocolade en chips",
    "price": 3.47,
    "promoPrice": null,
    "pricePerUnit": "None None",
    "image": "https://www.jumbo.com/dam-images/fit-in/360x360/Products/527946_20073343_1_T1_527946STK1691077373680.png",
    "available": true,
    "promoUntil": null
  },
  {
    "id": "134649ZK",
    "title": "Lay's Oven Baked Biscuits Paprika & Kruiden 90 gr",
    "category": "Koek, snoep, chocolade en chips",
    "price": 1.96,
    "promoPrice": null,
    "pricePerUnit": "21.78 kg",
    "image": "https://www.jumbo.com/dam-images/fit-in/360x360/Products/30092024_1727706762936_1727706770422_8710398169129_1.png",
    "available": true,
    "promoUntil": null
  },
  {
    "id": "604043ZK",
    "title": "Lutti Fili-Tubs XL 180g",
    "category": "Koek, snoep, chocolade en chips",
    "price": 2.59,
    "promoPrice": null,
    "pricePerUnit": "14.39 kg",
    "image": "https://www.jumbo.com/dam-images/fit-in/360x360/Products/01022024_1706780104268_1706780115958_3116740032182_1.png",
    "available": true,
    "promoUntil": null
  },
  {
    "id": "591143POT",
    "title": "Lekker Bekkie Surinaamse Vers Gemalen Peper Extreme Hot 290 ml",
    "category": "Wereldkeukens, kruiden, pasta en rijst",
    "price": 4.59,
    "promoPrice": null,
    "pricePerUnit": "15.83 l",
    "image": "https://www.jumbo.com/dam-images/fit-in/360x360/Products/12122024_1734014802504_1734014807843_8717056652344_1.png",
    "available": true,
    "promoUntil": null
  },
  {
    "id": "622404ZK",
    "title": "MamaDeli Rode Linzen, Broccoli & Pompoen, 8+ Maanden 150g",
    "category": "Diepvries",
    "price": 1.99,
    "promoPrice": null,
    "pricePerUnit": "13.27 kg",
    "image": "https://www.jumbo.com/dam-images/fit-in/360x360/Products/02042024_1712049630174_1712049633526_622404_ZK_08720618037190_C1N1_nl_s01.png",
    "available": true,
    "promoUntil": null
  },
  {
    "id": "560264DS",
    "title": "Lassie Bio Quinoa Mix 275 g",
    "category": "Wereldkeukens, kruiden, pasta en rijst",
    "price": 3.36,
    "promoPrice": null,
    "pricePerUnit": "12.22 kg",
    "image": "https://www.jumbo.com/dam-images/fit-in/360x360/Products/09052024_1715221059980_1715221063487_560264_DS_08718781601287_H1N1.png",
    "available": true,
    "promoUntil": null
  },
  {
    "id": "700781POT",
    "title": "Syoss Texture Clay 100 ML",
    "category": "Drogisterij en baby",
    "price": 7.99,
    "promoPrice": null,
    "pricePerUnit": "79.9 l",
    "image": "https://www.jumbo.com/dam-images/fit-in/360x360/Products/23052025_1748003739759_1748003743808_700781_POT_00000054022829_C1N1.png",
    "available": true,
    "promoUntil": null
  },
  {
    "id": "685829PAK",
    "title": "Jumbo's Pure Chocolade Spicy Crisp Limited Edition 140 g",
    "category": "Koek, snoep, chocolade en chips",
    "price": 2.99,
    "promoPrice": null,
    "pricePerUnit": "21.36 kg",
    "image": "https://www.jumbo.com/dam-images/fit-in/360x360/Products/21052025_1747812848365_1747812857479_8718452813469_596.png",
    "available": true,
    "promoUntil": null
  },
  {
    "id": "542193BLK",
    "title": "Kees -Enjoy the Silence - Quadrupel - Blik - 330ML",
    "category": "Bier en wijn",
    "price": 3.49,
    "promoPrice": null,
    "pricePerUnit": "10.58 l",
    "image": "https://www.jumbo.com/dam-images/fit-in/360x360/Products/20092025_1758334463514_1758334465760_542193_BLK_08720297861109_A1N1.png",
    "available": true,
    "promoUntil": null
  },
  {
    "id": "623879DS",
    "title": "Smaakt Bio Tortellini Eekhoorntjesbrood 250 g",
    "category": "Wereldkeukens, kruiden, pasta en rijst",
    "price": 3.99,
    "promoPrice": null,
    "pricePerUnit": "15.96 kg",
    "image": "https://www.jumbo.com/dam-images/fit-in/360x360/Products/12122024_1734017683234_1734017688991_8719153026684_1.png",
    "available": true,
    "promoUntil": null
  },
  {
    "id": "692304FLS",
    "title": "Martini Rosso 750ML",
    "category": "Bier en wijn",
    "price": 10.99,
    "promoPrice": null,
    "pricePerUnit": "14.65 l",
    "image": "https://www.jumbo.com/dam-images/fit-in/360x360/Products/09042025_1744196228289_1744196248220_692304_FLS_07630040408837_C1N1.png",
    "available": true,
    "promoUntil": null
  },
  {
    "id": "647186CUP",
    "title": "Jumbo's Zoete Gekarameliseerde Ui Groente Spread & Dip 150 g",
    "category": "Vleeswaren, kaas en tapas",
    "price": 1.99,
    "promoPrice": null,
    "pricePerUnit": "13.27 kg",
    "image": "https://www.jumbo.com/dam-images/fit-in/360x360/Products/07072025_1751887997309_1751888002896_8718452877812_1.png",
    "available": true,
    "promoUntil": null
  },
  {
    "id": "628751ZK",
    "title": "Pedigree Dentastix Maxi Kauwstaaf - Gebitsverzorgende Hondensnack - 4 Stuks",
    "category": "Huishouden en dieren",
    "price": 1.97,
    "promoPrice": null,
    "pricePerUnit": "12.79 kg",
    "image": "https://www.jumbo.com/dam-images/fit-in/360x360/Products/18022025_1739892767596_1739892783274_5998749145821_596.png",
    "available": true,
    "promoUntil": null
  },
  {
    "id": "143541STK",
    "title": "Verstegen Kervel 7 g",
    "category": "Wereldkeukens, kruiden, pasta en rijst",
    "price": 2.47,
    "promoPrice": null,
    "pricePerUnit": "352.86 kg",
    "image": "https://www.jumbo.com/dam-images/fit-in/360x360/Products/11062025_1749607865479_1749607869329_143541_STK_08712200079282_C1N1.png",
    "available": true,
    "promoUntil": null
  },
  {
    "id": "437150ZK",
    "title": "Verstegen Kruidenmix Burrito voor 2 personen 20 g",
    "category": "Wereldkeukens, kruiden, pasta en rijst",
    "price": 1.09,
    "promoPrice": null,
    "pricePerUnit": "54.5 kg",
    "image": "https://www.jumbo.com/dam-images/fit-in/360x360/Products/09082023_1691589064393_1691589071938_8712200090393_1.png",
    "available": true,
    "promoUntil": null
  },
  {
    "id": "203705ZK",
    "title": "Verstegen Mix voor Boontjes Groentefinish 10 g",
    "category": "Wereldkeukens, kruiden, pasta en rijst",
    "price": 1.28,
    "promoPrice": null,
    "pricePerUnit": "128.0 kg",
    "image": "https://www.jumbo.com/dam-images/fit-in/360x360/Products/31012024_1706671441993_1706671448041_203705_ZK_08712200982872_C1N1.png",
    "available": true,
    "promoUntil": null
  },
  {
    "id": "647450DS",
    "title": "Sensodyne Proglasur Daily Protection Dagelijkse Tandpasta 75ml",
    "category": "Drogisterij en baby",
    "price": 6.29,
    "promoPrice": null,
    "pricePerUnit": "83.87 l",
    "image": "https://www.jumbo.com/dam-images/fit-in/360x360/Products/14022025_1739539722283_1739539724270_5054563207418_1.png",
    "available": true,
    "promoUntil": null
  },
  {
    "id": "558577ZK",
    "title": "Verstegen Kruidenmix voor Moussaka 20 g",
    "category": "Wereldkeukens, kruiden, pasta en rijst",
    "price": 1.57,
    "promoPrice": null,
    "pricePerUnit": "78.5 kg",
    "image": "https://www.jumbo.com/dam-images/fit-in/360x360/Products/14022024_1707872667675_1707872680223_8712200109590_1.png",
    "available": true,
    "promoUntil": null
  },
  {
    "id": "127686TUB",
    "title": "L'Oréal Paris Elnett Satin Haarspray Extra Sterke Fixatie 300 ml",
    "category": "Drogisterij en baby",
    "price": 10.49,
    "promoPrice": null,
    "pricePerUnit": "34.97 l",
    "image": "https://www.jumbo.com/dam-images/fit-in/360x360/Products/18092023_1695026495209_1695026499266_3600522528050_1.png",
    "available": true,
    "promoUntil": null
  },
  {
    "id": "711239BLK",
    "title": "Mutti Polpa di Pomodoro Knoflook 400g",
    "category": "Wereldkeukens, kruiden, pasta en rijst",
    "price": 1.97,
    "promoPrice": null,
    "pricePerUnit": "4.93 kg",
    "image": "https://www.jumbo.com/dam-images/fit-in/360x360/Products/24072025_1753359986263_1753359994674_711239_BLK_08005110170461_C1N1.png",
    "available": true,
    "promoUntil": null
  },
  {
    "id": "384662DS",
    "title": "Nestlé Choclait Chips Melkchocolade 115 g",
    "category": "Koek, snoep, chocolade en chips",
    "price": 3.61,
    "promoPrice": null,
    "pricePerUnit": "31.39 kg",
    "image": "https://www.jumbo.com/dam-images/fit-in/360x360/Products/26042024_1714127650176_1714127656130_7613039891216_1.png",
    "available": true,
    "promoUntil": null
  },
  {
    "id": "670044DS",
    "title": "Original Wagner Big Sensation Western 450 g",
    "category": "Diepvries",
    "price": 4.99,
    "promoPrice": null,
    "pricePerUnit": "11.09 kg",
    "image": "https://www.jumbo.com/dam-images/fit-in/360x360/Products/17052025_1747447418196_1747447444395_670044_DS_.png",
    "available": true,
    "promoUntil": null
  },
  {
    "id": "703818FLS",
    "title": "Zwitsal Wasschuim Baby 200 ml",
    "category": "Drogisterij en baby",
    "price": 4.79,
    "promoPrice": null,
    "pricePerUnit": "23.95 l",
    "image": "https://www.jumbo.com/dam-images/fit-in/360x360/Products/10062025_1749580369933_1749580374146_8720181649226_1.png",
    "available": true,
    "promoUntil": null
  },
  {
    "id": "92800ZK",
    "title": "Silvo Mix voor Gehakt Italiaans 40 g",
    "category": "Wereldkeukens, kruiden, pasta en rijst",
    "price": 1.88,
    "promoPrice": null,
    "pricePerUnit": "47.0 kg",
    "image": "https://www.jumbo.com/dam-images/fit-in/360x360/Products/24062024_1719235999197_1719236009469_8715500230117_1.png",
    "available": true,
    "promoUntil": null
  },
  {
    "id": "538643BLK",
    "title": "Malibu - Cola - 250ML",
    "category": "Bier en wijn",
    "price": 2.29,
    "promoPrice": null,
    "pricePerUnit": "9.16 l",
    "image": "https://www.jumbo.com/dam-images/fit-in/360x360/Products/12122023_1702347262787_1702347267486_538643_BLK_05012461002566_C1N1.png",
    "available": true,
    "promoUntil": null
  },
  {
    "id": "508676DS",
    "title": "Nutrilon Bio 2 Opvolgmelk - Baby 6-12 maanden 800 g",
    "category": "Drogisterij en baby",
    "price": 19.59,
    "promoPrice": null,
    "pricePerUnit": "24.49 kg",
    "image": "https://www.jumbo.com/dam-images/fit-in/360x360/Products/28082025_1756398808320_1756398811504_5391522475724_1.png",
    "available": true,
    "promoUntil": null
  },
  {
    "id": "532992TRA",
    "title": "Pet's Unlimited Natvoeding Hond Lam 395Gr",
    "category": "Huishouden en dieren",
    "price": 2.69,
    "promoPrice": null,
    "pricePerUnit": "6.81 kg",
    "image": "https://www.jumbo.com/dam-images/fit-in/360x360/Products/13082024_1723507340822_1723507347804_8712113454916_1.png",
    "available": true,
    "promoUntil": null
  },
  {
    "id": "595364ZK",
    "title": "Vifon Ramen Soy Sauce Flavour Instant Noodle Soup with Wakame (Mild) 80 g",
    "category": "Wereldkeukens, kruiden, pasta en rijst",
    "price": 1.17,
    "promoPrice": null,
    "pricePerUnit": "14.63 kg",
    "image": "https://www.jumbo.com/dam-images/fit-in/360x360/Products/26032024_1711428008320_1711428014441_595364_ZK_05901882018563_C1N1.png",
    "available": true,
    "promoUntil": null
  },
  {
    "id": "558586POT",
    "title": "Verstegen Mix voor Vis Krokant 110 g",
    "category": "Wereldkeukens, kruiden, pasta en rijst",
    "price": 3.49,
    "promoPrice": null,
    "pricePerUnit": "31.73 kg",
    "image": "https://www.jumbo.com/dam-images/fit-in/360x360/Products/26022025_1740535954537_1740535960169_558586_POT_08712200109385_C1N1.png",
    "available": true,
    "promoUntil": null
  },
  {
    "id": "436343FLS",
    "title": "Vitamin Well Defence Low Calorie Drink 500 ml",
    "category": "Frisdrank en sappen",
    "price": 1.99,
    "promoPrice": null,
    "pricePerUnit": "3.98 l",
    "image": "https://www.jumbo.com/dam-images/fit-in/360x360/Products/23012024_1706009581494_1706009586124_7350042718894_1.png",
    "available": true,
    "promoUntil": null
  },
  {
    "id": "338568STK",
    "title": "Rummo Pappardelle all'Uovo ?101 250 g",
    "category": "Wereldkeukens, kruiden, pasta en rijst",
    "price": 3.29,
    "promoPrice": null,
    "pricePerUnit": "13.16 kg",
    "image": "https://www.jumbo.com/dam-images/fit-in/360x360/Products/09082023_1691586624089_1691586639696_8008343221016_1.png",
    "available": true,
    "promoUntil": null
  },
  {
    "id": "528970POT",
    "title": "Verstegen Tafelgoud het Alternatief voor Zout 44 g",
    "category": "Wereldkeukens, kruiden, pasta en rijst",
    "price": 3.75,
    "promoPrice": null,
    "pricePerUnit": "85.23 kg",
    "image": "https://www.jumbo.com/dam-images/fit-in/360x360/Products/11062025_1749606388606_1749606392803_528970_POT_08712200105523_C1N1.png",
    "available": true,
    "promoUntil": null
  },
  {
    "id": "510732POT",
    "title": "Verstegen World Spice Blend Habanero 42g",
    "category": "Wereldkeukens, kruiden, pasta en rijst",
    "price": 3.26,
    "promoPrice": null,
    "pricePerUnit": "77.62 kg",
    "image": "https://www.jumbo.com/dam-images/fit-in/360x360/Products/06022024_1707189131498_1707189139227_510732_POT_08712200098771_H1N1.png",
    "available": true,
    "promoUntil": null
  },
  {
    "id": "544711FLS",
    "title": "Vinos del Paseante - La Duda - Godello - 750 ML",
    "category": "Bier en wijn",
    "price": 13.49,
    "promoPrice": null,
    "pricePerUnit": "17.99 l",
    "image": "https://www.jumbo.com/dam-images/fit-in/360x360/Products/29082023_1693319705345_1693319708128_8410013020711_1.png",
    "available": true,
    "promoUntil": null
  },
  {
    "id": "594424FLS",
    "title": "Weihenstephaner Korbinian Dubbelbock Fles 500ML",
    "category": "Bier en wijn",
    "price": 2.79,
    "promoPrice": null,
    "pricePerUnit": "5.58 l",
    "image": "https://www.jumbo.com/dam-images/fit-in/360x360/Products/31012025_1738291548292_1738291556221_594424_FLS_04105120004504_C1N1.png",
    "available": true,
    "promoUntil": null
  },
  {
    "id": "550956DS",
    "title": "La Trappe - Quadrupel - 4 x 330ML",
    "category": "Bier en wijn",
    "price": 8.99,
    "promoPrice": null,
    "pricePerUnit": "6.81 l",
    "image": "https://www.jumbo.com/dam-images/fit-in/360x360/Products/09082023_1691592793633_1691592974483_8711406093597_1.png",
    "available": true,
    "promoUntil": null
  },
  {
    "id": "581841FLS",
    "title": "Marcel's Green Soap Mimosa Blackcurrant Shower Gel 300 ml",
    "category": "Drogisterij en baby",
    "price": 4.95,
    "promoPrice": null,
    "pricePerUnit": "16.5 l",
    "image": "https://www.jumbo.com/dam-images/fit-in/360x360/Products/03102023_1696336443323_1696336447043_8719325558272_1.png",
    "available": true,
    "promoUntil": null
  },
  {
    "id": "136808FLS",
    "title": "Neutral 0% Baby Huidolie Parfumvrije 150 ml",
    "category": "Drogisterij en baby",
    "price": 6.69,
    "promoPrice": null,
    "pricePerUnit": "44.6 l",
    "image": "https://www.jumbo.com/dam-images/fit-in/360x360/Products/18092025_1758164149878_1758164175372_136808_FLS_05740500004928_C1N1.png",
    "available": true,
    "promoUntil": null
  },
  {
    "id": "566770BLK",
    "title": "Minerva Tonijn Pate 75 g",
    "category": "Vleeswaren, kaas en tapas",
    "price": 2.49,
    "promoPrice": null,
    "pricePerUnit": "33.2 kg",
    "image": "https://www.jumbo.com/dam-images/fit-in/360x360/Products/13112023_1699893188711_1699893217299_5606677001101_1.png",
    "available": true,
    "promoUntil": null
  },
  {
    "id": "540378DSL",
    "title": "Whiskas 1+ Natvoer - Classic - Selectie in saus - maaltijdzakjes 4 x 12 x 85 g",
    "category": "Huishouden en dieren",
    "price": 22.88,
    "promoPrice": null,
    "pricePerUnit": "0.48 pieces",
    "image": "https://www.jumbo.com/dam-images/fit-in/360x360/Products/159589DSL-1692362533665.png",
    "available": true,
    "promoUntil": null
  },
  {
    "id": "699432FLS",
    "title": "Listerine Cool Mint Milde Smaak Mondspoeling 500 ML",
    "category": "Drogisterij en baby",
    "price": 6.99,
    "promoPrice": null,
    "pricePerUnit": "13.98 l",
    "image": "https://www.jumbo.com/dam-images/fit-in/360x360/Products/16052025_1747392311650_1747392315268_699432_FLS_.png",
    "available": true,
    "promoUntil": null
  },
  {
    "id": "561863DS",
    "title": "SOUQ Zwarte knoflook",
    "category": "Wereldkeukens, kruiden, pasta en rijst",
    "price": 3.91,
    "promoPrice": null,
    "pricePerUnit": "3.91 pieces",
    "image": "https://www.jumbo.com/dam-images/fit-in/360x360/Products/27062024_1719451247024_1719451261683_561863_DS_08717662268557_C1N1.png",
    "available": true,
    "promoUntil": null
  },
  {
    "id": "26109ZK",
    "title": "Toko Lien Gebakken Emping 80 g",
    "category": "Wereldkeukens, kruiden, pasta en rijst",
    "price": 1.69,
    "promoPrice": null,
    "pricePerUnit": "21.13 kg",
    "image": "https://www.jumbo.com/dam-images/fit-in/360x360/Products/09082023_1691570566324_1691570571755_8712544110085_1.png",
    "available": true,
    "promoUntil": null
  },
  {
    "id": "692660DS",
    "title": "Magnum Bonbon IJs Salted Caramel & Almond 12 x 17 ml",
    "category": "Diepvries",
    "price": 4.99,
    "promoPrice": null,
    "pricePerUnit": "24.46 l",
    "image": "https://www.jumbo.com/dam-images/fit-in/360x360/Products/01092025_1756722869432_1756722873832_8711327640306_1.png",
    "available": true,
    "promoUntil": null
  },
  {
    "id": "647589POT",
    "title": "Mutti Pastasaus Olive 400gr",
    "category": "Wereldkeukens, kruiden, pasta en rijst",
    "price": 3.75,
    "promoPrice": null,
    "pricePerUnit": "9.38 kg",
    "image": "https://www.jumbo.com/dam-images/fit-in/360x360/Products/03052025_1746234053046_1746234061798_647589_POT_08005110516009_C1N1.png",
    "available": true,
    "promoUntil": null
  },
  {
    "id": "237957STK",
    "title": "Verstegen Laos Gemalen 22 g",
    "category": "Wereldkeukens, kruiden, pasta en rijst",
    "price": 2.99,
    "promoPrice": null,
    "pricePerUnit": "135.91 kg",
    "image": "https://www.jumbo.com/dam-images/fit-in/360x360/Products/25022025_1740455870455_1740455874116_237957_STK_08712200951229_C1N1.png",
    "available": true,
    "promoUntil": null
  },
  {
    "id": "578753ZK",
    "title": "Olvarit Knijpfruit Kokosmelk Mango 12+ Maanden 100 g",
    "category": "Drogisterij en baby",
    "price": 1.14,
    "promoPrice": null,
    "pricePerUnit": "11.4 kg",
    "image": "https://www.jumbo.com/dam-images/fit-in/360x360/Products/10082023_1691677713962_1691677733793_5900852060892_1.png",
    "available": true,
    "promoUntil": null
  },
  {
    "id": "237967STK",
    "title": "Verstegen Sweet Chili met Molen 60 g",
    "category": "Wereldkeukens, kruiden, pasta en rijst",
    "price": 3.24,
    "promoPrice": null,
    "pricePerUnit": "54.0 kg",
    "image": "https://www.jumbo.com/dam-images/fit-in/360x360/Products/25022025_1740455385854_1740455391200_237967_STK_08712200196002_C1N1.png",
    "available": true,
    "promoUntil": null
  },
  {
    "id": "494537STK",
    "title": "Texels - Bierproeverij - 4 x 300ML",
    "category": "Bier en wijn",
    "price": 8.36,
    "promoPrice": null,
    "pricePerUnit": "None None",
    "image": "https://www.jumbo.com/dam-images/fit-in/360x360/Products/494537STK34f0194b-68ac-45c0-a50b-b1f4d2b157d2-1706172844246.png",
    "available": true,
    "promoUntil": null
  },
  {
    "id": "499885BLS",
    "title": "Witte Reus Turquoise Actief 50 g",
    "category": "Huishouden en dieren",
    "price": 4.29,
    "promoPrice": null,
    "pricePerUnit": "85.8 kg",
    "image": "https://www.jumbo.com/dam-images/fit-in/360x360/Products/10072024_1720576061943_1720576064943_499885_BLS_05410091754150_C1N1.png",
    "available": true,
    "promoUntil": null
  },
  {
    "id": "382750FLS",
    "title": "TerraPura - Single Vineyard - Carménère - 375ML",
    "category": "Bier en wijn",
    "price": 4.99,
    "promoPrice": null,
    "pricePerUnit": "13.31 l",
    "image": "https://www.jumbo.com/dam-images/fit-in/360x360/Products/01092023_1693568046555_1693568048519_7804616098382_1.png",
    "available": true,
    "promoUntil": null
  },
  {
    "id": "713207ZK",
    "title": "PURINA® ONE Adult Rijk aan Zalm kattenvoer 3 kg",
    "category": "Huishouden en dieren",
    "price": 20.39,
    "promoPrice": null,
    "pricePerUnit": "6.8 kg",
    "image": "https://www.jumbo.com/dam-images/fit-in/360x360/Products/08082025_1754678044296_1754678048745_7613035613942_1.png",
    "available": true,
    "promoUntil": null
  },
  {
    "id": "644695DS",
    "title": "Mousline Aardappelpuree à la Minute Naturel 2 x 89 g",
    "category": "Wereldkeukens, kruiden, pasta en rijst",
    "price": 2.39,
    "promoPrice": null,
    "pricePerUnit": "13.43 kg",
    "image": "https://www.jumbo.com/dam-images/fit-in/360x360/Products/07082024_1723041599938_1723041606129_644695_DS_03760381261717_C1N1.png",
    "available": true,
    "promoUntil": null
  },
  {
    "id": "154226STK",
    "title": "Patak's Pappadums Naturel Kant-en-Klaar 8 Stuks 64 g",
    "category": "Wereldkeukens, kruiden, pasta en rijst",
    "price": 2.93,
    "promoPrice": null,
    "pricePerUnit": "45.78 kg",
    "image": "https://www.jumbo.com/dam-images/fit-in/360x360/Products/25102023_1698200985758_1698200993324_154226_STK_05011308319126_C1N1.png",
    "available": true,
    "promoUntil": null
  },
  {
    "id": "451018STK",
    "title": "Roter APC tabletten (pijnstillers), 20 stuks",
    "category": "Drogisterij en baby",
    "price": 3.99,
    "promoPrice": null,
    "pricePerUnit": "0.2 pieces",
    "image": "https://www.jumbo.com/dam-images/fit-in/360x360/Products/24092025_1758672137649_1758672145260_8713304103002_1.png",
    "available": true,
    "promoUntil": null
  },
  {
    "id": "703447ZK",
    "title": "Old El Paso Wrap Tortillas Large 350g",
    "category": "Wereldkeukens, kruiden, pasta en rijst",
    "price": 2.99,
    "promoPrice": null,
    "pricePerUnit": "8.54 kg",
    "image": "https://www.jumbo.com/dam-images/fit-in/360x360/Products/06062025_1749200471387_1749200479006_703447_ZK_08410076470126_C1N1.png",
    "available": true,
    "promoUntil": null
  },
  {
    "id": "576799ZK",
    "title": "Organix Knijpfruit Mango, Yoghurt, Banaan & Haver",
    "category": "Drogisterij en baby",
    "price": 1.63,
    "promoPrice": null,
    "pricePerUnit": "16.3 kg",
    "image": "https://www.jumbo.com/dam-images/fit-in/360x360/Products/23042025_1745397188175_1745397204810_8713500012740_596.png",
    "available": true,
    "promoUntil": null
  },
  {
    "id": "274253STK",
    "title": "Whiskas Sticks - Kip - Kattensnack - 3 Stuks",
    "category": "Huishouden en dieren",
    "price": 1.36,
    "promoPrice": null,
    "pricePerUnit": "75.56 kg",
    "image": "https://www.jumbo.com/dam-images/fit-in/360x360/Products/25082023_1692926517887_1692926521232_274253_STK_04008429123573_H1N1.png",
    "available": true,
    "promoUntil": null
  },
  {
    "id": "705640BLK",
    "title": "Pedigree Adult met Rund- en Levermix in Gelei 400 g",
    "category": "Huishouden en dieren",
    "price": 1.97,
    "promoPrice": null,
    "pricePerUnit": "4.93 kg",
    "image": "https://www.jumbo.com/dam-images/fit-in/360x360/Products/18062025_1750271667529_1750271673890_5900951354274_1.png",
    "available": true,
    "promoUntil": null
  },
  {
    "id": "667186BLK",
    "title": "Sqweez White Peach 250 ml",
    "category": "Frisdrank en sappen",
    "price": 0.99,
    "promoPrice": null,
    "pricePerUnit": "3.96 l",
    "image": "https://www.jumbo.com/dam-images/fit-in/360x360/Products/26062025_1750952046691_1750952051309_5425032053711_1.png",
    "available": true,
    "promoUntil": null
  },
  {
    "id": "545747PAK",
    "title": "Stimorol Ice Intense Mint 4x16,8 g",
    "category": "Koek, snoep, chocolade en chips",
    "price": 3.28,
    "promoPrice": null,
    "pricePerUnit": "48.96 kg",
    "image": "https://www.jumbo.com/dam-images/fit-in/360x360/Products/07072025_1751902634944_1751902638332_8723400940708_1.png",
    "available": true,
    "promoUntil": null
  },
  {
    "id": "490020POT",
    "title": "Sorgh & Hoop Javaanse Saté Rub 50 g",
    "category": "Wereldkeukens, kruiden, pasta en rijst",
    "price": 2.59,
    "promoPrice": null,
    "pricePerUnit": "51.8 kg",
    "image": "https://www.jumbo.com/dam-images/fit-in/360x360/Products/26022025_1740548582004_1740548592537_490020_POT_08720387088195_C1N1.png",
    "available": true,
    "promoUntil": null
  },
  {
    "id": "377964DS",
    "title": "Sorgh&Hoop Verse Surinaamse Creoolse Specerijenpasta 90 g",
    "category": "Wereldkeukens, kruiden, pasta en rijst",
    "price": 1.99,
    "promoPrice": null,
    "pricePerUnit": "22.11 kg",
    "image": "https://www.jumbo.com/dam-images/fit-in/360x360/Products/23082024_1724382487057_1724382494486_377964_DS_08720387088003_C1N1.png",
    "available": true,
    "promoUntil": null
  },
  {
    "id": "388410STK",
    "title": "Midalgan Extra Warm + Magnesium 60gr",
    "category": "Drogisterij en baby",
    "price": 13.99,
    "promoPrice": null,
    "pricePerUnit": "233.17 kg",
    "image": "https://www.jumbo.com/dam-images/fit-in/360x360/Products/24092025_1758672061451_1758672067262_8714319246876_1.png",
    "available": true,
    "promoUntil": null
  },
  {
    "id": "507418ZK",
    "title": "Page Puur Vochtig Toiletpapier 38 Stuks",
    "category": "Huishouden en dieren",
    "price": 2.19,
    "promoPrice": null,
    "pricePerUnit": "0.06 pieces",
    "image": "https://www.jumbo.com/dam-images/fit-in/360x360/Products/20092025_1758337933294_1758337937685_507418_ZK_05029053581750_C1N1.png",
    "available": true,
    "promoUntil": null
  },
  {
    "id": "438456ZK",
    "title": "Verstegen Kruidenmix Bobotie voor 2 personen 18 g",
    "category": "Wereldkeukens, kruiden, pasta en rijst",
    "price": 1.09,
    "promoPrice": null,
    "pricePerUnit": "60.56 kg",
    "image": "https://www.jumbo.com/dam-images/fit-in/360x360/Products/438456_8712200090133_1_T1_438456ZK1691186151145.png",
    "available": true,
    "promoUntil": null
  },
  {
    "id": "521810FLS",
    "title": "Marqués del Silvo - Rioja Crianza - 750ML",
    "category": "Bier en wijn",
    "price": 9.99,
    "promoPrice": null,
    "pricePerUnit": "13.32 l",
    "image": "https://www.jumbo.com/dam-images/fit-in/360x360/Products/25042024_1714030446744_1714030450130_8437019906146_1.png",
    "available": true,
    "promoUntil": null
  },
  {
    "id": "677582ZK",
    "title": "Pampers Baby-Dry Pants Maat 4, 27 Luierbroekjes",
    "category": "Drogisterij en baby",
    "price": 15.49,
    "promoPrice": null,
    "pricePerUnit": "0.57 pieces",
    "image": "https://www.jumbo.com/dam-images/fit-in/360x360/Products/14082025_1755196423050_1755196429742_8700216670555_1.png",
    "available": true,
    "promoUntil": null
  },
  {
    "id": "437221ZK",
    "title": "Verstegen Kruidenmix Nasi & Bami Pittig voor 2 personen 15 g",
    "category": "Wereldkeukens, kruiden, pasta en rijst",
    "price": 1.09,
    "promoPrice": null,
    "pricePerUnit": "72.67 kg",
    "image": "https://www.jumbo.com/dam-images/fit-in/360x360/Products/437221_8712200090195_1_T1_437221ZK1691184334464.png",
    "available": true,
    "promoUntil": null
  },
  {
    "id": "544717BLK",
    "title": "Smirnoff Ice Original Crisp Citrus 250 ml",
    "category": "Bier en wijn",
    "price": 2.29,
    "promoPrice": null,
    "pricePerUnit": "9.16 l",
    "image": "https://www.jumbo.com/dam-images/fit-in/360x360/Products/08072025_1751937771132_1751937773676_544717_BLK_08711300999933_C1N1.png",
    "available": true,
    "promoUntil": null
  },
  {
    "id": "561519ZK",
    "title": "Smuldier Door de Brok Runderragout 60 g",
    "category": "Huishouden en dieren",
    "price": 1.59,
    "promoPrice": null,
    "pricePerUnit": "26.5 kg",
    "image": "https://www.jumbo.com/dam-images/fit-in/360x360/Products/28032024_1711632849594_1711632857220_8720795355001_1.png",
    "available": true,
    "promoUntil": null
  },
  {
    "id": "570107FLS",
    "title": "Signature des Princes - Côtes du Rhône - Grenache Noir - Syrah - 750ML",
    "category": "Bier en wijn",
    "price": 9.99,
    "promoPrice": null,
    "pricePerUnit": "13.32 l",
    "image": "https://www.jumbo.com/dam-images/fit-in/360x360/Products/3760170008189T15a3ed803-0444-4bce-a1bc-be5503f1cabc-1730299582689.png",
    "available": true,
    "promoUntil": null
  },
  {
    "id": "194199STK",
    "title": "Strepfen Sinaasappel bij keelpijn SV 8,75mg, 16 stuks",
    "category": "Drogisterij en baby",
    "price": 6.99,
    "promoPrice": null,
    "pricePerUnit": "6.99 pieces",
    "image": "https://www.jumbo.com/dam-images/fit-in/360x360/Products/30072025_1753833653867_1753833659613_5000158105645_1.png",
    "available": true,
    "promoUntil": null
  },
  {
    "id": "437192ZK",
    "title": "Verstegen Kruidenmix Curry Tandoori voor 2 personen 15 g",
    "category": "Wereldkeukens, kruiden, pasta en rijst",
    "price": 1.09,
    "promoPrice": null,
    "pricePerUnit": "72.67 kg",
    "image": "https://www.jumbo.com/dam-images/fit-in/360x360/Products/437192_8712200090324_1_T1_437192ZK1691171236379.png",
    "available": true,
    "promoUntil": null
  },
  {
    "id": "383678FLS",
    "title": "Kikkoman Gluten Free Soy Sauce 150 ml",
    "category": "Wereldkeukens, kruiden, pasta en rijst",
    "price": 3.95,
    "promoPrice": null,
    "pricePerUnit": "26.33 l",
    "image": "https://www.jumbo.com/dam-images/fit-in/360x360/Products/08052025_1746662414140_1746662424091_8715035150102_1.png",
    "available": true,
    "promoUntil": null
  },
  {
    "id": "589797BLK",
    "title": "KA Sparkling Pineapple 330 ml",
    "category": "Wereldkeukens, kruiden, pasta en rijst",
    "price": 0.99,
    "promoPrice": null,
    "pricePerUnit": "3.0 l",
    "image": "https://www.jumbo.com/dam-images/fit-in/360x360/Products/12122024_1734014725179_1734014736444_8904061111090_1.png",
    "available": true,
    "promoUntil": null
  },
  {
    "id": "438339STK",
    "title": "Kies & Mix Tapas Borrelplank 2-4 Personen",
    "category": "Vleeswaren, kaas en tapas",
    "price": 15.34,
    "promoPrice": null,
    "pricePerUnit": "None None",
    "image": "https://www.jumbo.com/dam-images/fit-in/360x360/Products/438339STK2b3812063-cf50-40b1-bbc3-8c9c3fdf012d-1712819801878.png",
    "available": true,
    "promoUntil": null
  },
  {
    "id": "634908BLK",
    "title": "Oedipus Gaia Bier Blik 330 ml",
    "category": "Bier en wijn",
    "price": 2.89,
    "promoPrice": null,
    "pricePerUnit": "8.76 l",
    "image": "https://www.jumbo.com/dam-images/fit-in/360x360/Products/08012025_1736350232861_1736350236623_8720618833785_1.png",
    "available": true,
    "promoUntil": null
  },
  {
    "id": "710650DS",
    "title": "NIVEA Verfrissende Reinigingsmelk - 200ml - Normale tot droge huid - Vitamine E - Make-up Remover - Gezichtsreiniger",
    "category": "Drogisterij en baby",
    "price": 7.99,
    "promoPrice": null,
    "pricePerUnit": "39.95 l",
    "image": "https://www.jumbo.com/dam-images/fit-in/360x360/Products/18082025_1755509581198_1755509583613_4005900666031_1.png",
    "available": true,
    "promoUntil": null
  },
  {
    "id": "171451POT",
    "title": "Olvarit Peer 4+ Maanden 125 g",
    "category": "Drogisterij en baby",
    "price": 1.08,
    "promoPrice": null,
    "pricePerUnit": "8.64 kg",
    "image": "https://www.jumbo.com/dam-images/fit-in/360x360/Products/09082023_1691589506790_1691589550063_8591119002105_1.png",
    "available": true,
    "promoUntil": null
  },
  {
    "id": "576823ZK",
    "title": "Organix Knijpfruit Havermout, abrikoos & banaan 12mnd",
    "category": "Drogisterij en baby",
    "price": 1.21,
    "promoPrice": null,
    "pricePerUnit": "12.1 kg",
    "image": "https://www.jumbo.com/dam-images/fit-in/360x360/Products/24012025_1737689217452_1737689232951_576823_ZK_08713500011897_C1N1.png",
    "available": true,
    "promoUntil": null
  },
  {
    "id": "445365FLS",
    "title": "Mogu Mogu Zwarte Bessensmaak met Nata de Coco 320 ml",
    "category": "Frisdrank en sappen",
    "price": 1.69,
    "promoPrice": null,
    "pricePerUnit": "5.28 l",
    "image": "https://www.jumbo.com/dam-images/fit-in/360x360/Products/27022024_1709048048420_1709048055002_8850389116975_1.png",
    "available": true,
    "promoUntil": null
  },
  {
    "id": "362241BAK",
    "title": "Van Iersel Vleeswaren Echte Brabantse Zult 240 g",
    "category": "Vleeswaren, kaas en tapas",
    "price": 1.97,
    "promoPrice": null,
    "pricePerUnit": "8.21 kg",
    "image": "https://www.jumbo.com/dam-images/fit-in/360x360/Products/09082023_1691588061702_1691588176387_8717568110004_1.png",
    "available": true,
    "promoUntil": null
  },
  {
    "id": "523251FLS",
    "title": "Sisi No Bubbles Orange 0% pet 330 ml",
    "category": "Frisdrank en sappen",
    "price": 1.25,
    "promoPrice": null,
    "pricePerUnit": "3.79 l",
    "image": "https://www.jumbo.com/dam-images/fit-in/360x360/Products/08122023_1702017793914_1702017800992_523251_FLS_08715600248043_C1N1.png",
    "available": true,
    "promoUntil": null
  },
  {
    "id": "596007ZK",
    "title": "Snackgold Extra Virgin Olive Oil and Himalayan Pink Salt 125 g",
    "category": "Vleeswaren, kaas en tapas",
    "price": 2.99,
    "promoPrice": null,
    "pricePerUnit": "23.92 kg",
    "image": "https://www.jumbo.com/dam-images/fit-in/360x360/Products/12122024_1734014783820_1734014790736_8414139005423_1.png",
    "available": true,
    "promoUntil": null
  },
  {
    "id": "539118STK",
    "title": "Sourcy Naturel Natuurlijk Mineraalwater 0,33 L",
    "category": "Frisdrank en sappen",
    "price": 0.57,
    "promoPrice": null,
    "pricePerUnit": "1.73 l",
    "image": "https://www.jumbo.com/dam-images/fit-in/360x360/Products/06022024_1707191400795_1707191408383_539118_STK_08715600247855_C1N1.png",
    "available": true,
    "promoUntil": null
  },
  {
    "id": "622403ZK",
    "title": "Mama Deli Maaltijd Volkoren Macaroni, Courgette & Wortel 8+ Maanden 150 g",
    "category": "Diepvries",
    "price": 1.99,
    "promoPrice": null,
    "pricePerUnit": "13.27 kg",
    "image": "https://www.jumbo.com/dam-images/fit-in/360x360/Products/12122024_1734014804133_1734014808816_8720254206110_1.png",
    "available": true,
    "promoUntil": null
  },
  {
    "id": "718159BAK",
    "title": "Sancak Seren Sucuk Knoflookworst 200 g",
    "category": "Vleeswaren, kaas en tapas",
    "price": 3.39,
    "promoPrice": null,
    "pricePerUnit": "16.95 kg",
    "image": "https://www.jumbo.com/dam-images/fit-in/360x360/Products/11092025_1757588677291_1757588683432_8719325004434_1.png",
    "available": true,
    "promoUntil": null
  },
  {
    "id": "455111ZK",
    "title": "Tony's Chocolonely Melk Chocolade Smaken Mix 135 g",
    "category": "Koek, snoep, chocolade en chips",
    "price": 4.74,
    "promoPrice": null,
    "pricePerUnit": "35.11 kg",
    "image": "https://www.jumbo.com/dam-images/fit-in/360x360/Products/30042025_1745998367103_1745998372464_8719956497056_1.png",
    "available": true,
    "promoUntil": null
  },
  {
    "id": "455110ZK",
    "title": "Tony's Chocolonely Melk Karamel Zeezout 135 g",
    "category": "Koek, snoep, chocolade en chips",
    "price": 4.89,
    "promoPrice": null,
    "pricePerUnit": "36.22 kg",
    "image": "https://www.jumbo.com/dam-images/fit-in/360x360/Products/21112024_1732214242149_1732214248174_8719956497070_1.png",
    "available": true,
    "promoUntil": null
  },
  {
    "id": "197587STK",
    "title": "Nivea Sun Kids Protect & Play 50+ Zeer Hoog Sun Spray 200 ML",
    "category": "Drogisterij en baby",
    "price": 26.49,
    "promoPrice": null,
    "pricePerUnit": "132.45 l",
    "image": "https://www.jumbo.com/dam-images/fit-in/360x360/Products/27052025_1748312369722_1748312370576_197587_STK_04005900363756_C1N1.png",
    "available": false,
    "promoUntil": null
  },
  {
    "id": "433082TRA",
    "title": "Olvarit 12+ Maanden Variatiemenu Maaltijd Versie 1 12 x 200g",
    "category": "Drogisterij en baby",
    "price": 16.82,
    "promoPrice": null,
    "pricePerUnit": "5.61 kg",
    "image": "https://www.jumbo.com/dam-images/fit-in/360x360/Products/18082025_1755520454633_1755520458351_8712400117395_1.png",
    "available": true,
    "promoUntil": null
  },
  {
    "id": "204510STK",
    "title": "Verstegen Mix voor Gehakt Mexicaans 40 g",
    "category": "Wereldkeukens, kruiden, pasta en rijst",
    "price": 1.48,
    "promoPrice": null,
    "pricePerUnit": "37.0 kg",
    "image": "https://www.jumbo.com/dam-images/fit-in/360x360/Products/23042025_1745376711428_1745376718039_204510_STK_08712200984227_C1N1.png",
    "available": true,
    "promoUntil": null
  },
  {
    "id": "568710DS",
    "title": "Riso Scotti Carnaroli risotto rijst 500g",
    "category": "Wereldkeukens, kruiden, pasta en rijst",
    "price": 4.79,
    "promoPrice": null,
    "pricePerUnit": "9.58 kg",
    "image": "https://www.jumbo.com/dam-images/fit-in/360x360/Products/30052024_1717035140010_1717035142562_568710_DS_08001860010064_C1N1.png",
    "available": true,
    "promoUntil": null
  },
  {
    "id": "470947ZK",
    "title": "Sheba Finesse Mousse met Zalm 85 g",
    "category": "Huishouden en dieren",
    "price": 0.84,
    "promoPrice": null,
    "pricePerUnit": "9.88 kg",
    "image": "https://www.jumbo.com/dam-images/fit-in/360x360/Products/22042024_1713800059526_1713800076479_4008429145971_596.png",
    "available": true,
    "promoUntil": null
  },
  {
    "id": "543626DSL",
    "title": "Whiskas 1+ Kattenvoer - Tasty Mix - Vis in saus - 4 x 12 maaltijdzakjes ",
    "category": "Huishouden en dieren",
    "price": 22.88,
    "promoPrice": null,
    "pricePerUnit": "0.48 pieces",
    "image": "https://www.jumbo.com/dam-images/fit-in/360x360/Products/4770608262181af116563-93e2-45ab-8a9f-4912de9d6dff-1747047816074.png",
    "available": true,
    "promoUntil": null
  },
  {
    "id": "420062DS",
    "title": "NIVEA Verzachtende Nachtcrème - 50ml - Ongeparfumeerd en PH-neutraal - Met natuurlijke druivenpitolie - Gevoelige huid",
    "category": "Drogisterij en baby",
    "price": 11.99,
    "promoPrice": null,
    "pricePerUnit": "239.8 l",
    "image": "https://www.jumbo.com/dam-images/fit-in/360x360/Products/18082025_1755534796602_1755534799842_4005900738912_1.png",
    "available": true,
    "promoUntil": null
  },
  {
    "id": "443316ZK",
    "title": "Laurieri Scrocchi Grande Crackers with Sea Salt 175 g",
    "category": "Koek, snoep, chocolade en chips",
    "price": 1.72,
    "promoPrice": null,
    "pricePerUnit": "9.83 kg",
    "image": "https://www.jumbo.com/dam-images/fit-in/360x360/Products/25072025_1753407352367_1753407365470_443316_ZK_08015565037066_C1N1.png",
    "available": true,
    "promoUntil": null
  },
  {
    "id": "703446BAK",
    "title": "Jumbo's Vriesvers Maaltijden Thaise Stijl Rijst 450g",
    "category": "Diepvries",
    "price": 5.99,
    "promoPrice": null,
    "pricePerUnit": "13.31 kg",
    "image": "https://www.jumbo.com/dam-images/fit-in/360x360/Products/08718452926640T596115971820f16ca8ae-dbac-44c9-80a1-982245f7cc5a-1758531031566.png",
    "available": true,
    "promoUntil": null
  },
  {
    "id": "498581ZK",
    "title": "Katja Farm Mix 255 g",
    "category": "Koek, snoep, chocolade en chips",
    "price": 2.43,
    "promoPrice": null,
    "pricePerUnit": "9.53 kg",
    "image": "https://www.jumbo.com/dam-images/fit-in/360x360/Products/13072024_1720833976936_1720833984460_498581_ZK_08716100138476_C1N1.png",
    "available": true,
    "promoUntil": null
  },
  {
    "id": "441111STK",
    "title": "Kies & Mix Kaasplankje",
    "category": "Vleeswaren, kaas en tapas",
    "price": 16.04,
    "promoPrice": null,
    "pricePerUnit": "None None",
    "image": "https://www.jumbo.com/dam-images/fit-in/360x360/Products/441111STK1704d160c-f8c2-4c5f-8954-b868e300fe5b-1754318654214.png",
    "available": true,
    "promoUntil": null
  },
  {
    "id": "711236BLK",
    "title": "Mutti Tomatenpuree 140g",
    "category": "Wereldkeukens, kruiden, pasta en rijst",
    "price": 1.48,
    "promoPrice": null,
    "pricePerUnit": "10.57 kg",
    "image": "https://www.jumbo.com/dam-images/fit-in/360x360/Products/24072025_1753359971471_1753359980983_711236_BLK_08005110005381_C1N1.png",
    "available": true,
    "promoUntil": null
  },
  {
    "id": "498236DS",
    "title": "Roter Paracof tabletten 500/50 mg, 20 stuks",
    "category": "Drogisterij en baby",
    "price": 3.69,
    "promoPrice": null,
    "pricePerUnit": "0.18 pieces",
    "image": "https://www.jumbo.com/dam-images/fit-in/360x360/Products/24092025_1758672136811_1758672144640_8713304103019_1.png",
    "available": true,
    "promoUntil": null
  },
  {
    "id": "14189STK",
    "title": "Tigerbalsem Wit spierpijnverlichting 19 g",
    "category": "Drogisterij en baby",
    "price": 9.49,
    "promoPrice": null,
    "pricePerUnit": "499.47 kg",
    "image": "https://www.jumbo.com/dam-images/fit-in/360x360/Products/24092025_1758672090345_1758672099047_8888650403059_1.png",
    "available": true,
    "promoUntil": null
  },
  {
    "id": "708146STK",
    "title": "Pedigree Adult - Hondenbrokken - Rund en Groenten Hondenvoer - 12kg",
    "category": "Huishouden en dieren",
    "price": 34.99,
    "promoPrice": null,
    "pricePerUnit": "2.92 kg",
    "image": "https://www.jumbo.com/dam-images/fit-in/360x360/Products/03072025_1751567587331_1751567604381_4008429163555_596.png",
    "available": true,
    "promoUntil": null
  },
  {
    "id": "675591DS",
    "title": "Philips Ultra Efficient LED lamp Mat - 4",
    "category": "Non-food en servicebalie",
    "price": 9.89,
    "promoPrice": null,
    "pricePerUnit": "9.89 pieces",
    "image": "https://www.jumbo.com/dam-images/fit-in/360x360/Products/23092025_1758585720993_1758585725318_8720169187535_1.png",
    "available": true,
    "promoUntil": null
  },
  {
    "id": "212026FLS",
    "title": "Nero Oro - Nero d'Avola - 750 ML",
    "category": "Bier en wijn",
    "price": 5.99,
    "promoPrice": null,
    "pricePerUnit": "7.99 l",
    "image": "https://www.jumbo.com/dam-images/fit-in/360x360/Products/09082023_1691586653628_1691586657044_8034115194066_1.png",
    "available": true,
    "promoUntil": null
  },
  {
    "id": "623468STK",
    "title": "Smaakt Bio Bulgur 400 g",
    "category": "Wereldkeukens, kruiden, pasta en rijst",
    "price": 3.29,
    "promoPrice": null,
    "pricePerUnit": "8.23 kg",
    "image": "https://www.jumbo.com/dam-images/fit-in/360x360/Products/15082025_1755250389552_1755250394871_8718546991295_1.png",
    "available": true,
    "promoUntil": null
  },
  {
    "id": "684401FLS",
    "title": "L'Oréal Paris Elvive Extraordinary Oil Kokos Niet-Verzwarende Shampoo 250 ml",
    "category": "Drogisterij en baby",
    "price": 7.29,
    "promoPrice": null,
    "pricePerUnit": "29.16 l",
    "image": "https://www.jumbo.com/dam-images/fit-in/360x360/Products/09082023_1691591223282_1691591253136_3600523609413_1.png",
    "available": true,
    "promoUntil": null
  },
  {
    "id": "675556DS",
    "title": "Stempels 12 Stuks",
    "category": "Non-food en servicebalie",
    "price": 2.29,
    "promoPrice": null,
    "pricePerUnit": "0.19 pieces",
    "image": "",
    "available": true,
    "promoUntil": null
  },
  {
    "id": "694758FLS",
    "title": "Stimorol Original Pot 101,5 g",
    "category": "Koek, snoep, chocolade en chips",
    "price": 3.99,
    "promoPrice": null,
    "pricePerUnit": "39.12 kg",
    "image": "https://www.jumbo.com/dam-images/fit-in/360x360/Products/08723400940395C1C189828d6a-9135-4db4-a3a5-9729a73f8333-1749804770470.png",
    "available": true,
    "promoUntil": null
  },
  {
    "id": "677636DS",
    "title": "Strepsils Citroen / Honing zuigtabletten bij keelpijn, 36 stuks",
    "category": "Drogisterij en baby",
    "price": 9.99,
    "promoPrice": null,
    "pricePerUnit": "0.28 pieces",
    "image": "https://www.jumbo.com/dam-images/fit-in/360x360/Products/23052025_1747958479236_1747958484723_5000158105133_1.png",
    "available": true,
    "promoUntil": null
  },
  {
    "id": "468946DS",
    "title": "Kinder Maxi 6 Stuks 126 g",
    "category": "Koek, snoep, chocolade en chips",
    "price": 2.5,
    "promoPrice": null,
    "pricePerUnit": "19.84 kg",
    "image": "https://www.jumbo.com/dam-images/fit-in/360x360/Products/22082025_1755827303860_1755827306713_468946_DS_00000080310167_H1N1.png",
    "available": true,
    "promoUntil": null
  },
  {
    "id": "22802DS",
    "title": "Libresse So Slim Inlegkruisjes 32 Stuks",
    "category": "Drogisterij en baby",
    "price": 2.89,
    "promoPrice": null,
    "pricePerUnit": "0.09 pieces",
    "image": "https://www.jumbo.com/dam-images/fit-in/360x360/Products/06092023_1693968051684_1693968053032_22802_DS_.png",
    "available": true,
    "promoUntil": null
  },
  {
    "id": "705061FLS",
    "title": "Sanex Derma Care Deodorant Invisible Dry Roller 53 ML",
    "category": "Drogisterij en baby",
    "price": 4.89,
    "promoPrice": null,
    "pricePerUnit": "92.26 l",
    "image": "https://www.jumbo.com/dam-images/fit-in/360x360/Products/16062025_1750072233542_1750072236310_705061_FLS_08718951730854_C1N1.png",
    "available": true,
    "promoUntil": null
  },
  {
    "id": "592713STK",
    "title": "Verse Probeer Maaltijd Box - 3 Personen",
    "category": "Verse maaltijden en gemak",
    "price": 17.77,
    "promoPrice": null,
    "pricePerUnit": "None None",
    "image": "https://www.jumbo.com/dam-images/fit-in/360x360/Products/MixV2b6e08e21-9540-49ea-a5e7-0f3a1b89e0f4-1698742565480.png",
    "available": true,
    "promoUntil": null
  },
  {
    "id": "143198POT",
    "title": "Verstegen Mix voor Karbonade 225 g",
    "category": "Wereldkeukens, kruiden, pasta en rijst",
    "price": 4.84,
    "promoPrice": null,
    "pricePerUnit": "21.51 kg",
    "image": "https://www.jumbo.com/dam-images/fit-in/360x360/Products/21032025_1742523144403_1742523150123_143198_POT_08712200544322_C1N1.png",
    "available": true,
    "promoUntil": null
  },
  {
    "id": "143005POT",
    "title": "Verstegen Mosterdzaad 55 g",
    "category": "Wereldkeukens, kruiden, pasta en rijst",
    "price": 2.96,
    "promoPrice": null,
    "pricePerUnit": "53.82 kg",
    "image": "https://www.jumbo.com/dam-images/fit-in/360x360/Products/30082024_1724985723728_1724985728136_143005_POT_08712200951281_C1N1.png",
    "available": true,
    "promoUntil": null
  },
  {
    "id": "685687PAK",
    "title": "Tony's Chocolonely Donkere Melk Pretzel Toffee 90 g",
    "category": "Koek, snoep, chocolade en chips",
    "price": 2.45,
    "promoPrice": null,
    "pricePerUnit": "27.22 kg",
    "image": "https://www.jumbo.com/dam-images/fit-in/360x360/Products/05092025_1757034766294_1757034770974_685687_PAK_08720701145832_C1N1.png",
    "available": true,
    "promoUntil": null
  },
  {
    "id": "666941DS",
    "title": "Nestlé Junior Cereals Strawberry Crisps 12m-36m 200 g ",
    "category": "Drogisterij en baby",
    "price": 2.76,
    "promoPrice": null,
    "pricePerUnit": "13.8 kg",
    "image": "https://www.jumbo.com/dam-images/fit-in/360x360/Products/17022025_1739806386325_1739806392968_8445291220676_1.png",
    "available": true,
    "promoUntil": null
  },
  {
    "id": "588333TUB",
    "title": "Veet Ontharingscreme Gevoelige Huid Lichaam en Benen 100ML",
    "category": "Drogisterij en baby",
    "price": 7.59,
    "promoPrice": null,
    "pricePerUnit": "75.9 l",
    "image": "https://www.jumbo.com/dam-images/fit-in/360x360/Products/14052024_1715651942091_1715651943625_588333_TUB_03059944026741_C1N1.png",
    "available": true,
    "promoUntil": null
  },
  {
    "id": "165020POT",
    "title": "Kindly's Echte Italiaanse Laurier Drop 70 g",
    "category": "Koek, snoep, chocolade en chips",
    "price": 2.68,
    "promoPrice": null,
    "pricePerUnit": "38.29 kg",
    "image": "https://www.jumbo.com/dam-images/fit-in/360x360/Products/30032025_1743300499076_1743300500261_165020_POT_00000087292367_A1N1.png",
    "available": true,
    "promoUntil": null
  },
  {
    "id": "702826DS",
    "title": "Natterman Droge Hoest en Keelpijn 150ML",
    "category": "Drogisterij en baby",
    "price": 13.19,
    "promoPrice": null,
    "pricePerUnit": "87.93 l",
    "image": "https://www.jumbo.com/dam-images/fit-in/360x360/Products/18082025_1755508716781_1755508727764_702826_DS_08713304954147_C1N1.png",
    "available": true,
    "promoUntil": null
  },
  {
    "id": "172260POT",
    "title": "Olvarit 8+ Maanden Doperwten Kalkoen Aardappel 200g",
    "category": "Drogisterij en baby",
    "price": 1.48,
    "promoPrice": null,
    "pricePerUnit": "7.4 kg",
    "image": "https://www.jumbo.com/dam-images/fit-in/360x360/Products/10112023_1699608791714_1699608803305_5900852926211_1.png",
    "available": true,
    "promoUntil": null
  },
  {
    "id": "570614ZK",
    "title": "Rosewood Steak Fillet Beef 100g",
    "category": "Huishouden en dieren",
    "price": 2.47,
    "promoPrice": null,
    "pricePerUnit": "24.7 kg",
    "image": "https://www.jumbo.com/dam-images/fit-in/360x360/Products/26082025_1756173878582_1756173883104_570614_ZK_08712113586013_C1N1_s01.png",
    "available": true,
    "promoUntil": null
  },
  {
    "id": "700651FLS",
    "title": "Syoss Shampoo Repair 440 ML",
    "category": "Drogisterij en baby",
    "price": 7.49,
    "promoPrice": null,
    "pricePerUnit": "17.02 l",
    "image": "https://www.jumbo.com/dam-images/fit-in/360x360/Products/23052025_1747990100765_1747990104554_700651_FLS_05410091775445_C1N1.png",
    "available": true,
    "promoUntil": null
  },
  {
    "id": "172392POT",
    "title": "Olvarit Appel Aardbei Banaan 8+ Maanden 200 g",
    "category": "Drogisterij en baby",
    "price": 1.38,
    "promoPrice": null,
    "pricePerUnit": "6.9 kg",
    "image": "https://www.jumbo.com/dam-images/fit-in/360x360/Products/16082025_1755308459825_1755308474118_172392_POT_08591119002013_C1N1.png",
    "available": true,
    "promoUntil": null
  },
  {
    "id": "703863STK",
    "title": "PharmaStrip Hechtstrips 4 x 8 Stuks",
    "category": "Drogisterij en baby",
    "price": 1.2,
    "promoPrice": null,
    "pricePerUnit": "None None",
    "image": "https://www.jumbo.com/dam-images/fit-in/360x360/Products/2025917441400c1a-d56b-41d0-8875-1607ea4b1c52-1749628244014.png",
    "available": true,
    "promoUntil": null
  },
  {
    "id": "686619FLS",
    "title": "Saushi Spicy 150 ml",
    "category": "Wereldkeukens, kruiden, pasta en rijst",
    "price": 2.49,
    "promoPrice": null,
    "pricePerUnit": "16.6 l",
    "image": "https://www.jumbo.com/dam-images/fit-in/360x360/Products/06062025_1749234829490_1749234833113_8713056224390_1.png",
    "available": true,
    "promoUntil": null
  },
  {
    "id": "137180STK",
    "title": "Schär Ciabatta Glutenvrij 200 g",
    "category": "Brood en gebak",
    "price": 2.84,
    "promoPrice": null,
    "pricePerUnit": "10.92 kg",
    "image": "https://www.jumbo.com/dam-images/fit-in/360x360/Products/05062025_1749108810803_1749108817190_8008698010259_1.png",
    "available": true,
    "promoUntil": null
  },
  {
    "id": "573085BLK",
    "title": "Sea Water - Sparkling Water Unsalted - Blik - 330 ML",
    "category": "Frisdrank en sappen",
    "price": 0.68,
    "promoPrice": null,
    "pricePerUnit": "2.06 l",
    "image": "https://www.jumbo.com/dam-images/fit-in/360x360/Products/12022025_1739330137254_1739330142404_573085_BLK_08720299860544_C1N1.png",
    "available": true,
    "promoUntil": null
  },
  {
    "id": "433405FLS",
    "title": "Kompel - Bovengronds Blond - Fles - 330ML",
    "category": "Bier en wijn",
    "price": 2.39,
    "promoPrice": null,
    "pricePerUnit": "7.24 l",
    "image": "https://www.jumbo.com/dam-images/fit-in/360x360/Products/20092025_1758331657803_1758331659364_433405_FLS_05430000102018_A1N1.png",
    "available": true,
    "promoUntil": null
  },
  {
    "id": "69241PAK",
    "title": "Mentos Gum Breeze Mint Suikervrij Blister 3-pack",
    "category": "Koek, snoep, chocolade en chips",
    "price": 2.66,
    "promoPrice": null,
    "pricePerUnit": "50.19 kg",
    "image": "https://www.jumbo.com/dam-images/fit-in/360x360/Products/07072025_1751902633196_1751902637968_8003440970652_1.png",
    "available": true,
    "promoUntil": null
  },
  {
    "id": "437128ZK",
    "title": "Verstegen Fenegriekzaad Kleinverpakking 11 g",
    "category": "Wereldkeukens, kruiden, pasta en rijst",
    "price": 0.99,
    "promoPrice": null,
    "pricePerUnit": "90.0 kg",
    "image": "https://www.jumbo.com/dam-images/fit-in/360x360/Products/437128_8712200090959_1_T1_437128ZK1691188919084.png",
    "available": true,
    "promoUntil": null
  },
  {
    "id": "510357POT",
    "title": "Verstegen World Spice Blend Garam Masala 33g",
    "category": "Wereldkeukens, kruiden, pasta en rijst",
    "price": 2.99,
    "promoPrice": null,
    "pricePerUnit": "90.61 kg",
    "image": "https://www.jumbo.com/dam-images/fit-in/360x360/Products/06022024_1707187587327_1707187594141_510357_POT_08712200652812_H1N1.png",
    "available": true,
    "promoUntil": null
  },
  {
    "id": "80774FLS",
    "title": "Zonnatura Biologische Granaatappelsap 330 ml",
    "category": "Frisdrank en sappen",
    "price": 4.94,
    "promoPrice": null,
    "pricePerUnit": "14.97 l",
    "image": "https://www.jumbo.com/dam-images/fit-in/360x360/Products/15092025_1757943177246_1757943180455_8710863805736_1.png",
    "available": true,
    "promoUntil": null
  },
  {
    "id": "535423BLK",
    "title": "William Lawson's & Cola  250ML",
    "category": "Bier en wijn",
    "price": 2.19,
    "promoPrice": null,
    "pricePerUnit": "8.76 l",
    "image": "https://www.jumbo.com/dam-images/fit-in/360x360/Products/05042025_1743818982128_1743818984561_535423_BLK_07640330380057_C1N1.png",
    "available": true,
    "promoUntil": null
  },
  {
    "id": "202907STK",
    "title": "NIVEA MEN DEEP Dark Wood Anti-Transpirant Deodorant Spray - 150ml",
    "category": "Drogisterij en baby",
    "price": 6.49,
    "promoPrice": null,
    "pricePerUnit": "43.27 l",
    "image": "https://www.jumbo.com/dam-images/fit-in/360x360/Products/19062025_1750350766762_1750350769499_4005900495532_1.png",
    "available": true,
    "promoUntil": null
  },
  {
    "id": "704031ZK",
    "title": "Vergeer Holland Kaas 48+ Plakken Gouda Oud 200g",
    "category": "Vleeswaren, kaas en tapas",
    "price": 3.89,
    "promoPrice": null,
    "pricePerUnit": "19.45 kg",
    "image": "https://www.jumbo.com/dam-images/fit-in/360x360/Products/08710866043685A3C1cae240b9-f11c-44c5-ad8a-d25dcadbe41e-1752144259886.png",
    "available": true,
    "promoUntil": null
  },
  {
    "id": "143250POT",
    "title": "Santa Maria Tellicherry Zwarte Peper met Molen 70 g",
    "category": "Wereldkeukens, kruiden, pasta en rijst",
    "price": 5.69,
    "promoPrice": null,
    "pricePerUnit": "81.29 kg",
    "image": "https://www.jumbo.com/dam-images/fit-in/360x360/Products/13092025_1757731262600_1757731272481_143250_POT_.png",
    "available": true,
    "promoUntil": null
  },
  {
    "id": "563607STK",
    "title": "Jumbo Zero Sugar Cola Cherry Blik 6 x 330 ml",
    "category": "Frisdrank en sappen",
    "price": 3.3,
    "promoPrice": null,
    "pricePerUnit": "None None",
    "image": "https://www.jumbo.com/dam-images/fit-in/360x360/Products/563607_20221904_1_T1_563607STK1691076486176.png",
    "available": true,
    "promoUntil": null
  },
  {
    "id": "647600POT",
    "title": "Jumbo's Arrabbiata Pastasaus 350 g",
    "category": "Wereldkeukens, kruiden, pasta en rijst",
    "price": 2.39,
    "promoPrice": null,
    "pricePerUnit": "6.83 kg",
    "image": "https://www.jumbo.com/dam-images/fit-in/360x360/Products/12122024_1734003203508_1734003212504_8718452870172_1.png",
    "available": true,
    "promoUntil": null
  },
  {
    "id": "546285ZK",
    "title": "Klene Muntdrop XL Voordeelverpakking 350g",
    "category": "Koek, snoep, chocolade en chips",
    "price": 3.95,
    "promoPrice": null,
    "pricePerUnit": "11.29 kg",
    "image": "https://www.jumbo.com/dam-images/fit-in/360x360/Products/07072025_1751902619777_1751902625996_8723400799290_1.png",
    "available": true,
    "promoUntil": null
  },
  {
    "id": "194348POT",
    "title": "Koh Thai Massaman curry pasta",
    "category": "Wereldkeukens, kruiden, pasta en rijst",
    "price": 3.55,
    "promoPrice": null,
    "pricePerUnit": "15.78 kg",
    "image": "https://www.jumbo.com/dam-images/fit-in/360x360/Products/09082023_1691592964165_1691593064200_8717662261787_1.png",
    "available": true,
    "promoUntil": null
  },
  {
    "id": "682397DS",
    "title": "Koeckebackers Dark Chocolate Cookies 132 g",
    "category": "Koek, snoep, chocolade en chips",
    "price": 2.69,
    "promoPrice": null,
    "pricePerUnit": "20.38 kg",
    "image": "https://www.jumbo.com/dam-images/fit-in/360x360/Products/11072025_1752198860298_1752198864409_682397_DS_08719324508056_C1N1.png",
    "available": true,
    "promoUntil": null
  },
  {
    "id": "493689ZK",
    "title": "Look-O-Look Snoepveters Aardbeismaak 195 g",
    "category": "Koek, snoep, chocolade en chips",
    "price": 2.81,
    "promoPrice": null,
    "pricePerUnit": "14.41 kg",
    "image": "https://www.jumbo.com/dam-images/fit-in/360x360/Products/07072025_1751902634871_1751902639368_8713600037506_1.png",
    "available": true,
    "promoUntil": null
  },
  {
    "id": "300769STK",
    "title": "Parodontax Daily Care Mondwater Extra Fresh voor gezond tandvlees 500 ml",
    "category": "Drogisterij en baby",
    "price": 6.99,
    "promoPrice": null,
    "pricePerUnit": "13.98 l",
    "image": "https://www.jumbo.com/dam-images/fit-in/360x360/Products/14062025_1749868593056_1749868596787_300769_STK_05054563126450_C1N1.png",
    "available": true,
    "promoUntil": null
  },
  {
    "id": "320623STK",
    "title": "Salus IJzer-tabletten, 84 stuks",
    "category": "Drogisterij en baby",
    "price": 18.99,
    "promoPrice": null,
    "pricePerUnit": "0.23 pieces",
    "image": "https://www.jumbo.com/dam-images/fit-in/360x360/Products/24092025_1758672107696_1758672115278_4004148059018_1.png",
    "available": true,
    "promoUntil": null
  },
  {
    "id": "177869STK",
    "title": "Strepsils Strepfen Citroen en Honing zuigtabletten bij keelpijn 8,75 mg, 24 stuks",
    "category": "Drogisterij en baby",
    "price": 9.59,
    "promoPrice": null,
    "pricePerUnit": "0.4 pieces",
    "image": "https://www.jumbo.com/dam-images/fit-in/360x360/Products/24092025_1758672106899_1758672112031_5000158105102_1.png",
    "available": true,
    "promoUntil": null
  },
  {
    "id": "475992TRL",
    "title": "Nestlé PyjamaPapje® Banaan 6+ maanden baby pap 4 x 3 x 250 ml",
    "category": "Drogisterij en baby",
    "price": 12.36,
    "promoPrice": null,
    "pricePerUnit": "3.89 kg",
    "image": "https://www.jumbo.com/dam-images/fit-in/360x360/Products/475992TRL1f9ec3304-bd84-456e-8622-f1b8f0824b5a-1710857216838.png",
    "available": true,
    "promoUntil": null
  },
  {
    "id": "698502FLS",
    "title": "Zwitsal Bodylotion Baby 200 ml",
    "category": "Drogisterij en baby",
    "price": 4.99,
    "promoPrice": null,
    "pricePerUnit": "24.95 l",
    "image": "https://www.jumbo.com/dam-images/fit-in/360x360/Products/12092025_1757640069304_1757640099355_698502_FLS_08720181649615_C1N1.png",
    "available": true,
    "promoUntil": null
  },
  {
    "id": "681824DS",
    "title": "Original Wagner Big Sensation Beef Jalapeños 450 g",
    "category": "Diepvries",
    "price": 4.99,
    "promoPrice": null,
    "pricePerUnit": "11.09 kg",
    "image": "https://www.jumbo.com/dam-images/fit-in/360x360/Products/06082025_1754444074134_1754444091879_681824_DS_.png",
    "available": true,
    "promoUntil": null
  },
  {
    "id": "568557ZK",
    "title": "Red Band Duo Winegums Zoet - Zuur 120 g",
    "category": "Koek, snoep, chocolade en chips",
    "price": 1.89,
    "promoPrice": null,
    "pricePerUnit": "15.75 kg",
    "image": "https://www.jumbo.com/dam-images/fit-in/360x360/Products/30042024_1714487588634_1714487593427_8713800143427_1.png",
    "available": true,
    "promoUntil": null
  },
  {
    "id": "454875ZK",
    "title": "Klene Drop Dubbelzoute Dobbelstenen Suikervrij 110g",
    "category": "Koek, snoep, chocolade en chips",
    "price": 2.56,
    "promoPrice": null,
    "pricePerUnit": "23.27 kg",
    "image": "https://www.jumbo.com/dam-images/fit-in/360x360/Products/07072025_1751902635556_1751902639905_8723400794981_1.png",
    "available": true,
    "promoUntil": null
  },
  {
    "id": "505013BLS",
    "title": "Rosewood Calcium Bones 100g",
    "category": "Huishouden en dieren",
    "price": 2.79,
    "promoPrice": null,
    "pricePerUnit": "27.9 kg",
    "image": "https://www.jumbo.com/dam-images/fit-in/360x360/Products/24042024_1713928013926_1713928018303_505013_BLS_08712113634516_C1N1_s01.png",
    "available": true,
    "promoUntil": null
  },
  {
    "id": "564826POT",
    "title": "Saitaku Poke Ginger Sticks 190 g",
    "category": "Wereldkeukens, kruiden, pasta en rijst",
    "price": 3.95,
    "promoPrice": null,
    "pricePerUnit": "20.79 kg",
    "image": "https://www.jumbo.com/dam-images/fit-in/360x360/Products/22052024_1716345279894_1716345285648_564826_POT_05060194792544_C1N1.png",
    "available": true,
    "promoUntil": null
  },
  {
    "id": "113832FLS",
    "title": "Saitaku Sushi Soy Sauce 150 ml",
    "category": "Wereldkeukens, kruiden, pasta en rijst",
    "price": 3.16,
    "promoPrice": null,
    "pricePerUnit": "21.07 l",
    "image": "https://www.jumbo.com/dam-images/fit-in/360x360/Products/28082024_1724814205870_1724814210306_113832_FLS_05060194790748_C1N1.png",
    "available": true,
    "promoUntil": null
  },
  {
    "id": "490027POT",
    "title": "Sorgh & Hoop Javaanse Salsa 180g",
    "category": "Wereldkeukens, kruiden, pasta en rijst",
    "price": 2.95,
    "promoPrice": null,
    "pricePerUnit": "16.39 kg",
    "image": "https://www.jumbo.com/dam-images/fit-in/360x360/Products/16062024_1718502336752_1718502344092_490027_POT_08720387088133_C1N1.png",
    "available": true,
    "promoUntil": null
  },
  {
    "id": "429511ZK",
    "title": "Soubry Chinese Mie Nudeln 250 g",
    "category": "Wereldkeukens, kruiden, pasta en rijst",
    "price": 0.88,
    "promoPrice": null,
    "pricePerUnit": "3.52 kg",
    "image": "https://www.jumbo.com/dam-images/fit-in/360x360/Products/09112023_1699501151990_1699501162651_429511_ZK_05410028120102_C1N1.png",
    "available": true,
    "promoUntil": null
  },
  {
    "id": "536820STK",
    "title": "Wyngaard Explosion Oude Kaas & Spaanse Pepers 125 g",
    "category": "Vleeswaren, kaas en tapas",
    "price": 3.59,
    "promoPrice": null,
    "pricePerUnit": "28.72 kg",
    "image": "https://www.jumbo.com/dam-images/fit-in/360x360/Products/536820_8714529004259_1_T1_536820STK1691133754665.png",
    "available": true,
    "promoUntil": null
  },
  {
    "id": "197438STK",
    "title": "Tic Tac Pepermuntpastilles 2 x 49 g",
    "category": "Koek, snoep, chocolade en chips",
    "price": 4.94,
    "promoPrice": null,
    "pricePerUnit": "50.41 kg",
    "image": "https://www.jumbo.com/dam-images/fit-in/360x360/Products/14022024_1707872666510_1707872671362_8000500054260_1.png",
    "available": true,
    "promoUntil": null
  },
  {
    "id": "533339PAK",
    "title": "Milka Chocoladereep Oreo Sandwich 92 g",
    "category": "Koek, snoep, chocolade en chips",
    "price": 2.09,
    "promoPrice": null,
    "pricePerUnit": "22.72 kg",
    "image": "https://www.jumbo.com/dam-images/fit-in/360x360/Products/02092025_1756809249527_1756809255935_7622210824721_1.png",
    "available": true,
    "promoUntil": null
  },
  {
    "id": "506760FLS",
    "title": "NIVEA Soothing Micellair Water - 400ml",
    "category": "Drogisterij en baby",
    "price": 7.99,
    "promoPrice": null,
    "pricePerUnit": "19.98 l",
    "image": "https://www.jumbo.com/dam-images/fit-in/360x360/Products/23092025_1758599118142_1758599120343_506760_FLS_04005900334817_C1N1.png",
    "available": true,
    "promoUntil": null
  },
  {
    "id": "690367PAK",
    "title": "Verkade Specials Reep Melk 90 g Fairtrade",
    "category": "Koek, snoep, chocolade en chips",
    "price": 2.17,
    "promoPrice": null,
    "pricePerUnit": "24.11 kg",
    "image": "https://www.jumbo.com/dam-images/fit-in/360x360/Products/01042025_1743532389869_1743532404440_8710412044364_596.png",
    "available": true,
    "promoUntil": null
  },
  {
    "id": "609203PAK",
    "title": "Verkade Specials Chocolate Chip Melk & Puur 150 g ",
    "category": "Koek, snoep, chocolade en chips",
    "price": 2.27,
    "promoPrice": null,
    "pricePerUnit": "15.13 kg",
    "image": "https://www.jumbo.com/dam-images/fit-in/360x360/Products/12032025_1741747945291_1741747951917_609203_PAK_08710412043749_H1N1.png",
    "available": true,
    "promoUntil": null
  },
  {
    "id": "616577ZK",
    "title": "Lassie Voorgestoomde Bijnaklaar Risotto 250g",
    "category": "Wereldkeukens, kruiden, pasta en rijst",
    "price": 2.86,
    "promoPrice": null,
    "pricePerUnit": "11.44 kg",
    "image": "https://www.jumbo.com/dam-images/fit-in/360x360/Products/02102024_1727835252351_1727835263585_616577_ZK_08718781602154_C1N1.png",
    "available": true,
    "promoUntil": null
  },
  {
    "id": "392184FLS",
    "title": "Robijn Dry Wash Spray Original 200 ml",
    "category": "Huishouden en dieren",
    "price": 10.89,
    "promoPrice": null,
    "pricePerUnit": "54.45 l",
    "image": "https://www.jumbo.com/dam-images/fit-in/360x360/Products/02092025_1756776745478_1756776786417_392184_FLS_08720181037658_H1N1.png",
    "available": true,
    "promoUntil": null
  },
  {
    "id": "610973DS",
    "title": "Robijn Klein & Krachtig Classics Vloeibaar Wasmiddel Color 2 x 34 wasbeurten",
    "category": "Huishouden en dieren",
    "price": 35.99,
    "promoPrice": null,
    "pricePerUnit": "0.53 wb",
    "image": "https://www.jumbo.com/dam-images/fit-in/360x360/Products/25032025_1742870175139_1742870179373_610973_DS_08720182810151_H1N1.png",
    "available": true,
    "promoUntil": null
  },
  {
    "id": "685853PAK",
    "title": "Jumbo's Witte Chocolade Crunchy Meringue Lemon Limited Edition 140 g",
    "category": "Koek, snoep, chocolade en chips",
    "price": 2.99,
    "promoPrice": null,
    "pricePerUnit": "21.36 kg",
    "image": "https://www.jumbo.com/dam-images/fit-in/360x360/Products/21052025_1747812848538_1747812858699_8718452813377_596.png",
    "available": true,
    "promoUntil": null
  },
  {
    "id": "194843STK",
    "title": "Kinder Country 4 x 23,5 g",
    "category": "Koek, snoep, chocolade en chips",
    "price": 2.08,
    "promoPrice": null,
    "pricePerUnit": "22.13 kg",
    "image": "https://www.jumbo.com/dam-images/fit-in/360x360/Products/30042025_1745977442591_1745977446147_194843_STK_08000500199985_H1N1.png",
    "available": true,
    "promoUntil": null
  },
  {
    "id": "684406FLS",
    "title": "L'Oréal Paris Elvive Hydraterende Conditioner Hyaluronzuur 200 ml",
    "category": "Drogisterij en baby",
    "price": 7.29,
    "promoPrice": null,
    "pricePerUnit": "36.45 l",
    "image": "https://www.jumbo.com/dam-images/fit-in/360x360/Products/06072024_1720232063518_1720232066565_504979_FLS_03600524029814_C1N1.png",
    "available": true,
    "promoUntil": null
  },
  {
    "id": "430167POT",
    "title": "Mentos Gum White Sweet Mint Suikervrij Pot 40 stuks",
    "category": "Koek, snoep, chocolade en chips",
    "price": 3.89,
    "promoPrice": null,
    "pricePerUnit": "64.83 kg",
    "image": "https://www.jumbo.com/dam-images/fit-in/360x360/Products/12122024_1734014820312_1734014826174_80723028_1.png",
    "available": true,
    "promoUntil": null
  },
  {
    "id": "436736FLS",
    "title": "Mogu Mogu Watermeloensmaak met Nata de Coco 320 ml",
    "category": "Frisdrank en sappen",
    "price": 1.69,
    "promoPrice": null,
    "pricePerUnit": "5.28 l",
    "image": "https://www.jumbo.com/dam-images/fit-in/360x360/Products/10082023_1691675537697_1691675545849_8850389117002_1.png",
    "available": true,
    "promoUntil": null
  },
  {
    "id": "475596DS",
    "title": "Nestlé PyjamaPapje® Biscuit 6+ maanden baby pap 3 x 250 ml",
    "category": "Drogisterij en baby",
    "price": 3.06,
    "promoPrice": null,
    "pricePerUnit": "3.85 kg",
    "image": "https://www.jumbo.com/dam-images/fit-in/360x360/Products/24072024_1721835319651_1721835326185_7613287838742_1.png",
    "available": true,
    "promoUntil": null
  },
  {
    "id": "158327FLS",
    "title": "St Jean de Minervois - Muscat - 500 ML",
    "category": "Bier en wijn",
    "price": 7.49,
    "promoPrice": null,
    "pricePerUnit": "14.98 l",
    "image": "https://www.jumbo.com/dam-images/fit-in/360x360/Products/01092023_1693564444899_1693564446802_3500610080616_1.png",
    "available": true,
    "promoUntil": null
  },
  {
    "id": "664904ZK",
    "title": "Red Band Menthol Groentjes Zacht Fris 230 g",
    "category": "Koek, snoep, chocolade en chips",
    "price": 2.36,
    "promoPrice": null,
    "pricePerUnit": "10.26 kg",
    "image": "https://www.jumbo.com/dam-images/fit-in/360x360/Products/12122024_1733971813235_1733971822634_664904_ZK_08713800255892_H1N1.png",
    "available": true,
    "promoUntil": null
  },
  {
    "id": "505012BLS",
    "title": "Rosewood Shaslick Sticks Beef 100g",
    "category": "Huishouden en dieren",
    "price": 3.55,
    "promoPrice": null,
    "pricePerUnit": "35.5 kg",
    "image": "https://www.jumbo.com/dam-images/fit-in/360x360/Products/06062024_1717632021258_1717632033044_8712113605783_1.png",
    "available": true,
    "promoUntil": null
  },
  {
    "id": "604351FLS",
    "title": "Terre di Faiano - Rosato Puglia - 750 ML",
    "category": "Bier en wijn",
    "price": 6.99,
    "promoPrice": null,
    "pricePerUnit": "9.32 l",
    "image": "https://www.jumbo.com/dam-images/fit-in/360x360/Products/16042024_1713270908837_1713270912152_8052432834021_1.png",
    "available": true,
    "promoUntil": null
  },
  {
    "id": "492739POT",
    "title": "Rummo Pesto Calabrese 190 g",
    "category": "Wereldkeukens, kruiden, pasta en rijst",
    "price": 3.59,
    "promoPrice": null,
    "pricePerUnit": "18.89 kg",
    "image": "https://www.jumbo.com/dam-images/fit-in/360x360/Products/10082023_1691676799426_1691676811876_8008343279659_1.png",
    "available": true,
    "promoUntil": null
  },
  {
    "id": "675398DS",
    "title": "Verdino Plant-Based Dry-Cured Salami 240 g",
    "category": "Vleeswaren, kaas en tapas",
    "price": 6.99,
    "promoPrice": null,
    "pricePerUnit": "29.13 kg",
    "image": "https://www.jumbo.com/dam-images/fit-in/360x360/Products/10052025_1746848404974_1746848410691_675398_DS_05941866618358_C1N1.png",
    "available": true,
    "promoUntil": null
  },
  {
    "id": "633402POT",
    "title": "Olvarit Little Wonders cacao crunchy stars",
    "category": "Drogisterij en baby",
    "price": 1.97,
    "promoPrice": null,
    "pricePerUnit": "28.14 kg",
    "image": "https://www.jumbo.com/dam-images/fit-in/360x360/Products/14082025_1755139988748_1755140014558_633402_POT_08712400120074_A1N1.png",
    "available": true,
    "promoUntil": null
  },
  {
    "id": "177373PAK",
    "title": "Schär Butterkeks  Glutenvrij 4 x 41 g",
    "category": "Koek, snoep, chocolade en chips",
    "price": 2.4,
    "promoPrice": null,
    "pricePerUnit": "14.55 kg",
    "image": "https://www.jumbo.com/dam-images/fit-in/360x360/Products/29082025_1756432726647_1756432729385_177373_PAK_.png",
    "available": true,
    "promoUntil": null
  },
  {
    "id": "668936DS",
    "title": "Lagunitas IPA Flessen 4 x 300 ml",
    "category": "Bier en wijn",
    "price": 8.49,
    "promoPrice": null,
    "pricePerUnit": "7.07 l",
    "image": "https://www.jumbo.com/dam-images/fit-in/360x360/Products/04032025_1741084365859_1741084369522_5410263932515_1.png",
    "available": true,
    "promoUntil": null
  },
  {
    "id": "684436ZK",
    "title": "MAGGI Kruidenmix AirFryer Wrap It StreetTaco 41g",
    "category": "Wereldkeukens, kruiden, pasta en rijst",
    "price": 1.89,
    "promoPrice": 1.41,
    "pricePerUnit": "46.1 kg",
    "image": "https://www.jumbo.com/dam-images/fit-in/360x360/Products/02052025_1746153205237_1746153223245_684436_ZK_08445291657113_C1N1_s01.png",
    "available": true,
    "promoUntil": "di 7 okt"
  },
  {
    "id": "627168PAK",
    "title": "Lotus Biscoff speculoos melk chocoladereep speculoos vulling 180 g",
    "category": "Koek, snoep, chocolade en chips",
    "price": 4.15,
    "promoPrice": null,
    "pricePerUnit": "23.06 kg",
    "image": "https://www.jumbo.com/dam-images/fit-in/360x360/Products/12122024_1734014804344_1734014810533_5410126003703_1.png",
    "available": true,
    "promoUntil": null
  },
  {
    "id": "12343STK",
    "title": "Otrivin Zoutoplossing neusspray 15 ml",
    "category": "Drogisterij en baby",
    "price": 6.99,
    "promoPrice": null,
    "pricePerUnit": "466.0 l",
    "image": "https://www.jumbo.com/dam-images/fit-in/360x360/Products/24092025_1758672132469_1758672135974_8713177003591_1.png",
    "available": true,
    "promoUntil": null
  },
  {
    "id": "484992STK",
    "title": "Supradyn Complex Forte bruistabletten (voedingssuplement), 15 stuks",
    "category": "Drogisterij en baby",
    "price": 10.49,
    "promoPrice": null,
    "pricePerUnit": "10.49 pieces",
    "image": "https://www.jumbo.com/dam-images/fit-in/360x360/Products/08072025_1751932820964_1751932827857_8713091022418_1.png",
    "available": true,
    "promoUntil": null
  },
  {
    "id": "492573STK",
    "title": "Olvarit 12+ Maanden Maaltijdpotjes en Fruitpotjes 6 x 200g",
    "category": "Drogisterij en baby",
    "price": 7.78,
    "promoPrice": null,
    "pricePerUnit": "None None",
    "image": "https://www.jumbo.com/dam-images/fit-in/360x360/Products/492573STK3df5a62ba-53ec-49ef-aa94-e7955fcc4580-1715769777928.png",
    "available": true,
    "promoUntil": null
  },
  {
    "id": "568869POT",
    "title": "Sportlife Frozn Deepmint Suikervrije kauwgom 99 g",
    "category": "Koek, snoep, chocolade en chips",
    "price": 4.54,
    "promoPrice": null,
    "pricePerUnit": "45.86 kg",
    "image": "https://www.jumbo.com/dam-images/fit-in/360x360/Products/28052025_1748442792141_1748442799443_8711400409356_1.png",
    "available": true,
    "promoUntil": null
  },
  {
    "id": "515651DS",
    "title": "Maza Hoemoes Tabouleh",
    "category": "Vleeswaren, kaas en tapas",
    "price": 2.99,
    "promoPrice": null,
    "pricePerUnit": "14.95 kg",
    "image": "https://www.jumbo.com/dam-images/fit-in/360x360/Products/16052025_1747395207857_1747395212919_8714779008069_1.png",
    "available": true,
    "promoUntil": null
  },
  {
    "id": "653690ZK",
    "title": "Rosewood Deli Kisses Zalm&Zeewier 60g",
    "category": "Huishouden en dieren",
    "price": 1.79,
    "promoPrice": null,
    "pricePerUnit": "29.83 kg",
    "image": "https://www.jumbo.com/dam-images/fit-in/360x360/Products/24092025_1758672063461_1758672070105_8712113647578_1.png",
    "available": true,
    "promoUntil": null
  },
  {
    "id": "537241STK",
    "title": "Rosewood Twister Kip Large, 3 Stuks",
    "category": "Huishouden en dieren",
    "price": 6.5,
    "promoPrice": null,
    "pricePerUnit": "2.17 pieces",
    "image": "https://www.jumbo.com/dam-images/fit-in/360x360/Products/12072024_1720742489262_1720742492714_8712113528723_1.png",
    "available": true,
    "promoUntil": null
  },
  {
    "id": "340193PAK",
    "title": "Sheba Perfect Portions met Kip 3 x 2 x 37,5 g",
    "category": "Huishouden en dieren",
    "price": 3.47,
    "promoPrice": null,
    "pricePerUnit": "15.42 kg",
    "image": "https://www.jumbo.com/dam-images/fit-in/360x360/Products/30062025_1751279606120_1751279625588_4008429123320_596.png",
    "available": true,
    "promoUntil": null
  },
  {
    "id": "511804POT",
    "title": "Sharwood's Cooking Sauce Korma 420 g",
    "category": "Wereldkeukens, kruiden, pasta en rijst",
    "price": 3.49,
    "promoPrice": null,
    "pricePerUnit": "8.31 kg",
    "image": "https://www.jumbo.com/dam-images/fit-in/360x360/Products/04012025_1735956955110_1735956961823_511804_POT_05000354911736_H1N1.png",
    "available": true,
    "promoUntil": null
  },
  {
    "id": "439493ZK",
    "title": "Knorr Maaltijdmix Nasi 44 g",
    "category": "Wereldkeukens, kruiden, pasta en rijst",
    "price": 1.69,
    "promoPrice": null,
    "pricePerUnit": "38.41 kg",
    "image": "https://www.jumbo.com/dam-images/fit-in/360x360/Products/26052025_1748223670435_1748223767590_439493_ZK_08710522979549_H1N1.png",
    "available": true,
    "promoUntil": null
  },
  {
    "id": "568868POT",
    "title": "Sportlife Peppermint Suikervrije kauwgom 102 g",
    "category": "Koek, snoep, chocolade en chips",
    "price": 4.5,
    "promoPrice": null,
    "pricePerUnit": "44.12 kg",
    "image": "https://www.jumbo.com/dam-images/fit-in/360x360/Products/28052025_1748442791970_1748442798432_8711400409363_1.png",
    "available": true,
    "promoUntil": null
  },
  {
    "id": "544331ZK",
    "title": "Red Band Juicy Bites Frambozen smaak 145 g",
    "category": "Koek, snoep, chocolade en chips",
    "price": 1.87,
    "promoPrice": null,
    "pricePerUnit": "12.9 kg",
    "image": "https://www.jumbo.com/dam-images/fit-in/360x360/Products/28082025_1756345471189_1756345477250_544331_ZK_08713800143090_C1N1.png",
    "available": true,
    "promoUntil": null
  },
  {
    "id": "694124BLK",
    "title": "Lavish Grape Absinthe Smaak 250ML",
    "category": "Bier en wijn",
    "price": 3.95,
    "promoPrice": null,
    "pricePerUnit": "15.8 l",
    "image": "https://www.jumbo.com/dam-images/fit-in/360x360/Products/09092025_1757382780744_1757382786281_694124_BLK_08719327263563_C1N1.png",
    "available": true,
    "promoUntil": null
  },
  {
    "id": "540497BLK",
    "title": "Tenzing Natural Energy Raspberry & Yuzu 250 ml",
    "category": "Frisdrank en sappen",
    "price": 1.49,
    "promoPrice": null,
    "pricePerUnit": "5.96 l",
    "image": "https://www.jumbo.com/dam-images/fit-in/360x360/Products/19122024_1734622375450_1734622380085_5060444850857_1.png",
    "available": true,
    "promoUntil": null
  },
  {
    "id": "496512STK",
    "title": "Panadol Zapp 500 mg pijnstillende tabletten, 20 stuks",
    "category": "Drogisterij en baby",
    "price": 4.39,
    "promoPrice": null,
    "pricePerUnit": "0.22 pieces",
    "image": "https://www.jumbo.com/dam-images/fit-in/360x360/Products/24092025_1758672136783_1758672147785_5054563089342_1.png",
    "available": true,
    "promoUntil": null
  },
  {
    "id": "352669ZK",
    "title": "Ricola Original zakje 75 g",
    "category": "Koek, snoep, chocolade en chips",
    "price": 2.37,
    "promoPrice": null,
    "pricePerUnit": "31.6 kg",
    "image": "https://www.jumbo.com/dam-images/fit-in/360x360/Products/09072024_1720491332367_1720491340543_352669_ZK_07610700011638_H1N1.png",
    "available": true,
    "promoUntil": null
  },
  {
    "id": "824801ZK",
    "title": "Santa Maria Super Soft Mini Tortilla Original 8 Stuks 200 g",
    "category": "Wereldkeukens, kruiden, pasta en rijst",
    "price": 2.06,
    "promoPrice": null,
    "pricePerUnit": "10.3 kg",
    "image": "https://www.jumbo.com/dam-images/fit-in/360x360/Products/13092025_1757730929611_1757730947741_824801_ZK_07311310384173_C1N1.png",
    "available": true,
    "promoUntil": null
  },
  {
    "id": "433110FLS",
    "title": "Scheldebrouwerij - Tripel - Zeezuiper - Fles - 330ML",
    "category": "Bier en wijn",
    "price": 2.49,
    "promoPrice": null,
    "pricePerUnit": "7.55 l",
    "image": "https://www.jumbo.com/dam-images/fit-in/360x360/Products/20092025_1758331291909_1758331294214_433110_FLS_08715951001267_C1N1.png",
    "available": true,
    "promoUntil": null
  },
  {
    "id": "432188FLS",
    "title": "Nivea Men Sport Shower Gel 250ml",
    "category": "Drogisterij en baby",
    "price": 5.49,
    "promoPrice": null,
    "pricePerUnit": "21.96 l",
    "image": "https://www.jumbo.com/dam-images/fit-in/360x360/Products/18102024_1729224494317_1729224498017_432188_FLS_04005808130610_C1N1.png",
    "available": true,
    "promoUntil": null
  },
  {
    "id": "501378ZK",
    "title": "Reese's Mini Peanut Butter Cups 90 g",
    "category": "Koek, snoep, chocolade en chips",
    "price": 2.69,
    "promoPrice": null,
    "pricePerUnit": "29.89 kg",
    "image": "https://www.jumbo.com/dam-images/fit-in/360x360/Products/12122023_1702347202772_1702347211213_501378_ZK_08719700009016_C1N1.png",
    "available": true,
    "promoUntil": null
  },
  {
    "id": "70709ZK",
    "title": "Sawi Long Grain Rijst 2 kg",
    "category": "Wereldkeukens, kruiden, pasta en rijst",
    "price": 2.67,
    "promoPrice": null,
    "pricePerUnit": "1.34 kg",
    "image": "https://www.jumbo.com/dam-images/fit-in/360x360/Products/09082023_1691584436002_1691584451902_8717306673020_1.png",
    "available": true,
    "promoUntil": null
  },
  {
    "id": "445850ZK",
    "title": "Jumbo kruidnoten Vegan & Glutenvrij 150g",
    "category": "Koek, snoep, chocolade en chips",
    "price": 2.49,
    "promoPrice": null,
    "pricePerUnit": "16.6 kg",
    "image": "https://www.jumbo.com/dam-images/fit-in/360x360/Products/27082025_1756298030500_1756298034867_8718452570126_1.png",
    "available": true,
    "promoUntil": null
  },
  {
    "id": "633946FLS",
    "title": "Sidestepp Limonzero - 0.0% Alcoholvrij - 500ML",
    "category": "Bier en wijn",
    "price": 9.99,
    "promoPrice": null,
    "pricePerUnit": "19.98 l",
    "image": "https://www.jumbo.com/dam-images/fit-in/360x360/Products/19082024_1724077998982_1724078003980_8720892452627_1.png",
    "available": true,
    "promoUntil": null
  },
  {
    "id": "685824DS",
    "title": "Jumbo's Pure Chocolade Peer Anijs Crisp 140 g",
    "category": "Koek, snoep, chocolade en chips",
    "price": 2.99,
    "promoPrice": null,
    "pricePerUnit": "21.36 kg",
    "image": "https://www.jumbo.com/dam-images/fit-in/360x360/Products/21052025_1747823607526_1747823618552_8718452871186_596.png",
    "available": true,
    "promoUntil": null
  },
  {
    "id": "154053PAK",
    "title": "Kanjers Melkchocolade Karamel Wafels 4 Stuks",
    "category": "Koek, snoep, chocolade en chips",
    "price": 2.72,
    "promoPrice": null,
    "pricePerUnit": "15.11 kg",
    "image": "https://www.jumbo.com/dam-images/fit-in/360x360/Products/10082023_1691677954261_1691677956259_8710739491063_1.png",
    "available": false,
    "promoUntil": null
  },
  {
    "id": "454885ZK",
    "title": "Klene Drop Zoete Zonnetjes Suikervrij 110g",
    "category": "Koek, snoep, chocolade en chips",
    "price": 2.56,
    "promoPrice": null,
    "pricePerUnit": "23.27 kg",
    "image": "https://www.jumbo.com/dam-images/fit-in/360x360/Products/07072025_1751902635852_1751902639887_8723400795087_1.png",
    "available": true,
    "promoUntil": null
  },
  {
    "id": "684408FLS",
    "title": "L'Oréal Paris Elvive Dream Lenghts Ontwarrende Conditioner 200 ml",
    "category": "Drogisterij en baby",
    "price": 7.29,
    "promoPrice": null,
    "pricePerUnit": "36.45 l",
    "image": "https://www.jumbo.com/dam-images/fit-in/360x360/Products/09082023_1691590939386_1691590943868_3600523583829_1.png",
    "available": true,
    "promoUntil": null
  },
  {
    "id": "89964STK",
    "title": "Otrivin Zoutoplossing plus neusspray eucalyptus 20 ml",
    "category": "Drogisterij en baby",
    "price": 7.99,
    "promoPrice": null,
    "pricePerUnit": "399.5 l",
    "image": "https://www.jumbo.com/dam-images/fit-in/360x360/Products/24092025_1758672090752_1758672095941_8713177007827_1.png",
    "available": true,
    "promoUntil": null
  },
  {
    "id": "668859FLS",
    "title": "Somersby Raspberry Lime 330ML",
    "category": "Bier en wijn",
    "price": 1.79,
    "promoPrice": null,
    "pricePerUnit": "5.42 l",
    "image": "https://www.jumbo.com/dam-images/fit-in/360x360/Products/20092025_1758336958823_1758336962799_668859_FLS_03858887585694_C1N1.png",
    "available": true,
    "promoUntil": null
  },
  {
    "id": "586732BLK",
    "title": "Nestlé LITTLE STEPS 3 Dreumesmelk Standaard 12+ maanden 800 g",
    "category": "Drogisterij en baby",
    "price": 13.36,
    "promoPrice": null,
    "pricePerUnit": "16.7 kg",
    "image": "https://www.jumbo.com/dam-images/fit-in/360x360/Products/14092024_1726283030279_1726283069632_586732_BLK_08445290847218_C1N1_s01.png",
    "available": true,
    "promoUntil": null
  },
  {
    "id": "694880DS",
    "title": "Nicorette Patch 10mg",
    "category": "Drogisterij en baby",
    "price": 39.99,
    "promoPrice": null,
    "pricePerUnit": "0.5 pieces",
    "image": "https://www.jumbo.com/dam-images/fit-in/360x360/Products/17062025_1750124599475_1750124606483_694880_DS_03574661714394_C1N1_s01.png",
    "available": true,
    "promoUntil": null
  },
  {
    "id": "703291ZK",
    "title": "Old El Paso Kruidenmix Fajitas Original Mild 30 g",
    "category": "Wereldkeukens, kruiden, pasta en rijst",
    "price": 1.39,
    "promoPrice": null,
    "pricePerUnit": "46.33 kg",
    "image": "https://www.jumbo.com/dam-images/fit-in/360x360/Products/08410076490810C1N1fdd23741-61bc-4e6d-97e6-4c33fc5a6358-1754472681180.png",
    "available": true,
    "promoUntil": null
  },
  {
    "id": "626391ZK",
    "title": "Olvarit 12+ Maanden Knijpfruit Abrikoos Banaan Granen 100g",
    "category": "Drogisterij en baby",
    "price": 1.14,
    "promoPrice": null,
    "pricePerUnit": "11.4 kg",
    "image": "https://www.jumbo.com/dam-images/fit-in/360x360/Products/19082025_1755568165160_1755568167234_626391_ZK_05900852068027_C1N1_s01.png",
    "available": true,
    "promoUntil": null
  },
  {
    "id": "675701DS",
    "title": "Philips Led Filament Kogel 25W E27",
    "category": "Non-food en servicebalie",
    "price": 7.69,
    "promoPrice": null,
    "pricePerUnit": "7.69 pieces",
    "image": "https://www.jumbo.com/dam-images/fit-in/360x360/Products/17092025_1758067301008_1758067309376_8718699665425_1.png",
    "available": true,
    "promoUntil": null
  },
  {
    "id": "127827FLS",
    "title": "Patak's Original Korma Indiase Kruidenpasta 165g",
    "category": "Wereldkeukens, kruiden, pasta en rijst",
    "price": 2.96,
    "promoPrice": null,
    "pricePerUnit": "17.94 kg",
    "image": "https://www.jumbo.com/dam-images/fit-in/360x360/Products/25012024_1706189644033_1706189654620_5011308700955_1.png",
    "available": true,
    "promoUntil": null
  },
  {
    "id": "434776FLS",
    "title": "Solan de Cabras Natuurlijk Mineraalwater 750ml",
    "category": "Frisdrank en sappen",
    "price": 1.23,
    "promoPrice": null,
    "pricePerUnit": "1.64 l",
    "image": "https://www.jumbo.com/dam-images/fit-in/360x360/Products/05032024_1709604036883_1709604040247_434776_FLS_08411547213228_C1N1.png",
    "available": true,
    "promoUntil": null
  },
  {
    "id": "674074FLS",
    "title": "St. Michael - Pinot Gris - 750ML",
    "category": "Bier en wijn",
    "price": 5.49,
    "promoPrice": null,
    "pricePerUnit": "7.32 l",
    "image": "https://www.jumbo.com/dam-images/fit-in/360x360/Products/16052025_1747367090454_1747367092079_674074_FLS_04006975214561_C1N1.png",
    "available": true,
    "promoUntil": null
  },
  {
    "id": "449992FLS",
    "title": "Les Carrons - Touraine - Sauvignon Blanc - Biologisch - 750ML",
    "category": "Bier en wijn",
    "price": 9.99,
    "promoPrice": null,
    "pricePerUnit": "13.32 l",
    "image": "https://www.jumbo.com/dam-images/fit-in/360x360/Products/30102024_1730260637136_1730260639167_449992_FLS_03380330004327_C1N1.png",
    "available": true,
    "promoUntil": null
  },
  {
    "id": "515447ZK",
    "title": "Santa Maria Taco Kruidenmix geen zout toegevoegd 25 g",
    "category": "Wereldkeukens, kruiden, pasta en rijst",
    "price": 1.07,
    "promoPrice": null,
    "pricePerUnit": "42.8 kg",
    "image": "https://www.jumbo.com/dam-images/fit-in/360x360/Products/13092025_1757727072083_1757727091549_515447_ZK_.png",
    "available": true,
    "promoUntil": null
  },
  {
    "id": "579526DS",
    "title": "Nestlé Baby Cereals Multigranen met Fruit vanaf 12 Maanden 180 g",
    "category": "Drogisterij en baby",
    "price": 2.47,
    "promoPrice": null,
    "pricePerUnit": "13.72 kg",
    "image": "https://www.jumbo.com/dam-images/fit-in/360x360/Products/14092024_1726278678981_1726278741229_579526_DS_08445290752734_C1N1_s01.png",
    "available": true,
    "promoUntil": null
  },
  {
    "id": "586726BLK",
    "title": "Nestlé LITTLE STEPS 2 Opvolgmelk Standaard 6+ maanden 800 g",
    "category": "Drogisterij en baby",
    "price": 13.36,
    "promoPrice": null,
    "pricePerUnit": "16.7 kg",
    "image": "https://www.jumbo.com/dam-images/fit-in/360x360/Products/05062025_1749086808277_1749086851647_586726_BLK_08445290844170_C1N1_s01.png",
    "available": true,
    "promoUntil": null
  },
  {
    "id": "432259FLS",
    "title": "Pazo Rosqueira - Albariño - 750ML",
    "category": "Bier en wijn",
    "price": 11.49,
    "promoPrice": null,
    "pricePerUnit": "15.32 l",
    "image": "https://www.jumbo.com/dam-images/fit-in/360x360/Products/09042024_1712624960291_1712624962447_432259_FLS_08410631650093_C1N1.png",
    "available": true,
    "promoUntil": null
  },
  {
    "id": "143160ZK",
    "title": "Verstegen Mix voor Gehakt Uitjes 40 g ",
    "category": "Wereldkeukens, kruiden, pasta en rijst",
    "price": 1.49,
    "promoPrice": null,
    "pricePerUnit": "37.25 kg",
    "image": "https://www.jumbo.com/dam-images/fit-in/360x360/Products/17072025_1752744803819_1752744809891_8712200704986_1.png",
    "available": true,
    "promoUntil": null
  },
  {
    "id": "662381BLK",
    "title": "STËLZ Hard Iced Tea Lemon 250ML",
    "category": "Bier en wijn",
    "price": 2.29,
    "promoPrice": null,
    "pricePerUnit": "9.16 l",
    "image": "https://www.jumbo.com/dam-images/fit-in/360x360/Products/30082025_1756516808538_1756516809939_662381_BLK_08720865027234_A1N1.png",
    "available": true,
    "promoUntil": null
  },
  {
    "id": "670487DSL",
    "title": "Robijn Intense Wasparfum Paradise Secret - 8 x 342 ml",
    "category": "Huishouden en dieren",
    "price": 55.92,
    "promoPrice": null,
    "pricePerUnit": "0.41 wb",
    "image": "https://www.jumbo.com/dam-images/fit-in/360x360/Products/08720181577222H1N1ac514427-8e57-4f7d-b6c7-8f69bb8408e5-1753099394712.png",
    "available": true,
    "promoUntil": null
  },
  {
    "id": "616924POT",
    "title": "L'Oréal Wrinkle Expert Anti-Rimpel Dagcrème 50ML",
    "category": "Drogisterij en baby",
    "price": 9.99,
    "promoPrice": null,
    "pricePerUnit": "199.8 l",
    "image": "https://www.jumbo.com/dam-images/fit-in/360x360/Products/28052025_1748398885946_1748398888368_616924_POT_05410103036878_A1N1.png",
    "available": true,
    "promoUntil": null
  },
  {
    "id": "404577STK",
    "title": "Kletzzz - Kletzenbrood  Sneetjes - 250 g",
    "category": "Vleeswaren, kaas en tapas",
    "price": 3.49,
    "promoPrice": null,
    "pricePerUnit": "13.96 kg",
    "image": "https://www.jumbo.com/dam-images/fit-in/360x360/Products/09082023_1691587087234_1691587095515_8718182903867_1.png",
    "available": true,
    "promoUntil": null
  },
  {
    "id": "391715ZK",
    "title": "Jumbo Zwarte Rijst 400 g",
    "category": "Wereldkeukens, kruiden, pasta en rijst",
    "price": 2.96,
    "promoPrice": null,
    "pricePerUnit": "7.4 kg",
    "image": "https://www.jumbo.com/dam-images/fit-in/360x360/Products/10082023_1691676549109_1691676562268_8718452514458_1.png",
    "available": true,
    "promoUntil": null
  },
  {
    "id": "699389FLS",
    "title": "Listerine Cool Mint Mondspoeling 500 ML",
    "category": "Drogisterij en baby",
    "price": 6.99,
    "promoPrice": null,
    "pricePerUnit": "13.98 l",
    "image": "https://www.jumbo.com/dam-images/fit-in/360x360/Products/16052025_1747391325780_1747391330250_699389_FLS_.png",
    "available": true,
    "promoUntil": null
  },
  {
    "id": "684425ZK",
    "title": "Maggi Air Fryer Mexican Style Fajita 27 g",
    "category": "Wereldkeukens, kruiden, pasta en rijst",
    "price": 1.79,
    "promoPrice": 1.34,
    "pricePerUnit": "66.3 kg",
    "image": "https://www.jumbo.com/dam-images/fit-in/360x360/Products/12062025_1749724405724_1749724415730_8445291646056_1.png",
    "available": true,
    "promoUntil": "di 7 okt"
  },
  {
    "id": "655166DS",
    "title": "Maza Bio Hoemoes Kalamata Olijven",
    "category": "Vleeswaren, kaas en tapas",
    "price": 3.49,
    "promoPrice": null,
    "pricePerUnit": "19.94 kg",
    "image": "https://www.jumbo.com/dam-images/fit-in/360x360/Products/16052025_1747391566531_1747391575862_8714779008397_1.png",
    "available": true,
    "promoUntil": null
  },
  {
    "id": "711241BLK",
    "title": "Mutti Pelati S. Marzano 400g",
    "category": "Wereldkeukens, kruiden, pasta en rijst",
    "price": 3.65,
    "promoPrice": null,
    "pricePerUnit": "8.59 l",
    "image": "https://www.jumbo.com/dam-images/fit-in/360x360/Products/24072025_1753359994990_1753360002854_711241_BLK_08005110060083_C1N1.png",
    "available": true,
    "promoUntil": null
  },
  {
    "id": "570559BLK",
    "title": "Pets Unlimited Gestoomde maaltijd Rund, 95 gram",
    "category": "Huishouden en dieren",
    "price": 1.39,
    "promoPrice": null,
    "pricePerUnit": "14.63 kg",
    "image": "https://www.jumbo.com/dam-images/fit-in/360x360/Products/12102024_1728691385670_1728691397198_8712113606049_1.png",
    "available": true,
    "promoUntil": null
  },
  {
    "id": "647588FLS",
    "title": "Mutti Polpa Rustica 690g",
    "category": "Wereldkeukens, kruiden, pasta en rijst",
    "price": 3.99,
    "promoPrice": null,
    "pricePerUnit": "5.78 kg",
    "image": "https://www.jumbo.com/dam-images/fit-in/360x360/Products/27082024_1724740929003_1724740932219_647588_FLS_08005110171215_C1N1.png",
    "available": true,
    "promoUntil": null
  },
  {
    "id": "586433STK",
    "title": "Olvarit Up! Kikkererwt Knabbels 12+ maanden - bundel 4x20g",
    "category": "Drogisterij en baby",
    "price": 5.12,
    "promoPrice": null,
    "pricePerUnit": "None None",
    "image": "https://www.jumbo.com/dam-images/fit-in/360x360/Products/586433STK15d0371d2-b00c-425c-a3b5-160277718fec-1692274796028.png",
    "available": true,
    "promoUntil": null
  },
  {
    "id": "397315STK",
    "title": "Olvarit Maaltijdpotjes 8+ Maanden 5 x 200g",
    "category": "Drogisterij en baby",
    "price": 7.4,
    "promoPrice": null,
    "pricePerUnit": "None None",
    "image": "https://www.jumbo.com/dam-images/fit-in/360x360/Products/20217464cbf28376-63b7-41fa-8d83-de077c42b9be-1750746442847.png",
    "available": true,
    "promoUntil": null
  },
  {
    "id": "607295DS",
    "title": "Oreo Ice Cream with Cookie Pieces 4 Stuks 264 g",
    "category": "Diepvries",
    "price": 4.49,
    "promoPrice": null,
    "pricePerUnit": "11.23 l",
    "image": "https://www.jumbo.com/dam-images/fit-in/360x360/Products/15042025_1744683301398_1744683314438_607295_DS_.png",
    "available": true,
    "promoUntil": null
  },
  {
    "id": "305575DS",
    "title": "Prewett's Witte Chocolate + Cranberry Cookies 150 g",
    "category": "Koek, snoep, chocolade en chips",
    "price": 3.81,
    "promoPrice": null,
    "pricePerUnit": "25.4 kg",
    "image": "https://www.jumbo.com/dam-images/fit-in/360x360/Products/09082023_1691586115058_1691586134200_5013387205765_1.png",
    "available": true,
    "promoUntil": null
  },
  {
    "id": "702825DS",
    "title": "Primatour Middelen tegen Reisziekte 10 Tabletten",
    "category": "Drogisterij en baby",
    "price": 6.99,
    "promoPrice": null,
    "pricePerUnit": "0.7 pieces",
    "image": "https://www.jumbo.com/dam-images/fit-in/360x360/Products/27082025_1756261504540_1756261508588_702825_DS_08712207070404_C1N1_s01.png",
    "available": true,
    "promoUntil": null
  },
  {
    "id": "200362PAK",
    "title": "Pauwel Kwak - Amber - Fles - 4 x 330ML",
    "category": "Bier en wijn",
    "price": 7.99,
    "promoPrice": null,
    "pricePerUnit": "6.05 l",
    "image": "https://www.jumbo.com/dam-images/fit-in/360x360/Products/09082023_1691587282696_1691587295506_5410228244196_1.png",
    "available": true,
    "promoUntil": null
  },
  {
    "id": "620383ZK",
    "title": "Pedigree Schmackos hondensnacks gevogelte 20 Stuks",
    "category": "Huishouden en dieren",
    "price": 2.47,
    "promoPrice": null,
    "pricePerUnit": "17.15 kg",
    "image": "https://www.jumbo.com/dam-images/fit-in/360x360/Products/04042024_1712255835196_1712255850229_5010394003612_596.png",
    "available": true,
    "promoUntil": null
  },
  {
    "id": "592639STK",
    "title": "Verse Oosterse Maaltijd Box - 3 Personen",
    "category": "Verse maaltijden en gemak",
    "price": 18.57,
    "promoPrice": null,
    "pricePerUnit": "None None",
    "image": "https://www.jumbo.com/dam-images/fit-in/360x360/Products/image00122dbc23e8-a6be-4600-af9b-ff1f3a8dbb54-1698742515413.png",
    "available": true,
    "promoUntil": null
  },
  {
    "id": "392349PAK",
    "title": "Schär Mini Pizza Margherita  Glutenvrij 4 x 70 g",
    "category": "Diepvries",
    "price": 4.54,
    "promoPrice": null,
    "pricePerUnit": "16.21 kg",
    "image": "https://www.jumbo.com/dam-images/fit-in/360x360/Products/03042025_1743665587103_1743665597339_8008698017807_1.png",
    "available": true,
    "promoUntil": null
  },
  {
    "id": "222849ZK",
    "title": "Vitakraft Cat Yums 40 g",
    "category": "Huishouden en dieren",
    "price": 2.45,
    "promoPrice": null,
    "pricePerUnit": "61.25 kg",
    "image": "https://www.jumbo.com/dam-images/fit-in/360x360/Products/12042025_1744423229879_1744423233179_222849_ZK_.png",
    "available": true,
    "promoUntil": null
  },
  {
    "id": "664260BLS",
    "title": "Sportlife Frozn Deep Mints 2 x 35 g",
    "category": "Koek, snoep, chocolade en chips",
    "price": 4.45,
    "promoPrice": null,
    "pricePerUnit": "63.57 kg",
    "image": "https://www.jumbo.com/dam-images/fit-in/360x360/Products/28052025_1748442792437_1748442799180_8713800144844_1.png",
    "available": true,
    "promoUntil": null
  },
  {
    "id": "703796FLS",
    "title": "Zwitsal Shampoo Baby 400 ml",
    "category": "Drogisterij en baby",
    "price": 7.69,
    "promoPrice": null,
    "pricePerUnit": "19.23 l",
    "image": "https://www.jumbo.com/dam-images/fit-in/360x360/Products/25062025_1750851187659_1750851189856_8720181648700_1.png",
    "available": true,
    "promoUntil": null
  },
  {
    "id": "625103BLK",
    "title": "Oasis Aardbei Framboos 33cl",
    "category": "Frisdrank en sappen",
    "price": 1.25,
    "promoPrice": null,
    "pricePerUnit": "3.79 l",
    "image": "https://www.jumbo.com/dam-images/fit-in/360x360/Products/22072025_1753147484236_1753147490365_625103_BLK_03124480186607_C1N1.png",
    "available": true,
    "promoUntil": null
  },
  {
    "id": "605399BLK",
    "title": "PURINA® Gourmet® Nature's Creations Mousse met een Hart van Saus, Rijk aan Kip met Wortelen Kattenvoer 85g",
    "category": "Huishouden en dieren",
    "price": 1.19,
    "promoPrice": null,
    "pricePerUnit": "14.0 kg",
    "image": "https://www.jumbo.com/dam-images/fit-in/360x360/Products/23092025_1758592577692_1758592607754_605399_BLK_08445290986405_C1N1_s01.png",
    "available": true,
    "promoUntil": null
  },
  {
    "id": "541896BLK",
    "title": "Whiskas in gelei kattennatvoer kip blik 400 g",
    "category": "Huishouden en dieren",
    "price": 2.37,
    "promoPrice": null,
    "pricePerUnit": "5.93 kg",
    "image": "https://www.jumbo.com/dam-images/fit-in/360x360/Products/22082024_1724293065835_1724293074076_541896_BLK_05900951250996_H1N1.png",
    "available": true,
    "promoUntil": null
  },
  {
    "id": "591384STK",
    "title": "Jumbo's Nacho chips en Guacamole",
    "category": "Koek, snoep, chocolade en chips",
    "price": 3.54,
    "promoPrice": null,
    "pricePerUnit": "None None",
    "image": "https://www.jumbo.com/dam-images/fit-in/360x360/Products/591384STK1803c9f6-4f20-4f9b-b044-0e78304b5f66-1745839869571.png",
    "available": true,
    "promoUntil": null
  },
  {
    "id": "525412DS",
    "title": "LU Prince Cake & Roll Chocolade Cakejes 5 Stuks 150 g",
    "category": "Koek, snoep, chocolade en chips",
    "price": 2.99,
    "promoPrice": null,
    "pricePerUnit": "19.93 kg",
    "image": "https://www.jumbo.com/dam-images/fit-in/360x360/Products/05082025_1754400784870_1754400790190_7622201701482_1.png",
    "available": true,
    "promoUntil": null
  },
  {
    "id": "62188PAK",
    "title": "Maaza Banana Fruit Drink 1 L",
    "category": "Frisdrank en sappen",
    "price": 2.19,
    "promoPrice": null,
    "pricePerUnit": "2.19 l",
    "image": "https://www.jumbo.com/dam-images/fit-in/360x360/Products/26022025_1740573213711_1740573218386_8718226323019_1.png",
    "available": true,
    "promoUntil": null
  },
  {
    "id": "455151PAK",
    "title": "Nestlé LITTLE STEPS® Peutermelk 2+ jaar 1 L",
    "category": "Drogisterij en baby",
    "price": 2.27,
    "promoPrice": null,
    "pricePerUnit": "2.27 l",
    "image": "https://www.jumbo.com/dam-images/fit-in/360x360/Products/23092025_1758599385229_1758599387375_455151_PAK_07613287876577_C1N1.png",
    "available": true,
    "promoUntil": null
  },
  {
    "id": "543626PAK",
    "title": "Whiskas 1+ Kattenvoer - Tasty Mix - Vis in saus - maaltijdzakjes 12x85g",
    "category": "Huishouden en dieren",
    "price": 5.72,
    "promoPrice": null,
    "pricePerUnit": "0.48 pieces",
    "image": "https://www.jumbo.com/dam-images/fit-in/360x360/Products/08082024_1723120458871_1723120477594_4770608262044_596.png",
    "available": true,
    "promoUntil": null
  },
  {
    "id": "680785DS",
    "title": "Nurofen Ibuprofen Fastine liquid caps 200 mg, 10 stuks",
    "category": "Drogisterij en baby",
    "price": 4.69,
    "promoPrice": null,
    "pricePerUnit": "0.47 pieces",
    "image": "https://www.jumbo.com/dam-images/fit-in/360x360/Products/20052025_1747699235773_1747699240703_5000158106017_1.png",
    "available": true,
    "promoUntil": null
  },
  {
    "id": "680832DS",
    "title": "Panadol paracetamol 500mg 20tab",
    "category": "Drogisterij en baby",
    "price": 2.69,
    "promoPrice": null,
    "pricePerUnit": "0.13 pieces",
    "image": "https://www.jumbo.com/dam-images/fit-in/360x360/Products/24092025_1758672137656_1758672149528_5054563084910_1.png",
    "available": true,
    "promoUntil": null
  },
  {
    "id": "471638STK",
    "title": "Prevalin Direct bij hooikoorts, 20ml",
    "category": "Drogisterij en baby",
    "price": 17.49,
    "promoPrice": null,
    "pricePerUnit": "17.49 pieces",
    "image": "https://www.jumbo.com/dam-images/fit-in/360x360/Products/24092025_1758672108097_1758672113171_8710537702682_1.png",
    "available": true,
    "promoUntil": null
  },
  {
    "id": "459084FLS",
    "title": "Robijn Specials Vloeibaar Wasmiddel Fleur & Fijn 18 Wasbeurten",
    "category": "Huishouden en dieren",
    "price": 12.99,
    "promoPrice": null,
    "pricePerUnit": "0.72 wb",
    "image": "https://www.jumbo.com/dam-images/fit-in/360x360/Products/20012025_1737340317312_1737340370667_459084_FLS_08720181098932_H1N1.png",
    "available": true,
    "promoUntil": null
  },
  {
    "id": "673189PAK",
    "title": "Milka Caramel Crunch Stick 3 x 90 ml",
    "category": "Diepvries",
    "price": 3.99,
    "promoPrice": null,
    "pricePerUnit": "14.78 l",
    "image": "https://www.jumbo.com/dam-images/fit-in/360x360/Products/05900130038513C1C1s01v012fdf1085-f028-440b-b913-cafdc8e63664-1741010349400.png",
    "available": true,
    "promoUntil": null
  },
  {
    "id": "649657FLS",
    "title": "Mionetto - Prosecco Brut 200ML",
    "category": "Bier en wijn",
    "price": 3.99,
    "promoPrice": null,
    "pricePerUnit": "19.95 l",
    "image": "https://www.jumbo.com/dam-images/fit-in/360x360/Products/18122024_1734539635149_1734539639544_8006220110774_1.png",
    "available": true,
    "promoUntil": null
  },
  {
    "id": "670406BLK",
    "title": "Uiltje Ouwe Kletskous 330ML",
    "category": "Bier en wijn",
    "price": 2.79,
    "promoPrice": null,
    "pricePerUnit": "8.45 l",
    "image": "https://www.jumbo.com/dam-images/fit-in/360x360/Products/26122024_1735183866443_1735183869560_670406_BLK_08721055142195_C1N1.png",
    "available": true,
    "promoUntil": null
  },
  {
    "id": "704009ZK",
    "title": "Vergeer Holland Kaas 48+ Plakken Gouda Belegen 200g",
    "category": "Vleeswaren, kaas en tapas",
    "price": 3.59,
    "promoPrice": null,
    "pricePerUnit": "17.95 kg",
    "image": "https://www.jumbo.com/dam-images/fit-in/360x360/Products/08710866043647A3C1359b8525-16b3-4247-a4c6-3632ee8964ce-1752144260575.png",
    "available": true,
    "promoUntil": null
  },
  {
    "id": "203736ZK",
    "title": "Verstegen Mix voor Kruidenboter 10 g",
    "category": "Wereldkeukens, kruiden, pasta en rijst",
    "price": 1.64,
    "promoPrice": null,
    "pricePerUnit": "164.0 kg",
    "image": "https://www.jumbo.com/dam-images/fit-in/360x360/Products/24092025_1758678028676_1758678035598_203736_ZK_08712200982285_C1N1.png",
    "available": true,
    "promoUntil": null
  },
  {
    "id": "184050CUP",
    "title": "Magnum Pint IJs Almond 440 ml",
    "category": "Diepvries",
    "price": 7.59,
    "promoPrice": null,
    "pricePerUnit": "17.25 l",
    "image": "https://www.jumbo.com/dam-images/fit-in/360x360/Products/01092025_1756722867855_1756722871858_8714100289983_1.png",
    "available": true,
    "promoUntil": null
  },
  {
    "id": "198618STK",
    "title": "NIVEA MEN Black & White Invisible Original Anti-Transpirant Deo Roller - 50ml",
    "category": "Drogisterij en baby",
    "price": 5.79,
    "promoPrice": null,
    "pricePerUnit": "115.8 l",
    "image": "https://www.jumbo.com/dam-images/fit-in/360x360/Products/19062025_1750350766609_1750350769295_42345145_1.png",
    "available": true,
    "promoUntil": null
  },
  {
    "id": "646186POT",
    "title": "Polli Pesto Rosso Zondroogde Tomaten en Kaas 190 g ",
    "category": "Wereldkeukens, kruiden, pasta en rijst",
    "price": 2.99,
    "promoPrice": null,
    "pricePerUnit": "15.74 kg",
    "image": "https://www.jumbo.com/dam-images/fit-in/360x360/Products/27012025_1737991945509_1737991954751_8001310810800_1.png",
    "available": true,
    "promoUntil": null
  },
  {
    "id": "685833PAK",
    "title": "Jumbo's Melkchocolade Fudge Amandel 140 g",
    "category": "Koek, snoep, chocolade en chips",
    "price": 2.99,
    "promoPrice": null,
    "pricePerUnit": "21.36 kg",
    "image": "https://www.jumbo.com/dam-images/fit-in/360x360/Products/21052025_1747816447744_1747816458391_8718452813421_596.png",
    "available": true,
    "promoUntil": null
  },
  {
    "id": "684414FLS",
    "title": "L'Oréal Paris Elvive Color Vive Kleurbeschermende Conditioner 200 ml",
    "category": "Drogisterij en baby",
    "price": 7.29,
    "promoPrice": null,
    "pricePerUnit": "36.45 l",
    "image": "https://www.jumbo.com/dam-images/fit-in/360x360/Products/09082023_1691590939789_1691590944530_3600523629879_1.png",
    "available": true,
    "promoUntil": null
  },
  {
    "id": "616348DS",
    "title": "Lindt Les Grandes Dark Noisette 150g",
    "category": "Koek, snoep, chocolade en chips",
    "price": 5.93,
    "promoPrice": null,
    "pricePerUnit": "39.53 kg",
    "image": "https://www.jumbo.com/dam-images/fit-in/360x360/Products/27022024_1709026983016_1709027020918_616348_DS_07610400066211_H1N1.png",
    "available": true,
    "promoUntil": null
  },
  {
    "id": "619535ZK",
    "title": "Mama Deli Maaltijd Orzo, Courgette, Rode Paprika & Maïs 8+ Maanden 150 g",
    "category": "Diepvries",
    "price": 1.95,
    "promoPrice": null,
    "pricePerUnit": "13.0 kg",
    "image": "https://www.jumbo.com/dam-images/fit-in/360x360/Products/25032024_1711381457014_1711381462713_8720618037886_1.png",
    "available": true,
    "promoUntil": null
  },
  {
    "id": "433953BUS",
    "title": "NIVEA MEN Cool Kick Anti-Transpirant Spray - 150ml",
    "category": "Drogisterij en baby",
    "price": 5.49,
    "promoPrice": null,
    "pricePerUnit": "36.6 l",
    "image": "https://www.jumbo.com/dam-images/fit-in/360x360/Products/16072025_1752658389416_1752658391984_4005900457509_1.png",
    "available": true,
    "promoUntil": null
  },
  {
    "id": "79143DSL",
    "title": "Waterval - Cinsaut Pinotage 6 x 750 ml",
    "category": "Bier en wijn",
    "price": 31.74,
    "promoPrice": null,
    "pricePerUnit": "7.05 l",
    "image": "https://www.jumbo.com/dam-images/fit-in/360x360/Products/14032025_1741966367718_1741966374105_16001506900581_1.png",
    "available": true,
    "promoUntil": null
  },
  {
    "id": "576964ZK",
    "title": "Organix Knijpfruit Appel, Aardbei & Bosbes 6+m",
    "category": "Drogisterij en baby",
    "price": 1.44,
    "promoPrice": null,
    "pricePerUnit": "14.4 kg",
    "image": "https://www.jumbo.com/dam-images/fit-in/360x360/Products/01032025_1740801405344_1740801420022_576964_ZK_08713500012160_C1N1.png",
    "available": true,
    "promoUntil": null
  },
  {
    "id": "582318ZK",
    "title": "Ricola Citroen Munt Suikervrij Pastilles 20 Stuks 75 g",
    "category": "Koek, snoep, chocolade en chips",
    "price": 2.56,
    "promoPrice": null,
    "pricePerUnit": "34.13 kg",
    "image": "https://www.jumbo.com/dam-images/fit-in/360x360/Products/08072025_1751938724605_1751938732845_582318_ZK_07610700019412_H1N1.png",
    "available": true,
    "promoUntil": null
  },
  {
    "id": "175751STK",
    "title": "Witte Reus Kracht Actief Oceaan 50 g",
    "category": "Huishouden en dieren",
    "price": 3.69,
    "promoPrice": null,
    "pricePerUnit": "73.8 kg",
    "image": "https://www.jumbo.com/dam-images/fit-in/360x360/Products/19062024_1718760459568_1718760466563_175751_STK_05410091734039_C1N1.png",
    "available": true,
    "promoUntil": null
  },
  {
    "id": "630277ZK",
    "title": "Stegeman Plus Salami Sticks 100 g",
    "category": "Vleeswaren, kaas en tapas",
    "price": 3.46,
    "promoPrice": null,
    "pricePerUnit": "34.6 kg",
    "image": "https://www.jumbo.com/dam-images/fit-in/360x360/Products/11092025_1757588653178_1757588666377_8710765968010_596.png",
    "available": true,
    "promoUntil": null
  },
  {
    "id": "47550PAK",
    "title": "Mentos Gum Aqua Kiss Aardbei Mandarijn Suikervrij 2-pack",
    "category": "Koek, snoep, chocolade en chips",
    "price": 2.96,
    "promoPrice": null,
    "pricePerUnit": "56.92 kg",
    "image": "https://www.jumbo.com/dam-images/fit-in/360x360/Products/07072025_1751902617161_1751902623648_8003440965610_1.png",
    "available": true,
    "promoUntil": null
  },
  {
    "id": "475991DS",
    "title": "Nestlé PyjamaPapje® Multifruit 6+ maanden baby pap 2 x 250 ml",
    "category": "Drogisterij en baby",
    "price": 2.47,
    "promoPrice": null,
    "pricePerUnit": "4.66 kg",
    "image": "https://www.jumbo.com/dam-images/fit-in/360x360/Products/18092024_1726626147116_1726626160988_475991_DS_07613287838902_H1N1_s01.png",
    "available": true,
    "promoUntil": null
  },
  {
    "id": "588450FLS",
    "title": "Mezzacorona Insieme - Pinot Grigio Spumante - 750ML",
    "category": "Bier en wijn",
    "price": 9.99,
    "promoPrice": null,
    "pricePerUnit": "13.32 l",
    "image": "https://www.jumbo.com/dam-images/fit-in/360x360/Products/08112023_1699454290812_1699454294719_8004305004345_1.png",
    "available": true,
    "promoUntil": null
  },
  {
    "id": "690383PAK",
    "title": "Verkade Reep Extra Puur Hazelnoot 90 g",
    "category": "Koek, snoep, chocolade en chips",
    "price": 2.33,
    "promoPrice": null,
    "pricePerUnit": "25.89 kg",
    "image": "https://www.jumbo.com/dam-images/fit-in/360x360/Products/07052025_1746581146398_1746581152869_690383_PAK_08710412045828_H1N1.png",
    "available": true,
    "promoUntil": null
  },
  {
    "id": "438453ZK",
    "title": "Verstegen Koenjit Gemalen Kleinverpakking 8 g",
    "category": "Wereldkeukens, kruiden, pasta en rijst",
    "price": 0.99,
    "promoPrice": null,
    "pricePerUnit": "123.75 kg",
    "image": "https://www.jumbo.com/dam-images/fit-in/360x360/Products/438453_8712200090881_1_T1_438453ZK1691185177312.png",
    "available": true,
    "promoUntil": null
  },
  {
    "id": "142996POT",
    "title": "Verstegen Korianderblad 9 g",
    "category": "Wereldkeukens, kruiden, pasta en rijst",
    "price": 2.59,
    "promoPrice": null,
    "pricePerUnit": "287.78 kg",
    "image": "https://www.jumbo.com/dam-images/fit-in/360x360/Products/26082025_1756171751456_1756171755514_142996_POT_08712200953933_C1N1.png",
    "available": true,
    "promoUntil": null
  },
  {
    "id": "412373ZK",
    "title": "Willy Nacho Tortilla Chips Salted 200 g",
    "category": "Wereldkeukens, kruiden, pasta en rijst",
    "price": 1.79,
    "promoPrice": null,
    "pricePerUnit": "8.95 kg",
    "image": "https://www.jumbo.com/dam-images/fit-in/360x360/Products/14022024_1707872590291_1707872616283_8719324820417_1.png",
    "available": true,
    "promoUntil": null
  },
  {
    "id": "451581DS",
    "title": "Lindt Excellence Mild Dark 100 g",
    "category": "Koek, snoep, chocolade en chips",
    "price": 3.95,
    "promoPrice": null,
    "pricePerUnit": "39.5 kg",
    "image": "https://www.jumbo.com/dam-images/fit-in/360x360/Products/15112024_1731641494035_1731641521077_451581_DS_03046920029780_H1N1.png",
    "available": true,
    "promoUntil": null
  },
  {
    "id": "74960PAK",
    "title": "Nestlé Yogolino® Peer 6+ maanden baby toetje 4 x 100 g",
    "category": "Drogisterij en baby",
    "price": 3.22,
    "promoPrice": null,
    "pricePerUnit": "8.05 kg",
    "image": "https://www.jumbo.com/dam-images/fit-in/360x360/Products/05092025_1757040130197_1757040188036_74960_PAK_07613033542619_H1N1_s01.png",
    "available": true,
    "promoUntil": null
  },
  {
    "id": "568925STK",
    "title": "Texels - Zeebries Blond - Fles - 6 x 300ML",
    "category": "Bier en wijn",
    "price": 11.94,
    "promoPrice": null,
    "pricePerUnit": "None None",
    "image": "https://www.jumbo.com/dam-images/fit-in/360x360/Products/568925_20222130_1_T1_568925STK1691078304828.png",
    "available": true,
    "promoUntil": null
  },
  {
    "id": "710345POT",
    "title": "Smaakt Bio Vegan Curry 370 g",
    "category": "Wereldkeukens, kruiden, pasta en rijst",
    "price": 5.99,
    "promoPrice": null,
    "pricePerUnit": "16.19 kg",
    "image": "https://www.jumbo.com/dam-images/fit-in/360x360/Products/04082025_1754296371917_1754296379502_8719153031725_1.png",
    "available": true,
    "promoUntil": null
  },
  {
    "id": "623941POT",
    "title": "Smaakt Bio Zuurkool Gember & Kurkuma 350 g",
    "category": "Aardappelen, groente en fruit",
    "price": 2.39,
    "promoPrice": null,
    "pricePerUnit": "6.83 kg",
    "image": "https://www.jumbo.com/dam-images/fit-in/360x360/Products/14022025_1739539215617_1739539225695_8719153030018_1.png",
    "available": true,
    "promoUntil": null
  },
  {
    "id": "471623STK",
    "title": "TOCO-THOLIN Druppels (etherische oliën, homeopathisch middel), 6 ml",
    "category": "Drogisterij en baby",
    "price": 5.69,
    "promoPrice": null,
    "pricePerUnit": "948.33 l",
    "image": "https://www.jumbo.com/dam-images/fit-in/360x360/Products/24092025_1758672061593_1758672064652_8711784000026_1.png",
    "available": true,
    "promoUntil": null
  },
  {
    "id": "667142BLK",
    "title": "XOXO Red Berries Sparkling Soda 330ML",
    "category": "Frisdrank en sappen",
    "price": 1.79,
    "promoPrice": null,
    "pricePerUnit": "5.42 l",
    "image": "https://www.jumbo.com/dam-images/fit-in/360x360/Products/03122024_1733227873841_1733227876963_667142_BLK_05065015569084_C1N1.png",
    "available": true,
    "promoUntil": null
  },
  {
    "id": "569105ZK",
    "title": "Klene Zeezout Waterwerken 170g",
    "category": "Koek, snoep, chocolade en chips",
    "price": 2.96,
    "promoPrice": null,
    "pricePerUnit": "17.41 kg",
    "image": "https://www.jumbo.com/dam-images/fit-in/360x360/Products/03062024_1717414524956_1717414528598_8723400799115_1.png",
    "available": true,
    "promoUntil": null
  },
  {
    "id": "586890TRA",
    "title": "Jumbo's Glutenvrije Ricotta Spinazie Ravioli 250 g",
    "category": "Wereldkeukens, kruiden, pasta en rijst",
    "price": 3.39,
    "promoPrice": null,
    "pricePerUnit": "13.56 kg",
    "image": "https://www.jumbo.com/dam-images/fit-in/360x360/Products/23092024_1727091277924_1727091290573_8718452832668_1.png",
    "available": true,
    "promoUntil": null
  },
  {
    "id": "706835PAK",
    "title": "KitKat Tablet Dubbel Chocolade 99g",
    "category": "Koek, snoep, chocolade en chips",
    "price": 1.97,
    "promoPrice": null,
    "pricePerUnit": "19.9 kg",
    "image": "https://www.jumbo.com/dam-images/fit-in/360x360/Products/26062025_1750941543782_1750941554181_706835_PAK_03800020491416_H1N1_s01.png",
    "available": true,
    "promoUntil": null
  },
  {
    "id": "707185BLK",
    "title": "Lavish Strawberry Vanilla 250ML",
    "category": "Bier en wijn",
    "price": 3.95,
    "promoPrice": null,
    "pricePerUnit": "15.8 l",
    "image": "https://www.jumbo.com/dam-images/fit-in/360x360/Products/11072025_1752197949303_1752197955009_707185_BLK_08720256518259_C1N1.png",
    "available": true,
    "promoUntil": null
  },
  {
    "id": "523127FLS",
    "title": "Offley - White Porto - 750ML",
    "category": "Bier en wijn",
    "price": 8.99,
    "promoPrice": null,
    "pricePerUnit": "11.99 l",
    "image": "https://www.jumbo.com/dam-images/fit-in/360x360/Products/19122024_1734573684128_1734573686290_523127_FLS_05601034002500_C1N1.png",
    "available": true,
    "promoUntil": null
  },
  {
    "id": "437076FLS",
    "title": "Mogu Mogu Zwarte Bessensmaak met Nata de Coco 1 L",
    "category": "Frisdrank en sappen",
    "price": 4.25,
    "promoPrice": null,
    "pricePerUnit": "4.25 l",
    "image": "https://www.jumbo.com/dam-images/fit-in/360x360/Products/15112023_1700015237950_1700015252650_437076_FLS_08850389117088_C1N1.png",
    "available": true,
    "promoUntil": null
  },
  {
    "id": "171455POT",
    "title": "Olvarit 6+ Maanden Tomaat Rundvlees Aardappel 200g",
    "category": "Drogisterij en baby",
    "price": 1.48,
    "promoPrice": null,
    "pricePerUnit": "7.4 kg",
    "image": "https://www.jumbo.com/dam-images/fit-in/360x360/Products/11072024_1720665466755_1720665471983_171455_POT_05900852926426_C1N1.png",
    "available": true,
    "promoUntil": null
  },
  {
    "id": "489028FLS",
    "title": "Mr Muscle Badkamerreiniger Spray",
    "category": "Huishouden en dieren",
    "price": 3.59,
    "promoPrice": null,
    "pricePerUnit": "7.18 l",
    "image": "https://www.jumbo.com/dam-images/fit-in/360x360/Products/24032024_1711248708325_1711248712463_489028_FLS_05000204183139_C1N1.png",
    "available": true,
    "promoUntil": null
  },
  {
    "id": "306105DS",
    "title": "Original Wagner Sensazione Tonno 340 g",
    "category": "Diepvries",
    "price": 3.99,
    "promoPrice": null,
    "pricePerUnit": "11.74 kg",
    "image": "https://www.jumbo.com/dam-images/fit-in/360x360/Products/27082024_1724720724087_1724720735553_306105_DS_07613036432955_C1N1_s04.png",
    "available": true,
    "promoUntil": null
  },
  {
    "id": "566376DS",
    "title": "Nutrilon 6 Peuterplusmelk 3+ Jaar 400g",
    "category": "Drogisterij en baby",
    "price": 10.39,
    "promoPrice": null,
    "pricePerUnit": "25.98 kg",
    "image": "https://www.jumbo.com/dam-images/fit-in/360x360/Products/18032025_1742266270012_1742266278044_566376_DS_08712400111119_C1N1_s01.png",
    "available": true,
    "promoUntil": null
  },
  {
    "id": "172238POT",
    "title": "Olvarit Spaghetti Bolognese 8+ Maanden 200 g",
    "category": "Drogisterij en baby",
    "price": 1.48,
    "promoPrice": null,
    "pricePerUnit": "7.4 kg",
    "image": "https://www.jumbo.com/dam-images/fit-in/360x360/Products/172238_5900852926693_1_T1_172238POT1691315197852.png",
    "available": true,
    "promoUntil": null
  },
  {
    "id": "633621DS",
    "title": "Patak's Tikka Masala Paste 80g",
    "category": "Wereldkeukens, kruiden, pasta en rijst",
    "price": 2.39,
    "promoPrice": null,
    "pricePerUnit": "29.88 kg",
    "image": "https://www.jumbo.com/dam-images/fit-in/360x360/Products/15102024_1728962166044_1728962184810_633621_DS_05011308956031_C1N1.png",
    "available": true,
    "promoUntil": null
  },
  {
    "id": "703103DS",
    "title": "Pick Up! Choco & Milk 4 Stuks",
    "category": "Koek, snoep, chocolade en chips",
    "price": 2.79,
    "promoPrice": null,
    "pricePerUnit": "24.91 kg",
    "image": "https://www.jumbo.com/dam-images/fit-in/360x360/Products/04062025_1749040969436_1749040976246_703103_DS_04017100272912_C1N1.png",
    "available": true,
    "promoUntil": null
  },
  {
    "id": "675758DS",
    "title": "Philips Led Spot 25W GU10",
    "category": "Non-food en servicebalie",
    "price": 5.73,
    "promoPrice": null,
    "pricePerUnit": "5.73 pieces",
    "image": "https://www.jumbo.com/dam-images/fit-in/360x360/Products/23092025_1758585661129_1758585666608_8718699773656_1.png",
    "available": true,
    "promoUntil": null
  },
  {
    "id": "492831DS",
    "title": "Rummo Lasagne All'Uovo N° 173 500 g",
    "category": "Wereldkeukens, kruiden, pasta en rijst",
    "price": 3.29,
    "promoPrice": null,
    "pricePerUnit": "6.58 kg",
    "image": "https://www.jumbo.com/dam-images/fit-in/360x360/Products/10082023_1691676799492_1691676809888_8008343201735_1.png",
    "available": true,
    "promoUntil": null
  },
  {
    "id": "616666TUB",
    "title": "elmex® Anti-Cariës Junior Tandpasta 75ML",
    "category": "Drogisterij en baby",
    "price": 3.99,
    "promoPrice": null,
    "pricePerUnit": "53.2 l",
    "image": "https://www.jumbo.com/dam-images/fit-in/360x360/Products/21032025_1742523308624_1742523311524_616666_TUB_08718951651753_C1N1.png",
    "available": true,
    "promoUntil": null
  },
  {
    "id": "576813STK",
    "title": "Organix Bio Mango, Pear & Granola 6+ Months 100 g",
    "category": "Drogisterij en baby",
    "price": 1.44,
    "promoPrice": null,
    "pricePerUnit": "14.4 kg",
    "image": "https://www.jumbo.com/dam-images/fit-in/360x360/Products/23042025_1745397188229_1745397205370_8713500011538_596.png",
    "available": true,
    "promoUntil": null
  },
  {
    "id": "677304DS",
    "title": "Leerdammer Original Smeerkaas 125g",
    "category": "Vleeswaren, kaas en tapas",
    "price": 2.09,
    "promoPrice": null,
    "pricePerUnit": "16.72 kg",
    "image": "https://www.jumbo.com/dam-images/fit-in/360x360/Products/08042025_1744101185190_1744101190548_3228022240120_1.png",
    "available": true,
    "promoUntil": null
  },
  {
    "id": "615373DS",
    "title": "Toppits Airfryer Papier 20 Stuks",
    "category": "Huishouden en dieren",
    "price": 3.15,
    "promoPrice": null,
    "pricePerUnit": "0.16 pieces",
    "image": "https://www.jumbo.com/dam-images/fit-in/360x360/Products/14052025_1747229626774_1747229633359_4008871220356_1.png",
    "available": true,
    "promoUntil": null
  },
  {
    "id": "543628DSL",
    "title": "Whiskas 1+ Kattenvoer- Tasty Mix - Keuze van de Chef in saus - 4 x 12 maaltijdzakjes",
    "category": "Huishouden en dieren",
    "price": 22.88,
    "promoPrice": null,
    "pricePerUnit": "0.48 pieces",
    "image": "https://www.jumbo.com/dam-images/fit-in/360x360/Products/4770608262198c9d04e27-88e2-43eb-809d-9ccfacdd5ba6-1747047816230.png",
    "available": true,
    "promoUntil": null
  },
  {
    "id": "190660CUP",
    "title": "Sheba Kattenvoer Classic - Adult - Natvoer - Kip - kuipje 85g",
    "category": "Huishouden en dieren",
    "price": 0.84,
    "promoPrice": null,
    "pricePerUnit": "9.88 kg",
    "image": "https://www.jumbo.com/dam-images/fit-in/360x360/Products/26032024_1711445596202_1711445617404_4008429164804_596.png",
    "available": true,
    "promoUntil": null
  },
  {
    "id": "506634DS",
    "title": "Shiepz nachtrust 3 in1 liquid caps, 30 stuks",
    "category": "Drogisterij en baby",
    "price": 15.99,
    "promoPrice": null,
    "pricePerUnit": "0.53 pieces",
    "image": "https://www.jumbo.com/dam-images/fit-in/360x360/Products/24092025_1758672108985_1758672114644_8711744053642_1.png",
    "available": true,
    "promoUntil": null
  },
  {
    "id": "665559ZK",
    "title": "Warheads Super Sour Bubble Gum Pops 7 x 15 g",
    "category": "Koek, snoep, chocolade en chips",
    "price": 1.79,
    "promoPrice": null,
    "pricePerUnit": "17.05 kg",
    "image": "https://www.jumbo.com/dam-images/fit-in/360x360/Products/01072025_1751380370352_1751380379753_8411402292085_1.png",
    "available": true,
    "promoUntil": null
  },
  {
    "id": "603642FLS",
    "title": "Westmalle - Trappist Extra - Fles - 330ML",
    "category": "Bier en wijn",
    "price": 2.09,
    "promoPrice": null,
    "pricePerUnit": "6.33 l",
    "image": "https://www.jumbo.com/dam-images/fit-in/360x360/Products/03012024_1704267242216_1704267247532_5412343000749_1.png",
    "available": true,
    "promoUntil": null
  },
  {
    "id": "553204ZK",
    "title": "Zwitsal Billendoekjes Water & Care 52 Stuks",
    "category": "Drogisterij en baby",
    "price": 3.39,
    "promoPrice": null,
    "pricePerUnit": "0.07 pieces",
    "image": "https://www.jumbo.com/dam-images/fit-in/360x360/Products/23092025_1758596010154_1758596052712_553204_ZK_08720181264269_H1N1.png",
    "available": true,
    "promoUntil": null
  },
  {
    "id": "399989DS",
    "title": "NIVEA Verzachtende Dagcrème SPF15 - 50ml - Hydraterend - Natuurlijke druivenpitolie - Geen Parfum - Gevoelige huid",
    "category": "Drogisterij en baby",
    "price": 11.99,
    "promoPrice": null,
    "pricePerUnit": "239.8 l",
    "image": "https://www.jumbo.com/dam-images/fit-in/360x360/Products/18082025_1755534796618_1755534799702_4005900738820_1.png",
    "available": true,
    "promoUntil": null
  },
  {
    "id": "570743ZK",
    "title": "Santa Maria Dip Mix Cheese Mild 16 g",
    "category": "Wereldkeukens, kruiden, pasta en rijst",
    "price": 0.99,
    "promoPrice": null,
    "pricePerUnit": "61.88 kg",
    "image": "https://www.jumbo.com/dam-images/fit-in/360x360/Products/13092025_1757729713402_1757729736598_570743_ZK_.png",
    "available": true,
    "promoUntil": null
  },
  {
    "id": "569140ZK",
    "title": "Klene Drop Puur Zoethout 180g",
    "category": "Koek, snoep, chocolade en chips",
    "price": 2.96,
    "promoPrice": null,
    "pricePerUnit": "16.44 kg",
    "image": "https://www.jumbo.com/dam-images/fit-in/360x360/Products/07072025_1751902620102_1751902624024_8723400799191_1.png",
    "available": true,
    "promoUntil": null
  },
  {
    "id": "544656ZK",
    "title": "Klene Muntdrop 1 x 210 g",
    "category": "Koek, snoep, chocolade en chips",
    "price": 2.66,
    "promoPrice": null,
    "pricePerUnit": "12.67 kg",
    "image": "https://www.jumbo.com/dam-images/fit-in/360x360/Products/07072025_1751902619707_1751902623694_8723400798897_1.png",
    "available": true,
    "promoUntil": null
  },
  {
    "id": "695353ZK",
    "title": "Klene Snoep Drop Dropfruit Smakkers 200 g",
    "category": "Koek, snoep, chocolade en chips",
    "price": 2.66,
    "promoPrice": null,
    "pricePerUnit": "13.3 kg",
    "image": "https://www.jumbo.com/dam-images/fit-in/360x360/Products/25042025_1745570786364_1745570789287_695353_ZK_08723400829812_A1N1.png",
    "available": true,
    "promoUntil": null
  },
  {
    "id": "686073FLS",
    "title": "Mezzacorona - 8% Pinot Grigio Rosé - 750ML",
    "category": "Bier en wijn",
    "price": 6.79,
    "promoPrice": null,
    "pricePerUnit": "9.05 l",
    "image": "https://www.jumbo.com/dam-images/fit-in/360x360/Products/28052025_1748399069722_1748399074208_686073_FLS_08004305004819_C1N1.png",
    "available": true,
    "promoUntil": null
  },
  {
    "id": "397318STK",
    "title": "Olvarit Fruitpotjes 12+ maanden 4 x 200g",
    "category": "Drogisterij en baby",
    "price": 5.76,
    "promoPrice": null,
    "pricePerUnit": "None None",
    "image": "https://www.jumbo.com/dam-images/fit-in/360x360/Products/397318STK332aee6c1-d310-48e6-8bde-18026d62053b-1715769778056.png",
    "available": true,
    "promoUntil": null
  },
  {
    "id": "566771BLK",
    "title": "Minerva Makreelfilet met Groente in Pittige Olijfolie 120 g",
    "category": "Vleeswaren, kaas en tapas",
    "price": 3.99,
    "promoPrice": null,
    "pricePerUnit": "46.94 kg",
    "image": "https://www.jumbo.com/dam-images/fit-in/360x360/Products/14022024_1707873977083_1707873984507_5606677102099_1.png",
    "available": true,
    "promoUntil": null
  },
  {
    "id": "521127FLS",
    "title": "Mogu Mogu Ananassmaak met Nata de Coco 320 ml",
    "category": "Frisdrank en sappen",
    "price": 1.63,
    "promoPrice": null,
    "pricePerUnit": "5.09 l",
    "image": "https://www.jumbo.com/dam-images/fit-in/360x360/Products/27022024_1709048048387_1709048054868_8850389116951_1.png",
    "available": true,
    "promoUntil": null
  },
  {
    "id": "695635BLK",
    "title": "Nocco Ramonade 250ML",
    "category": "Frisdrank en sappen",
    "price": 1.79,
    "promoPrice": null,
    "pricePerUnit": "7.16 l",
    "image": "https://www.jumbo.com/dam-images/fit-in/360x360/Products/10072025_1752113008009_1752113017527_695635_BLK_07340131605631_C1N1.png",
    "available": true,
    "promoUntil": null
  },
  {
    "id": "134841FLS",
    "title": "Trappistes Rochefort - Bier 10 Quadruppel - Fles - 330ML",
    "category": "Bier en wijn",
    "price": 3.49,
    "promoPrice": null,
    "pricePerUnit": "10.58 l",
    "image": "https://www.jumbo.com/dam-images/fit-in/360x360/Products/09082023_1691585357411_1691585361236_5412858000104_1.png",
    "available": true,
    "promoUntil": null
  },
  {
    "id": "454898PAK",
    "title": "Nestlé LITTLE STEPS® Peutermelk 3+ jaar 1 L",
    "category": "Drogisterij en baby",
    "price": 2.27,
    "promoPrice": null,
    "pricePerUnit": "2.27 l",
    "image": "https://www.jumbo.com/dam-images/fit-in/360x360/Products/23092025_1758592593466_1758592595556_454898_PAK_07613287876706_C1N1.png",
    "available": true,
    "promoUntil": null
  },
  {
    "id": "634108BLK",
    "title": "Two Chefs Brewing - Green Bullet India Pale Ale - Blik - 330 ML",
    "category": "Bier en wijn",
    "price": 2.99,
    "promoPrice": null,
    "pricePerUnit": "9.06 l",
    "image": "https://www.jumbo.com/dam-images/fit-in/360x360/Products/12122024_1734014726122_1734014734057_8720726561037_1.png",
    "available": true,
    "promoUntil": null
  },
  {
    "id": "225907STK",
    "title": "Look-O-Look Zure Regenboog Streken Vegan 20 stuks",
    "category": "Koek, snoep, chocolade en chips",
    "price": 2.27,
    "promoPrice": null,
    "pricePerUnit": "18.16 kg",
    "image": "https://www.jumbo.com/dam-images/fit-in/360x360/Products/07072025_1751902617998_1751902623966_8713600098866_1.png",
    "available": true,
    "promoUntil": null
  },
  {
    "id": "710998DS",
    "title": "Purina One Hydralife Kip 6 x 50g",
    "category": "Huishouden en dieren",
    "price": 3.95,
    "promoPrice": null,
    "pricePerUnit": "13.17 kg",
    "image": "https://www.jumbo.com/dam-images/fit-in/360x360/Products/23072025_1753258830336_1753258849810_710998_DS_08445291547001_C1N1_s01.png",
    "available": true,
    "promoUntil": null
  },
  {
    "id": "310312STK",
    "title": "Lutti Draculatanden 200 g",
    "category": "Koek, snoep, chocolade en chips",
    "price": 2.19,
    "promoPrice": null,
    "pricePerUnit": "10.95 kg",
    "image": "https://www.jumbo.com/dam-images/fit-in/360x360/Products/21112024_1732214164504_1732214174830_3116740024620_1.png",
    "available": true,
    "promoUntil": null
  },
  {
    "id": "91618ZK",
    "title": "Silvo Mix voor Rundvlees 22 g",
    "category": "Wereldkeukens, kruiden, pasta en rijst",
    "price": 1.88,
    "promoPrice": null,
    "pricePerUnit": "85.45 kg",
    "image": "https://www.jumbo.com/dam-images/fit-in/360x360/Products/24062024_1719235998406_1719236006219_8715500041799_1.png",
    "available": true,
    "promoUntil": null
  },
  {
    "id": "523521DS",
    "title": "Knorr Tomaten Penne 300 g",
    "category": "Wereldkeukens, kruiden, pasta en rijst",
    "price": 2.66,
    "promoPrice": null,
    "pricePerUnit": "8.87 kg",
    "image": "https://www.jumbo.com/dam-images/fit-in/360x360/Products/19092025_1758288803374_1758288809701_8720182524836_1.png",
    "available": true,
    "promoUntil": null
  },
  {
    "id": "696484POT",
    "title": "Koningsvogel Sambal Manis 280 g",
    "category": "Wereldkeukens, kruiden, pasta en rijst",
    "price": 3.65,
    "promoPrice": null,
    "pricePerUnit": "13.04 kg",
    "image": "https://www.jumbo.com/dam-images/fit-in/360x360/Products/02052025_1746168797895_1746168803811_696484_POT_08718719362037_C1N1.png",
    "available": true,
    "promoUntil": null
  },
  {
    "id": "576810STK",
    "title": "Organix Bio Apple, Strawberry & Quinoa 12+ Months 100 g",
    "category": "Drogisterij en baby",
    "price": 1.31,
    "promoPrice": null,
    "pricePerUnit": "13.1 kg",
    "image": "https://www.jumbo.com/dam-images/fit-in/360x360/Products/23042025_1745397188272_1745397205970_8713500011880_596.png",
    "available": true,
    "promoUntil": null
  },
  {
    "id": "85063STK",
    "title": "Kindly's Zoete Herinneringen Zwart Wit Zoet XL 150 g",
    "category": "Koek, snoep, chocolade en chips",
    "price": 2.49,
    "promoPrice": null,
    "pricePerUnit": "16.6 kg",
    "image": "https://www.jumbo.com/dam-images/fit-in/360x360/Products/85063_8712514005328_1_T1_85063STK1691391029734.png",
    "available": true,
    "promoUntil": null
  },
  {
    "id": "668856FLS",
    "title": "Lowlander Lemon & Elderflower 330ML",
    "category": "Bier en wijn",
    "price": 2.69,
    "promoPrice": null,
    "pricePerUnit": "8.15 l",
    "image": "https://www.jumbo.com/dam-images/fit-in/360x360/Products/01022025_1738384466038_1738384468940_668856_FLS_08720618787668_C1N1.png",
    "available": true,
    "promoUntil": null
  },
  {
    "id": "174644POT",
    "title": "Olvarit 12+ Maanden Appel Peer Framboos 200g",
    "category": "Drogisterij en baby",
    "price": 1.44,
    "promoPrice": null,
    "pricePerUnit": "7.2 kg",
    "image": "https://www.jumbo.com/dam-images/fit-in/360x360/Products/07112023_1699353425552_1699353433187_8591119001948_1.png",
    "available": true,
    "promoUntil": null
  },
  {
    "id": "171470POT",
    "title": "Olvarit 4+ Maanden Bloemkool 125g",
    "category": "Drogisterij en baby",
    "price": 1.08,
    "promoPrice": null,
    "pricePerUnit": "8.64 kg",
    "image": "https://www.jumbo.com/dam-images/fit-in/360x360/Products/10112023_1699608790984_1699608808090_5900852926556_1.png",
    "available": true,
    "promoUntil": null
  },
  {
    "id": "437126ZK",
    "title": "Verstegen Foelie Gemalen Kleinverpakking 5 g",
    "category": "Wereldkeukens, kruiden, pasta en rijst",
    "price": 1.63,
    "promoPrice": null,
    "pricePerUnit": "326.0 kg",
    "image": "https://www.jumbo.com/dam-images/fit-in/360x360/Products/437126_8712200091055_1_T1_437126ZK1691166347677.png",
    "available": true,
    "promoUntil": null
  },
  {
    "id": "206793STK",
    "title": "NIVEA Rich Care Shower Oil -  Hydraterende doucheolie - Met Vitamine C en E - 200ml",
    "category": "Drogisterij en baby",
    "price": 7.69,
    "promoPrice": null,
    "pricePerUnit": "38.45 l",
    "image": "https://www.jumbo.com/dam-images/fit-in/360x360/Products/07082025_1754530280539_1754530282588_206793_STK_04005900804280_C1N1.png",
    "available": true,
    "promoUntil": null
  },
  {
    "id": "610854DS",
    "title": "Robijn Klein & Krachtig Classics Vloeibaar Wasmiddel Black Velvet 2 x 34 wasbeurten",
    "category": "Huishouden en dieren",
    "price": 37.6,
    "promoPrice": null,
    "pricePerUnit": "0.55 wb",
    "image": "https://www.jumbo.com/dam-images/fit-in/360x360/Products/15082025_1755222500460_1755222504568_610854_DS_08720182810137_H1N1.png",
    "available": true,
    "promoUntil": null
  },
  {
    "id": "627847ZK",
    "title": "Vanish Oxi Action Whitening Booster Poeder - Vlekverwijderaar Voor Witte Was - 250 g",
    "category": "Huishouden en dieren",
    "price": 4.99,
    "promoPrice": null,
    "pricePerUnit": "19.96 kg",
    "image": "https://www.jumbo.com/dam-images/fit-in/360x360/Products/10072025_1752112030840_1752112035144_627847_ZK_04251758407078_C1N1.png",
    "available": true,
    "promoUntil": null
  },
  {
    "id": "703545DS",
    "title": "Magnum Mini Ijslolly Classic 3 x 55 ml",
    "category": "Diepvries",
    "price": 3.19,
    "promoPrice": null,
    "pricePerUnit": "19.33 l",
    "image": "https://www.jumbo.com/dam-images/fit-in/360x360/Products/01092025_1756722869633_1756722872359_8711327675537_1.png",
    "available": true,
    "promoUntil": null
  },
  {
    "id": "677597STK",
    "title": "Jute Zak Groot",
    "category": "Non-food en servicebalie",
    "price": 2.99,
    "promoPrice": null,
    "pricePerUnit": "2.99 pieces",
    "image": "",
    "available": true,
    "promoUntil": null
  },
  {
    "id": "703562BAK",
    "title": "Jumbo's Vriesvers Maaltijden Couscous Vegan 450g",
    "category": "Diepvries",
    "price": 5.99,
    "promoPrice": null,
    "pricePerUnit": "13.31 kg",
    "image": "https://www.jumbo.com/dam-images/fit-in/360x360/Products/08718452926725T5961159389686796eb15-a787-4cf0-972c-dee2d8e69b3b-1758531036469.png",
    "available": true,
    "promoUntil": null
  },
  {
    "id": "703443BAK",
    "title": "Jumbo's Vriesvers Maaltijden Spaghetti Bolognese 450g",
    "category": "Diepvries",
    "price": 5.99,
    "promoPrice": null,
    "pricePerUnit": "13.31 kg",
    "image": "https://www.jumbo.com/dam-images/fit-in/360x360/Products/08718452926602T59611600133621d544be-29fc-4fba-85b5-744a4d82b21a-1758531032390.png",
    "available": true,
    "promoUntil": null
  },
  {
    "id": "637439ZK",
    "title": "Lamb Weston Grill Fries 500g",
    "category": "Diepvries",
    "price": 2.96,
    "promoPrice": null,
    "pricePerUnit": "5.92 kg",
    "image": "https://www.jumbo.com/dam-images/fit-in/360x360/Products/30072024_1722303173987_1722303180878_637439_ZK_08711571093934_C1N1.png",
    "available": true,
    "promoUntil": null
  },
  {
    "id": "667401ZK",
    "title": "Lay's Ribbel Chips Knoflook & Kruiden 185 gr",
    "category": "Koek, snoep, chocolade en chips",
    "price": 2.39,
    "promoPrice": null,
    "pricePerUnit": "12.92 kg",
    "image": "https://www.jumbo.com/dam-images/fit-in/360x360/Products/08072025_1751940537677_1751940549001_667401_ZK_08710398531476_C1N1.png",
    "available": true,
    "promoUntil": null
  },
  {
    "id": "172906ZK",
    "title": "Milka Chocoladereep LU 87g",
    "category": "Koek, snoep, chocolade en chips",
    "price": 2.06,
    "promoPrice": null,
    "pricePerUnit": "23.68 kg",
    "image": "https://www.jumbo.com/dam-images/fit-in/360x360/Products/05082025_1754408012888_1754408020428_7622300787844_596.png",
    "available": true,
    "promoUntil": null
  },
  {
    "id": "623799ZK",
    "title": "Look-O-Look Zure Kabels Mix Vegan 110g",
    "category": "",
    "price": 2.47,
    "promoPrice": null,
    "pricePerUnit": "22.45 kg",
    "image": "https://www.jumbo.com/dam-images/fit-in/360x360/Products/10072024_1720600757959_1720600762430_8723400829058_1.png",
    "available": true,
    "promoUntil": null
  },
  {
    "id": "542920BLK",
    "title": "Moersleutel - Motor Oil Imperial Stout - Blik - 440ML",
    "category": "Bier en wijn",
    "price": 5.79,
    "promoPrice": null,
    "pricePerUnit": "13.16 l",
    "image": "https://www.jumbo.com/dam-images/fit-in/360x360/Products/20092025_1758331541566_1758331543938_542920_BLK_08720615261277_C1N1.png",
    "available": true,
    "promoUntil": null
  },
  {
    "id": "208330FLS",
    "title": "TerraPura - Reserva - Carménère - 750 ML",
    "category": "Bier en wijn",
    "price": 6.49,
    "promoPrice": null,
    "pricePerUnit": "8.65 l",
    "image": "https://www.jumbo.com/dam-images/fit-in/360x360/Products/09082023_1691586972951_1691586982276_7804616090072_1.png",
    "available": true,
    "promoUntil": null
  },
  {
    "id": "487365STK",
    "title": "Pit Master Home BBQ Schoonmaakborstel",
    "category": "Non-food en servicebalie",
    "price": 3.49,
    "promoPrice": null,
    "pricePerUnit": "3.49 pieces",
    "image": "https://www.jumbo.com/dam-images/fit-in/360x360/Products/28092023_1695920973865_1695920976870_7422249667678_1.png",
    "available": true,
    "promoUntil": null
  },
  {
    "id": "197436STK",
    "title": "Mentos Gum Pure Fresh Cherry Suikervrij Pot 50 stuks ",
    "category": "Koek, snoep, chocolade en chips",
    "price": 4.94,
    "promoPrice": null,
    "pricePerUnit": "49.4 kg",
    "image": "https://www.jumbo.com/dam-images/fit-in/360x360/Products/07072025_1751902633966_1751902638396_80874669_1.png",
    "available": true,
    "promoUntil": null
  },
  {
    "id": "89040PAK",
    "title": "Nutrilon Content 2 Opvolgmelk - Baby 6-12 Maanden 800g",
    "category": "Drogisterij en baby",
    "price": 18.8,
    "promoPrice": null,
    "pricePerUnit": "23.5 kg",
    "image": "https://www.jumbo.com/dam-images/fit-in/360x360/Products/28082025_1756398807282_1756398810292_8712400110334_1.png",
    "available": true,
    "promoUntil": null
  },
  {
    "id": "638245BLK",
    "title": "Oedipus Polyamorie Mango Sour Blik 330 ml",
    "category": "Bier en wijn",
    "price": 3.39,
    "promoPrice": null,
    "pricePerUnit": "10.27 l",
    "image": "https://www.jumbo.com/dam-images/fit-in/360x360/Products/21082025_1755761587274_1755761592109_8720618833945_1.png",
    "available": true,
    "promoUntil": null
  },
  {
    "id": "470972PAK",
    "title": "Purina ONE® Adult Rijk aan Kip en Sperziebonen / Rund en Wortels in Saus kattenvoer nat 8x85g",
    "category": "Huishouden en dieren",
    "price": 6.89,
    "promoPrice": null,
    "pricePerUnit": "10.13 kg",
    "image": "https://www.jumbo.com/dam-images/fit-in/360x360/Products/23092025_1758590853574_1758590898712_470972_PAK_07613039167281_C1N1_s03.png",
    "available": true,
    "promoUntil": null
  },
  {
    "id": "437199ZK",
    "title": "Verstegen Kruidenmix Macaroni & Spaghetti Pittig voor 2 personen 15 g",
    "category": "Wereldkeukens, kruiden, pasta en rijst",
    "price": 1.14,
    "promoPrice": null,
    "pricePerUnit": "76.0 kg",
    "image": "https://www.jumbo.com/dam-images/fit-in/360x360/Products/10082023_1691675621946_1691675632879_8712200090256_1.png",
    "available": true,
    "promoUntil": null
  },
  {
    "id": "237952STK",
    "title": "Verstegen Kurkuma Gemalen 47 g",
    "category": "Wereldkeukens, kruiden, pasta en rijst",
    "price": 3.28,
    "promoPrice": null,
    "pricePerUnit": "69.79 kg",
    "image": "https://www.jumbo.com/dam-images/fit-in/360x360/Products/30082024_1724985345096_1724985349025_237952_STK_08712200068149_C1N1.png",
    "available": true,
    "promoUntil": null
  },
  {
    "id": "623494STK",
    "title": "WeCare Crispy Crackers 2 x 10 Stuks 100 g",
    "category": "Koek, snoep, chocolade en chips",
    "price": 3.55,
    "promoPrice": null,
    "pricePerUnit": "35.5 kg",
    "image": "https://www.jumbo.com/dam-images/fit-in/360x360/Products/02062025_1748867607677_1748867616117_5410063042308_1.png",
    "available": true,
    "promoUntil": null
  },
  {
    "id": "579325DS",
    "title": "Van der Meulen Joy of Melba Toast Volkoren Rondjes 90 g",
    "category": "Koek, snoep, chocolade en chips",
    "price": 1.67,
    "promoPrice": null,
    "pricePerUnit": "18.56 kg",
    "image": "https://www.jumbo.com/dam-images/fit-in/360x360/Products/28062024_1719570855184_1719570863334_8710649121456_1.png",
    "available": true,
    "promoUntil": null
  },
  {
    "id": "161104BLK",
    "title": "Smint Clean Breath Peppermint Suikervrij Blikje 50 stuks",
    "category": "Koek, snoep, chocolade en chips",
    "price": 2.45,
    "promoPrice": null,
    "pricePerUnit": "70.0 kg",
    "image": "https://www.jumbo.com/dam-images/fit-in/360x360/Products/11072024_1720660815601_1720660823816_161104_BLK_08410031959819_H1N1.png",
    "available": true,
    "promoUntil": null
  },
  {
    "id": "679982BLK",
    "title": "La Croix Gearomatiseerd Sprankelend Water Lime 355 ML",
    "category": "Wereldkeukens, kruiden, pasta en rijst",
    "price": 1.49,
    "promoPrice": null,
    "pricePerUnit": "4.2 l",
    "image": "https://www.jumbo.com/dam-images/fit-in/360x360/Products/14022025_1739539858676_1739539863487_679982_BLK_00073360237515_C1N1.png",
    "available": true,
    "promoUntil": null
  },
  {
    "id": "363652ZK",
    "title": "Lassie Voorgestoomde Quinoa kant & klaar 250 gram",
    "category": "Wereldkeukens, kruiden, pasta en rijst",
    "price": 3.26,
    "promoPrice": null,
    "pricePerUnit": "13.04 kg",
    "image": "https://www.jumbo.com/dam-images/fit-in/360x360/Products/10052024_1715304979141_1715304989703_363652_ZK_08718781601478_H1N1.png",
    "available": true,
    "promoUntil": null
  },
  {
    "id": "595345DS",
    "title": "Magic Time Flaming Hot Cheddar Popcorn 3 x 80 g",
    "category": "Wereldkeukens, kruiden, pasta en rijst",
    "price": 3.59,
    "promoPrice": null,
    "pricePerUnit": "14.96 kg",
    "image": "https://www.jumbo.com/dam-images/fit-in/360x360/Products/25012024_1706175244535_1706175255440_8712857980733_1.png",
    "available": true,
    "promoUntil": null
  },
  {
    "id": "412024FLS",
    "title": "Maisel's Weisse Dunkel - Fles 500ML",
    "category": "Bier en wijn",
    "price": 1.99,
    "promoPrice": null,
    "pricePerUnit": "3.98 l",
    "image": "https://www.jumbo.com/dam-images/fit-in/360x360/Products/20092025_1758337140334_1758337141068_412024_FLS_00000040173689_A1N1.png",
    "available": true,
    "promoUntil": null
  },
  {
    "id": "179051STK",
    "title": "Natterman Voor alle hoest hoestdrank, 180 ml",
    "category": "Drogisterij en baby",
    "price": 15.19,
    "promoPrice": null,
    "pricePerUnit": "84.39 l",
    "image": "https://www.jumbo.com/dam-images/fit-in/360x360/Products/24092025_1758672107167_1758672111558_8713304947682_1.png",
    "available": true,
    "promoUntil": null
  },
  {
    "id": "443892STK",
    "title": "Mild Kaasplankje (Beginnende kaaseter) - 4/6 personen",
    "category": "Vleeswaren, kaas en tapas",
    "price": 14.99,
    "promoPrice": null,
    "pricePerUnit": "None None",
    "image": "https://www.jumbo.com/dam-images/fit-in/360x360/Products/200355491b6e1d70-c3dc-4f27-8687-da857abd1c23-1729843179708.png",
    "available": true,
    "promoUntil": null
  },
  {
    "id": "592807BLK",
    "title": "Namli Parmak Sosis Mini 400 g",
    "category": "Wereldkeukens, kruiden, pasta en rijst",
    "price": 2.0,
    "promoPrice": null,
    "pricePerUnit": "5.0 kg",
    "image": "https://www.jumbo.com/dam-images/fit-in/360x360/Products/12122024_1734014764118_1734014782235_4260001489730_1.png",
    "available": true,
    "promoUntil": null
  },
  {
    "id": "703828BLK",
    "title": "Uiltje Hats, Hops & Warm Socks Cans SB 44cl",
    "category": "Bier en wijn",
    "price": 4.99,
    "promoPrice": null,
    "pricePerUnit": "11.34 l",
    "image": "https://www.jumbo.com/dam-images/fit-in/360x360/Products/10062025_1749559187408_1749559190475_703828_BLK_08720618914774_A1N1.png",
    "available": true,
    "promoUntil": null
  },
  {
    "id": "621363STK",
    "title": "Nestlé Little Rockets Smoothie Appel Banaan Wortel 4 x 150g",
    "category": "Drogisterij en baby",
    "price": 7.88,
    "promoPrice": null,
    "pricePerUnit": "None None",
    "image": "https://www.jumbo.com/dam-images/fit-in/360x360/Products/621363STK195d54d94-5651-4fa9-a36a-603816b22f15-1711533650317.png",
    "available": true,
    "promoUntil": null
  },
  {
    "id": "488392BUS",
    "title": "Wella New Wave Ultra Strong Rock & Hold Gel Styler 100 ml",
    "category": "Drogisterij en baby",
    "price": 4.6,
    "promoPrice": null,
    "pricePerUnit": "46.0 l",
    "image": "https://www.jumbo.com/dam-images/fit-in/360x360/Products/488392_4056800729746_1_T1_488392BUS1691047384517.png",
    "available": true,
    "promoUntil": null
  },
  {
    "id": "663451BLK",
    "title": "PerfectTed Matcha Energy Peach 250ML",
    "category": "Frisdrank en sappen",
    "price": 1.69,
    "promoPrice": null,
    "pricePerUnit": "6.76 l",
    "image": "https://www.jumbo.com/dam-images/fit-in/360x360/Products/05060941970508A1N118b1c5f9-7bdc-4c42-b9e5-7f4c1a4a53e0-1734608703172.png",
    "available": true,
    "promoUntil": null
  },
  {
    "id": "214446STK",
    "title": "Mora Specials Rijkgevulde Rundvlees Kroketten 4 x 75 g",
    "category": "Diepvries",
    "price": 3.29,
    "promoPrice": null,
    "pricePerUnit": "10.97 kg",
    "image": "https://www.jumbo.com/dam-images/fit-in/360x360/Products/10082023_1691678324658_1691678334684_8710861912306_1.png",
    "available": true,
    "promoUntil": null
  },
  {
    "id": "88946PAK",
    "title": "Nutrilon 4 Dreumesmelk Vanille - Peuter 12+ maanden 800g",
    "category": "Drogisterij en baby",
    "price": 17.81,
    "promoPrice": null,
    "pricePerUnit": "22.26 kg",
    "image": "https://www.jumbo.com/dam-images/fit-in/360x360/Products/28082025_1756398808813_1756398811939_8712400110051_1.png",
    "available": true,
    "promoUntil": null
  },
  {
    "id": "229329STK",
    "title": "Original Wagner Big City with Chicken, Peppers & BBQ Sauce #Sydney 425 g",
    "category": "Diepvries",
    "price": 3.99,
    "promoPrice": null,
    "pricePerUnit": "9.39 kg",
    "image": "https://www.jumbo.com/dam-images/fit-in/360x360/Products/26072024_1721958509821_1721958529554_229329_STK_07613035492677_C1N1_s06.png",
    "available": true,
    "promoUntil": null
  },
  {
    "id": "437152ZK",
    "title": "Verstegen Djintan Gemalen Kleinverpakking 6 g",
    "category": "Wereldkeukens, kruiden, pasta en rijst",
    "price": 0.99,
    "promoPrice": null,
    "pricePerUnit": "165.0 kg",
    "image": "https://www.jumbo.com/dam-images/fit-in/360x360/Products/09082023_1691588550367_1691588556562_8712200090867_1.png",
    "available": true,
    "promoUntil": null
  },
  {
    "id": "320608STK",
    "title": "Ohropax Mini soft oordopjes, 10 stuks",
    "category": "Drogisterij en baby",
    "price": 4.79,
    "promoPrice": null,
    "pricePerUnit": "4.79 pieces",
    "image": "https://www.jumbo.com/dam-images/fit-in/360x360/Products/24092025_1758672135990_1758672146437_4003626067118_1.png",
    "available": true,
    "promoUntil": null
  },
  {
    "id": "143059STK",
    "title": "Verstegen Provençaalse Kruiden 15 g",
    "category": "Wereldkeukens, kruiden, pasta en rijst",
    "price": 3.66,
    "promoPrice": null,
    "pricePerUnit": "244.0 kg",
    "image": "https://www.jumbo.com/dam-images/fit-in/360x360/Products/02122023_1701484375009_1701484381773_143059_STK_08712200597106_C1N1.png",
    "available": true,
    "promoUntil": null
  },
  {
    "id": "616713TUB",
    "title": "Sensodyne Extra Fresh Gel 75 ml Tube",
    "category": "Drogisterij en baby",
    "price": 5.79,
    "promoPrice": null,
    "pricePerUnit": "77.2 l",
    "image": "https://www.jumbo.com/dam-images/fit-in/360x360/Products/28032024_1711632850333_1711632853164_5054563186300_1.png",
    "available": true,
    "promoUntil": null
  },
  {
    "id": "626471DS",
    "title": "Nestlé Junior Cereals Multifruit Crisps 15-36 Maanden 200 g",
    "category": "Drogisterij en baby",
    "price": 2.76,
    "promoPrice": null,
    "pricePerUnit": "13.8 kg",
    "image": "https://www.jumbo.com/dam-images/fit-in/360x360/Products/17042025_1744853027442_1744853083724_626471_DS_08445291220706_C1N1_s01.png",
    "available": true,
    "promoUntil": null
  },
  {
    "id": "579816FLS",
    "title": "Val-Dieu - Blond - Fles - 330ML",
    "category": "Bier en wijn",
    "price": 1.99,
    "promoPrice": null,
    "pricePerUnit": "6.03 l",
    "image": "https://www.jumbo.com/dam-images/fit-in/360x360/Products/20092025_1758335914618_1758335918618_579816_FLS_05413977000013_C1N1.png",
    "available": true,
    "promoUntil": null
  },
  {
    "id": "24368PAK",
    "title": "Vitakraft Cat Stick Classic Kalkoen en Lam 3 Stuks 18 g",
    "category": "Huishouden en dieren",
    "price": 1.66,
    "promoPrice": null,
    "pricePerUnit": "0.55 pieces",
    "image": "https://www.jumbo.com/dam-images/fit-in/360x360/Products/12042025_1744420525080_1744420530210_24368_PAK_.png",
    "available": true,
    "promoUntil": null
  },
  {
    "id": "678186ZK",
    "title": "Pampers Premium Protection Pants Maat 5, 17 Luierbroekjes",
    "category": "Drogisterij en baby",
    "price": 13.99,
    "promoPrice": null,
    "pricePerUnit": "0.82 pieces",
    "image": "https://www.jumbo.com/dam-images/fit-in/360x360/Products/14082025_1755200016576_1755200023174_8700216679466_1.png",
    "available": true,
    "promoUntil": null
  },
  {
    "id": "646794FLS",
    "title": "Karvan Cevitam Multivruchten Zero 900ML",
    "category": "Frisdrank en sappen",
    "price": 5.99,
    "promoPrice": null,
    "pricePerUnit": "6.66 l",
    "image": "https://www.jumbo.com/dam-images/fit-in/360x360/Products/06082025_1754442700230_1754442708196_646794_FLS_08715700126197_H1N1.png",
    "available": true,
    "promoUntil": null
  },
  {
    "id": "472639DS",
    "title": "Keeltabletten, 20 stuks",
    "category": "Drogisterij en baby",
    "price": 7.49,
    "promoPrice": null,
    "pricePerUnit": "0.37 pieces",
    "image": "https://www.jumbo.com/dam-images/fit-in/360x360/Products/24092025_1758672108305_1758672114139_8711596584288_1.png",
    "available": true,
    "promoUntil": null
  },
  {
    "id": "68756STK",
    "title": "Krosso Chips Bananen Chips 200 g",
    "category": "Koek, snoep, chocolade en chips",
    "price": 3.79,
    "promoPrice": null,
    "pricePerUnit": "18.95 kg",
    "image": "https://www.jumbo.com/dam-images/fit-in/360x360/Products/29042025_1745937192221_1745937200804_8717953240712_1.png",
    "available": true,
    "promoUntil": null
  },
  {
    "id": "659707BLK",
    "title": "Kult Sparkling Water Kefir Ginger & Lemon 33 cl",
    "category": "Frisdrank en sappen",
    "price": 2.29,
    "promoPrice": null,
    "pricePerUnit": "6.94 l",
    "image": "https://www.jumbo.com/dam-images/fit-in/360x360/Products/14032025_1741955565759_1741955570889_5419980092281_1.png",
    "available": true,
    "promoUntil": null
  },
  {
    "id": "690069PAK",
    "title": "Milka Biscoff Chocolade Tablet 190g",
    "category": "Koek, snoep, chocolade en chips",
    "price": 3.79,
    "promoPrice": null,
    "pricePerUnit": "19.95 kg",
    "image": "https://www.jumbo.com/dam-images/fit-in/360x360/Products/27062025_1750988782705_1750988806805_690069_PAK_07622202305047_C1N1_s01.png",
    "available": true,
    "promoUntil": null
  },
  {
    "id": "566749BLK",
    "title": "Minerva Makreel Pate 75 g",
    "category": "Vleeswaren, kaas en tapas",
    "price": 2.49,
    "promoPrice": null,
    "pricePerUnit": "33.2 kg",
    "image": "https://www.jumbo.com/dam-images/fit-in/360x360/Products/14022024_1707873977020_1707873987964_5606677001095_1.png",
    "available": true,
    "promoUntil": null
  },
  {
    "id": "623995FLS",
    "title": "Mogu Mogu Lychee Smaak met Nata de Coco 320 ml",
    "category": "Frisdrank en sappen",
    "price": 1.69,
    "promoPrice": null,
    "pricePerUnit": "5.28 l",
    "image": "https://www.jumbo.com/dam-images/fit-in/360x360/Products/11042024_1712861768856_1712861772894_8850389116890_1.png",
    "available": true,
    "promoUntil": null
  },
  {
    "id": "667769BLK",
    "title": "Mojo maté original 250ML",
    "category": "Frisdrank en sappen",
    "price": 1.59,
    "promoPrice": null,
    "pricePerUnit": "6.36 l",
    "image": "",
    "available": true,
    "promoUntil": null
  },
  {
    "id": "172387POT",
    "title": "Olvarit 8+ Maanden Abrikoos Appel Banaan 200g",
    "category": "Drogisterij en baby",
    "price": 1.38,
    "promoPrice": null,
    "pricePerUnit": "6.9 kg",
    "image": "https://www.jumbo.com/dam-images/fit-in/360x360/Products/10112023_1699608791947_1699608804755_8591119003089_1.png",
    "available": true,
    "promoUntil": null
  },
  {
    "id": "718797DS",
    "title": "Mora Classics Kaassoufflé 6 Stuks",
    "category": "Diepvries",
    "price": 3.29,
    "promoPrice": null,
    "pricePerUnit": "9.14 kg",
    "image": "https://www.jumbo.com/dam-images/fit-in/360x360/Products/12092025_1757665223446_1757665228791_718797_DS_08710861894442_C1N1.png",
    "available": true,
    "promoUntil": null
  },
  {
    "id": "578301FLS",
    "title": "Orbea - Vino Frizzante - 750ML",
    "category": "Bier en wijn",
    "price": 4.99,
    "promoPrice": null,
    "pricePerUnit": "6.65 l",
    "image": "https://www.jumbo.com/dam-images/fit-in/360x360/Products/07112023_1699353426234_1699353431144_8718819102151_1.png",
    "available": true,
    "promoUntil": null
  },
  {
    "id": "265734STK",
    "title": "NIVEA MEN DEEP Espresso Anti-Transpirant Deodorant Spray - 150ml",
    "category": "Drogisterij en baby",
    "price": 6.49,
    "promoPrice": null,
    "pricePerUnit": "43.27 l",
    "image": "https://www.jumbo.com/dam-images/fit-in/360x360/Products/07082025_1754529934144_1754529934899_265734_STK_04005900632630_C1N1.png",
    "available": true,
    "promoUntil": null
  },
  {
    "id": "432641STK",
    "title": "Vitakraft Original Beef Stick 4 Stuks",
    "category": "Huishouden en dieren",
    "price": 3.46,
    "promoPrice": null,
    "pricePerUnit": "0.87 pieces",
    "image": "https://www.jumbo.com/dam-images/fit-in/360x360/Products/11072025_1752198391590_1752198396319_432641_STK_.png",
    "available": true,
    "promoUntil": null
  },
  {
    "id": "420771PAK",
    "title": "Kinder Bueno White 4 x 39 g",
    "category": "Koek, snoep, chocolade en chips",
    "price": 3.75,
    "promoPrice": null,
    "pricePerUnit": "24.04 kg",
    "image": "https://www.jumbo.com/dam-images/fit-in/360x360/Products/22082025_1755827324501_1755827329314_420771_PAK_08000500126295_A1N1.png",
    "available": true,
    "promoUntil": null
  },
  {
    "id": "507401FLS",
    "title": "Palmolive Hygiene Plus Sensitive Antibacteriële Navulling Handzeep 300ML",
    "category": "Drogisterij en baby",
    "price": 2.79,
    "promoPrice": null,
    "pricePerUnit": "9.3 l",
    "image": "https://www.jumbo.com/dam-images/fit-in/360x360/Products/507401_8718951488359_1_T1_507401FLS1690978925845.png",
    "available": true,
    "promoUntil": null
  },
  {
    "id": "562373FLS",
    "title": "SPA REINE Natuurlijk Mineraalwater 75cl sportdop",
    "category": "Frisdrank en sappen",
    "price": 1.02,
    "promoPrice": null,
    "pricePerUnit": "1.36 l",
    "image": "https://www.jumbo.com/dam-images/fit-in/360x360/Products/13122024_1734062268649_1734062278502_562373_FLS_05410013126737_H1N1.png",
    "available": true,
    "promoUntil": null
  },
  {
    "id": "130742POT",
    "title": "Secrets of Asia Basic Line Zoetzuur Roerbaksaus 520 g",
    "category": "Wereldkeukens, kruiden, pasta en rijst",
    "price": 1.38,
    "promoPrice": null,
    "pricePerUnit": "2.19 l",
    "image": "https://www.jumbo.com/dam-images/fit-in/360x360/Products/24082024_1724468247835_1724468251931_130742_POT_05410153799686_C1N1.png",
    "available": true,
    "promoUntil": null
  },
  {
    "id": "573086BLK",
    "title": "Sea Water - Still Water Unsalted - Blik - 330 ML",
    "category": "Frisdrank en sappen",
    "price": 0.66,
    "promoPrice": null,
    "pricePerUnit": "2.0 l",
    "image": "https://www.jumbo.com/dam-images/fit-in/360x360/Products/12022025_1739330109831_1739330115975_573086_BLK_08720299860520_C1N1.png",
    "available": true,
    "promoUntil": null
  },
  {
    "id": "627302ZK",
    "title": "Seamore Seaweed Chips Spicy Sushi Flavour 135 g",
    "category": "Koek, snoep, chocolade en chips",
    "price": 3.29,
    "promoPrice": null,
    "pricePerUnit": "24.37 kg",
    "image": "https://www.jumbo.com/dam-images/fit-in/360x360/Products/22052025_1747931606362_1747931611429_8720256188001_1.png",
    "available": true,
    "promoUntil": null
  },
  {
    "id": "711774DS",
    "title": "Sensodyne Gevoeligheid & Tandvlees Extra Fresh 75 ML",
    "category": "Drogisterij en baby",
    "price": 7.29,
    "promoPrice": null,
    "pricePerUnit": "97.2 l",
    "image": "https://www.jumbo.com/dam-images/fit-in/360x360/Products/29072025_1753785869879_1753785871647_711774_DS_05054563235442_C1N1.png",
    "available": true,
    "promoUntil": null
  },
  {
    "id": "683137DS",
    "title": "Sheba Kattenvoer Délices du Jour - Gevogelte Selectie in gelei Natvoer - 6 x 50 g",
    "category": "Huishouden en dieren",
    "price": 3.59,
    "promoPrice": null,
    "pricePerUnit": "11.97 kg",
    "image": "https://www.jumbo.com/dam-images/fit-in/360x360/Products/28042025_1745847228691_1745847243823_4770608267407_596.png",
    "available": true,
    "promoUntil": null
  },
  {
    "id": "664575ZK",
    "title": "Jumbo's Nacho Chips Sour Cream Jalapeño Smaak 150 g",
    "category": "Wereldkeukens, kruiden, pasta en rijst",
    "price": 1.69,
    "promoPrice": null,
    "pricePerUnit": "11.27 kg",
    "image": "https://www.jumbo.com/dam-images/fit-in/360x360/Products/16122024_1734363156301_1734363161880_8718452878246_1.png",
    "available": true,
    "promoUntil": null
  },
  {
    "id": "538644BLK",
    "title": "Malibu - Pear - 250ML",
    "category": "Bier en wijn",
    "price": 2.29,
    "promoPrice": null,
    "pricePerUnit": "9.16 l",
    "image": "https://www.jumbo.com/dam-images/fit-in/360x360/Products/08082024_1723080228071_1723080232362_538644_BLK_05012461002573_C1N1.png",
    "available": true,
    "promoUntil": null
  },
  {
    "id": "699704ZK",
    "title": "Toko Lien Boemboe Rendang 100g",
    "category": "Wereldkeukens, kruiden, pasta en rijst",
    "price": 1.69,
    "promoPrice": null,
    "pricePerUnit": "16.9 kg",
    "image": "https://www.jumbo.com/dam-images/fit-in/360x360/Products/19052025_1747641592134_1747641597135_699704_ZK_08712544500053_A1N1.png",
    "available": true,
    "promoUntil": null
  },
  {
    "id": "686543ZK",
    "title": "Tony's Chocolonely Lil' Bits Melk Karamel Zeezout & Cookie Mix 150 g",
    "category": "Koek, snoep, chocolade en chips",
    "price": 4.25,
    "promoPrice": null,
    "pricePerUnit": "28.33 kg",
    "image": "https://www.jumbo.com/dam-images/fit-in/360x360/Products/04042025_1743751985542_1743751993279_8720701148581_1.png",
    "available": true,
    "promoUntil": null
  },
  {
    "id": "433145FLS",
    "title": "Naeckte Brouwers - Blond Feeks - Fles - 330ML",
    "category": "Bier en wijn",
    "price": 2.89,
    "promoPrice": null,
    "pricePerUnit": "8.76 l",
    "image": "https://www.jumbo.com/dam-images/fit-in/360x360/Products/10082023_1691675100588_1691675141667_8718781907310_1.png",
    "available": true,
    "promoUntil": null
  },
  {
    "id": "88066STK",
    "title": "Roter Vitamine C kauwtabletten, 400 stuks",
    "category": "Drogisterij en baby",
    "price": 12.49,
    "promoPrice": null,
    "pricePerUnit": "0.03 pieces",
    "image": "https://www.jumbo.com/dam-images/fit-in/360x360/Products/10092025_1757468518711_1757468520408_88066_STK_08713304941802_C1N1.png",
    "available": true,
    "promoUntil": null
  },
  {
    "id": "368333FLS",
    "title": "Sanex Zero% Sensitive Gevoelige Huid Deodorant Roller 50 ml",
    "category": "Drogisterij en baby",
    "price": 4.69,
    "promoPrice": null,
    "pricePerUnit": "93.8 l",
    "image": "https://www.jumbo.com/dam-images/fit-in/360x360/Products/26072024_1721959132628_1721959135257_368333_FLS_08718951268432_C1N1.png",
    "available": true,
    "promoUntil": null
  },
  {
    "id": "510735POT",
    "title": "Verstegen World Spice Blend Ras El Hanout 34g",
    "category": "Wereldkeukens, kruiden, pasta en rijst",
    "price": 2.99,
    "promoPrice": null,
    "pricePerUnit": "87.94 kg",
    "image": "https://www.jumbo.com/dam-images/fit-in/360x360/Products/06022024_1707189145117_1707189151917_510735_POT_08712200099105_H1N1.png",
    "available": true,
    "promoUntil": null
  },
  {
    "id": "509538ZK",
    "title": "McVitie's Cracker Crisps Sour Cream & Chive Flavour 110g",
    "category": "Koek, snoep, chocolade en chips",
    "price": 2.27,
    "promoPrice": null,
    "pricePerUnit": "20.64 kg",
    "image": "https://www.jumbo.com/dam-images/fit-in/360x360/Products/12092023_1694483665812_1694483668720_509538_ZK_05000396053388_C1N1.png",
    "available": true,
    "promoUntil": null
  },
  {
    "id": "88206STK",
    "title": "Vsm Spiroflor warm gel 75 g",
    "category": "Drogisterij en baby",
    "price": 13.29,
    "promoPrice": null,
    "pricePerUnit": "177.2 kg",
    "image": "https://www.jumbo.com/dam-images/fit-in/360x360/Products/24092025_1758672090692_1758672093776_8728300905475_1.png",
    "available": true,
    "promoUntil": null
  },
  {
    "id": "142367ZK",
    "title": "Knorr Maaltijdmix Groentensaus 29 g",
    "category": "Wereldkeukens, kruiden, pasta en rijst",
    "price": 1.0,
    "promoPrice": null,
    "pricePerUnit": "34.48 kg",
    "image": "https://www.jumbo.com/dam-images/fit-in/360x360/Products/18092025_1758164257985_1758164301113_142367_ZK_08712100626111_C1N1.png",
    "available": true,
    "promoUntil": null
  },
  {
    "id": "489628FLS",
    "title": "Maekrua Oyster Sauce 300 ml",
    "category": "Wereldkeukens, kruiden, pasta en rijst",
    "price": 2.99,
    "promoPrice": null,
    "pricePerUnit": "9.97 l",
    "image": "https://www.jumbo.com/dam-images/fit-in/360x360/Products/28032025_1743157992139_1743157999585_8850038400073_1.png",
    "available": true,
    "promoUntil": null
  },
  {
    "id": "445859DS",
    "title": "Kinder Surprise 4 x 20 g",
    "category": "Koek, snoep, chocolade en chips",
    "price": 5.45,
    "promoPrice": null,
    "pricePerUnit": "68.13 kg",
    "image": "https://www.jumbo.com/dam-images/fit-in/360x360/Products/16082024_1723797334491_1723797340094_4008400240527_1.png",
    "available": true,
    "promoUntil": null
  },
  {
    "id": "709386ZK",
    "title": "M&M's Pink Mix Chocolade en Pinda in Suikerlaagje 150g",
    "category": "Koek, snoep, chocolade en chips",
    "price": 2.79,
    "promoPrice": null,
    "pricePerUnit": "18.6 kg",
    "image": "https://www.jumbo.com/dam-images/fit-in/360x360/Products/11072025_1752222685942_1752222693942_709386_ZK_05900951355127_C1N1.png",
    "available": true,
    "promoUntil": null
  },
  {
    "id": "553609FLS",
    "title": "Marcel's Green Soap wasverzachter Patchouli & Cranberry - 750ml",
    "category": "Huishouden en dieren",
    "price": 4.49,
    "promoPrice": null,
    "pricePerUnit": "0.15 wb",
    "image": "https://www.jumbo.com/dam-images/fit-in/360x360/Products/05082025_1754356174024_1754356177058_553609_FLS_08720254337487_C1N1.png",
    "available": true,
    "promoUntil": null
  },
  {
    "id": "592843POT",
    "title": "Rolnik Gehaktballen in Tomatensaus 500 g",
    "category": "Wereldkeukens, kruiden, pasta en rijst",
    "price": 2.79,
    "promoPrice": null,
    "pricePerUnit": "5.58 kg",
    "image": "https://www.jumbo.com/dam-images/fit-in/360x360/Products/12122024_1734014743469_1734014759419_5900919052426_1.png",
    "available": true,
    "promoUntil": null
  },
  {
    "id": "648051BLK",
    "title": "Mutti Pizzasaus Aromatizzata 210g",
    "category": "Wereldkeukens, kruiden, pasta en rijst",
    "price": 1.97,
    "promoPrice": null,
    "pricePerUnit": "9.38 kg",
    "image": "https://www.jumbo.com/dam-images/fit-in/360x360/Products/28082024_1724855258185_1724855264464_648051_BLK_08005110551253_C1N1.png",
    "available": true,
    "promoUntil": null
  },
  {
    "id": "626778STK",
    "title": "Organix Knijpfruit Oatmeal 12+m 2 Smaken Pakket 6 stuks",
    "category": "Drogisterij en baby",
    "price": 7.77,
    "promoPrice": null,
    "pricePerUnit": "None None",
    "image": "https://www.jumbo.com/dam-images/fit-in/360x360/Products/626778STK45e9c5688-3e0b-44e3-9507-72b7b8345495-1714549803075.png",
    "available": true,
    "promoUntil": null
  },
  {
    "id": "705642ZK",
    "title": "Pedigree Ranchos Cubes met 100% Natuurlijk Rund 70 g",
    "category": "Huishouden en dieren",
    "price": 2.47,
    "promoPrice": null,
    "pricePerUnit": "35.29 kg",
    "image": "https://www.jumbo.com/dam-images/fit-in/360x360/Products/04072025_1751598448227_1751598453850_705642_ZK_04008429171116_C1N1.png",
    "available": true,
    "promoUntil": null
  },
  {
    "id": "675384STK",
    "title": "Pietenhuis om Zelf te Knutselen",
    "category": "Non-food en servicebalie",
    "price": 2.99,
    "promoPrice": null,
    "pricePerUnit": "2.99 pieces",
    "image": "https://www.jumbo.com/dam-images/fit-in/360x360/Products/01072025_1751383990323_1751384009366_8721225774980_1.png",
    "available": true,
    "promoUntil": null
  },
  {
    "id": "415372ROL",
    "title": "Schär Curvies Paprika Glutenvrij 170 g",
    "category": "Koek, snoep, chocolade en chips",
    "price": 3.26,
    "promoPrice": null,
    "pricePerUnit": "19.18 kg",
    "image": "https://www.jumbo.com/dam-images/fit-in/360x360/Products/26052025_1748244747648_1748244751875_8008698031018_1.png",
    "available": true,
    "promoUntil": null
  },
  {
    "id": "623851FLS",
    "title": "Smint Sours Sugar Free Aardbeiensmaak 70 Stuks",
    "category": "Koek, snoep, chocolade en chips",
    "price": 2.86,
    "promoPrice": null,
    "pricePerUnit": "58.37 kg",
    "image": "https://www.jumbo.com/dam-images/fit-in/360x360/Products/25042025_1745605967255_1745605973512_86945523_1.png",
    "available": true,
    "promoUntil": null
  },
  {
    "id": "382758FLS",
    "title": "Trentham Estate - Shiraz - 375ML",
    "category": "Bier en wijn",
    "price": 4.99,
    "promoPrice": null,
    "pricePerUnit": "13.31 l",
    "image": "https://www.jumbo.com/dam-images/fit-in/360x360/Products/01092023_1693568046698_1693568048786_9316071961326_1.png",
    "available": true,
    "promoUntil": null
  },
  {
    "id": "638242BLK",
    "title": "Oedipus Swingers Lemon Gose Bier Blik 330 ml",
    "category": "Bier en wijn",
    "price": 3.29,
    "promoPrice": null,
    "pricePerUnit": "9.97 l",
    "image": "https://www.jumbo.com/dam-images/fit-in/360x360/Products/08012025_1736350232831_1736350236431_8720618833907_1.png",
    "available": true,
    "promoUntil": null
  },
  {
    "id": "623895ZK",
    "title": "Venco Droptoppers Keelmix 225g",
    "category": "Koek, snoep, chocolade en chips",
    "price": 2.56,
    "promoPrice": null,
    "pricePerUnit": "11.38 kg",
    "image": "https://www.jumbo.com/dam-images/fit-in/360x360/Products/25022025_1740474235767_1740474245440_8713800254840_1.png",
    "available": true,
    "promoUntil": null
  },
  {
    "id": "705065DS",
    "title": "Parodontax Whitening  Tandpasta 75 ML",
    "category": "Drogisterij en baby",
    "price": 5.85,
    "promoPrice": null,
    "pricePerUnit": "78.0 l",
    "image": "https://www.jumbo.com/dam-images/fit-in/360x360/Products/16062025_1750072252694_1750072254704_705065_DS_05054563263278_C1N1.png",
    "available": true,
    "promoUntil": null
  },
  {
    "id": "176444STK",
    "title": "Robijn Geurbuiltjes Intense 3 stuks",
    "category": "Huishouden en dieren",
    "price": 3.99,
    "promoPrice": null,
    "pricePerUnit": "1.33 pieces",
    "image": "https://www.jumbo.com/dam-images/fit-in/360x360/Products/15082025_1755225200926_1755225288941_176444_STK_08710908688034_H1N1.png",
    "available": true,
    "promoUntil": null
  },
  {
    "id": "503478BLS",
    "title": "Sensodyne Sensitivity & Gum zachte tandenborstel",
    "category": "Drogisterij en baby",
    "price": 4.99,
    "promoPrice": null,
    "pricePerUnit": "4.99 pieces",
    "image": "https://www.jumbo.com/dam-images/fit-in/360x360/Products/30032025_1743300681519_1743300683595_503478_BLS_05054563117625_C1N1.png",
    "available": true,
    "promoUntil": null
  },
  {
    "id": "559619ZK",
    "title": "Smyle Toothpaste Tablets Fresh Mint with Fluoride",
    "category": "Drogisterij en baby",
    "price": 5.25,
    "promoPrice": null,
    "pricePerUnit": "0.08 pieces",
    "image": "https://www.jumbo.com/dam-images/fit-in/360x360/Products/13082024_1723552457296_1723552461561_8719326786544_1.png",
    "available": true,
    "promoUntil": null
  },
  {
    "id": "584964FLS",
    "title": "St. Bernardus - Abbey Ale Tripel - Fles - 330ML",
    "category": "Bier en wijn",
    "price": 2.19,
    "promoPrice": null,
    "pricePerUnit": "6.64 l",
    "image": "https://www.jumbo.com/dam-images/fit-in/360x360/Products/18092023_1695034973460_1695034977411_54079038_1.png",
    "available": true,
    "promoUntil": null
  },
  {
    "id": "618590FLS",
    "title": "Marcel's Green Soap Orange Jasmine Afwasmiddel Refill Pack 500 ml",
    "category": "Huishouden en dieren",
    "price": 2.99,
    "promoPrice": null,
    "pricePerUnit": "5.98 l",
    "image": "https://www.jumbo.com/dam-images/fit-in/360x360/Products/13052024_1715607311484_1715607320289_8721008228211_1.png",
    "available": true,
    "promoUntil": null
  },
  {
    "id": "644772CUP",
    "title": "Oppo Brothers Caramelised Biscuit Swirl 279 g",
    "category": "Diepvries",
    "price": 6.69,
    "promoPrice": null,
    "pricePerUnit": "14.08 l",
    "image": "https://www.jumbo.com/dam-images/fit-in/360x360/Products/29042025_1745922746135_1745922754058_5060346412542_1.png",
    "available": true,
    "promoUntil": null
  },
  {
    "id": "563268FLS",
    "title": "Ketjap Manis Clean Label 270ml",
    "category": "Wereldkeukens, kruiden, pasta en rijst",
    "price": 2.17,
    "promoPrice": null,
    "pricePerUnit": "8.04 l",
    "image": "https://www.jumbo.com/dam-images/fit-in/360x360/Products/20122023_1703040707482_1703040710259_563268_FLS_08710605018691_C1N1.png",
    "available": true,
    "promoUntil": null
  },
  {
    "id": "679068STK",
    "title": "Tonijnsalade 150 g",
    "category": "Vleeswaren, kaas en tapas",
    "price": 2.47,
    "promoPrice": null,
    "pricePerUnit": "16.47 kg",
    "image": "https://www.jumbo.com/dam-images/fit-in/360x360/Products/14022025_1739539886139_1739539892920_5414268003720_1.png",
    "available": true,
    "promoUntil": null
  },
  {
    "id": "642066KGR",
    "title": "Jumbo Zwitserse Emmentaler Kaas 45+ ca. 150 g",
    "category": "Vleeswaren, kaas en tapas",
    "price": 3.67,
    "promoPrice": null,
    "pricePerUnit": "27.19 kg",
    "image": "https://www.jumbo.com/dam-images/fit-in/360x360/Products/09092025_1757421321381_1757421332637_2348761000000_1.png",
    "available": true,
    "promoUntil": null
  },
  {
    "id": "559622DS",
    "title": "Lindt Excellence Framboos 100g",
    "category": "Koek, snoep, chocolade en chips",
    "price": 3.95,
    "promoPrice": null,
    "pricePerUnit": "39.5 kg",
    "image": "https://www.jumbo.com/dam-images/fit-in/360x360/Products/22052025_1747878224513_1747878242549_559622_DS_03046920010603_H1N1.png",
    "available": true,
    "promoUntil": null
  },
  {
    "id": "559623DS",
    "title": "Lindt Lindor Milk 100 g",
    "category": "Koek, snoep, chocolade en chips",
    "price": 3.95,
    "promoPrice": null,
    "pricePerUnit": "39.5 kg",
    "image": "https://www.jumbo.com/dam-images/fit-in/360x360/Products/02042025_1743560268900_1743560307852_559623_DS_07610400010030_H1N1.png",
    "available": true,
    "promoUntil": null
  },
  {
    "id": "634059PAK",
    "title": "Lotus Biscoff speculoos chocoladereep melk crunchy 180 g",
    "category": "Koek, snoep, chocolade en chips",
    "price": 4.15,
    "promoPrice": null,
    "pricePerUnit": "23.06 kg",
    "image": "https://www.jumbo.com/dam-images/fit-in/360x360/Products/12122024_1734014804633_1734014810936_5410126003802_1.png",
    "available": true,
    "promoUntil": null
  },
  {
    "id": "484590STK",
    "title": "Lutti Fili-Tubs 200 g",
    "category": "Koek, snoep, chocolade en chips",
    "price": 2.19,
    "promoPrice": null,
    "pricePerUnit": "10.95 kg",
    "image": "https://www.jumbo.com/dam-images/fit-in/360x360/Products/10082023_1691677687766_1691677724611_5410057187022_1.png",
    "available": true,
    "promoUntil": null
  }
]